<!DOCTYPE html>
<meta charset="utf-8" />
<!-- version 1 -->
<title>LC replay: Feuillajaguar vs. Omegaghost</title>
<style>
html,body {font-family:Verdana, sans-serif;font-size:10pt;margin:0;padding:0;}body{padding:12px 0;} .battle-log {font-family:Verdana, sans-serif;font-size:10pt;} .battle-log-inline {border:1px solid #AAAAAA;background:#EEF2F5;color:black;max-width:640px;margin:0 auto 80px;padding-bottom:5px;} .battle-log .inner {padding:4px 8px 0px 8px;} .battle-log .inner-preempt {padding:0 8px 4px 8px;} .battle-log .inner-after {margin-top:0.5em;} .battle-log h2 {margin:0.5em -8px;padding:4px 8px;border:1px solid #AAAAAA;background:#E0E7EA;border-left:0;border-right:0;font-family:Verdana, sans-serif;font-size:13pt;} .battle-log .chat {vertical-align:middle;padding:3px 0 3px 0;font-size:8pt;} .battle-log .chat strong {color:#40576A;} .battle-log .chat em {padding:1px 4px 1px 3px;color:#000000;font-style:normal;} .chat.mine {background:rgba(0,0,0,0.05);margin-left:-8px;margin-right:-8px;padding-left:8px;padding-right:8px;} .spoiler {color:#BBBBBB;background:#BBBBBB;padding:0px 3px;} .spoiler:hover, .spoiler:active, .spoiler-shown {color:#000000;background:#E2E2E2;padding:0px 3px;} .spoiler a {color:#BBBBBB;} .spoiler:hover a, .spoiler:active a, .spoiler-shown a {color:#2288CC;} .chat code, .chat .spoiler:hover code, .chat .spoiler:active code, .chat .spoiler-shown code {border:1px solid #C0C0C0;background:#EEEEEE;color:black;padding:0 2px;} .chat .spoiler code {border:1px solid #CCCCCC;background:#CCCCCC;color:#CCCCCC;} .battle-log .rated {padding:3px 4px;} .battle-log .rated strong {color:white;background:#89A;padding:1px 4px;border-radius:4px;} .spacer {margin-top:0.5em;} .message-announce {background:#6688AA;color:white;padding:1px 4px 2px;} .message-announce a, .broadcast-green a, .broadcast-blue a, .broadcast-red a {color:#DDEEFF;} .broadcast-green {background-color:#559955;color:white;padding:2px 4px;} .broadcast-blue {background-color:#6688AA;color:white;padding:2px 4px;} .infobox {border:1px solid #6688AA;padding:2px 4px;} .infobox-limited {max-height:200px;overflow:auto;overflow-x:hidden;} .broadcast-red {background-color:#AA5544;color:white;padding:2px 4px;} .message-learn-canlearn {font-weight:bold;color:#228822;text-decoration:underline;} .message-learn-cannotlearn {font-weight:bold;color:#CC2222;text-decoration:underline;} .message-effect-weak {font-weight:bold;color:#CC2222;} .message-effect-resist {font-weight:bold;color:#6688AA;} .message-effect-immune {font-weight:bold;color:#666666;} .message-learn-list {margin-top:0;margin-bottom:0;} .message-throttle-notice, .message-error {color:#992222;} .message-overflow, .chat small.message-overflow {font-size:0pt;} .message-overflow::before {font-size:9pt;content:'...';} .subtle {color:#3A4A66;}
</style>
<div class="wrapper replay-wrapper" style="max-width:1180px;margin:0 auto">
<input type="hidden" name="replayid" value="pokestrat-lc-649" />
<div class="battle"></div><div class="battle-log"></div><div class="replay-controls"></div><div class="replay-controls-2"></div>
<h1 style="font-weight:normal;text-align:center"><strong>LC</strong><br /><a href="http://pokemonshowdown.com/users/feuillajaguar" class="subtle" target="_blank">Feuillajaguar</a> vs. <a href="http://pokemonshowdown.com/users/omegaghost" class="subtle" target="_blank">Omegaghost</a></h1>
<script type="text/plain" class="battle-log-data">|j|Feuillajaguar
|j|Omegaghost
|player|p1|Feuillajaguar|221
|player|p2|Omegaghost|274
|gametype|singles
|gen|6
|tier|LC
|seed|64808,60528,15441,848
|clearpoke
|poke|p1|Snivy, L5, F|item
|poke|p1|Archen, L5, M|item
|poke|p1|Chinchou, L5, F|item
|poke|p1|Shieldon, L5, M|item
|poke|p1|Surskit, L5, F|item
|poke|p1|Croagunk, L5, M|item
|poke|p2|Inkay, L5, F|item
|poke|p2|Mienfoo, L5, F|item
|poke|p2|Skrelp, L5, M|item
|poke|p2|Ferroseed, L5, M|item
|poke|p2|Ponyta, L5, F|item
|poke|p2|Archen, L5, M|item
|rule|Sleep Clause Mod: Limit one foe put to sleep
|rule|Species Clause: Limit one of each Pokémon
|rule|OHKO Clause: OHKO moves are banned
|rule|Moody Clause: Moody is banned
|rule|Evasion Moves Clause: Evasion moves are banned
|rule|Endless Battle Clause: Forcing endless battles is banned
|rule|HP Percentage Mod: HP is shown in percentages
|teampreview
|c|★Omegaghost|Bonne chance
|c|★Feuillajaguar|bonne chance
|choice|team 6, team 2, team 3, team 4, team 5, team 1|team 4, team 2, team 3, team 1, team 5, team 6
|
|start
|switch|p1a: Croagunk|Croagunk, L5, M|23\/23
|switch|p2a: Ferroseed|Ferroseed, L5, M|22\/22
|turn|1
|choice|switch 4|switch 2
|
|switch|p1a: Shieldon|Shieldon, L5, M|21\/21
|switch|p2a: Mienfoo|Mienfoo, L5, F|21\/21
|
|turn|2
|choice|switch 3|move knockoff
|
|switch|p1a: Chinchou|Chinchou, L5, F|25\/25
|move|p2a: Mienfoo|Knock Off|p1a: Chinchou
|-damage|p1a: Chinchou|19\/25
|-enditem|p1a: Chinchou|Eviolite|[from] move: Knock Off|[of] p2a: Mienfoo
|
|turn|3
|choice|move scald|move uturn
|
|move|p2a: Mienfoo|U-turn|p1a: Chinchou
|-damage|p1a: Chinchou|12\/25
|choice||switch 2
|
|switch|p2a: Ferroseed|Ferroseed, L5, M|22\/22
|move|p1a: Chinchou|Scald|p2a: Ferroseed
|-resisted|p2a: Ferroseed
|-crit|p2a: Ferroseed
|-damage|p2a: Ferroseed|19\/22
|
|turn|4
|choice|switch 3|move stealthrock
|
|switch|p1a: Shieldon|Shieldon, L5, M|21\/21
|move|p2a: Ferroseed|Stealth Rock|p1a: Shieldon
|-sidestart|p1: Feuillajaguar|move: Stealth Rock
|
|turn|5
|choice|move stealthrock|switch 2
|
|switch|p2a: Mienfoo|Mienfoo, L5, F|21\/21
|move|p1a: Shieldon|Stealth Rock|p2a: Mienfoo
|-sidestart|p2: Omegaghost|move: Stealth Rock
|
|turn|6
|choice|move ironhead|move knockoff
|
|move|p2a: Mienfoo|Knock Off|p1a: Shieldon
|-damage|p1a: Shieldon|15\/21
|-enditem|p1a: Shieldon|Berry Juice|[from] move: Knock Off|[of] p2a: Mienfoo
|move|p1a: Shieldon|Iron Head|p2a: Mienfoo
|-damage|p2a: Mienfoo|15\/21
|
|turn|7
|choice|switch 3|move drainpunch
|
|switch|p1a: Chinchou|Chinchou, L5, F|12\/25
|-damage|p1a: Chinchou|9\/25|[from] Stealth Rock
|move|p2a: Mienfoo|Drain Punch|p1a: Chinchou
|-damage|p1a: Chinchou|0 fnt
|-heal|p2a: Mienfoo|20\/21|[from] drain|[of] p1a: Chinchou
|faint|p1a: Chinchou
|
|choice|switch 4|
|
|switch|p1a: Croagunk|Croagunk, L5, M|23\/23
|-damage|p1a: Croagunk|22\/23|[from] Stealth Rock
|turn|8
|choice|move knockoff|move acrobatics
|
|move|p2a: Mienfoo|Acrobatics|p1a: Croagunk
|-supereffective|p1a: Croagunk
|-damage|p1a: Croagunk|14\/23
|move|p1a: Croagunk|Knock Off|p2a: Mienfoo
|-resisted|p2a: Mienfoo
|-damage|p2a: Mienfoo|18\/21
|-enditem|p2a: Mienfoo|Eviolite|[from] move: Knock Off|[of] p1a: Croagunk
|
|turn|9
|choice|move drainpunch|move knockoff
|
|move|p2a: Mienfoo|Knock Off|p1a: Croagunk
|-resisted|p1a: Croagunk
|-damage|p1a: Croagunk|11\/23
|-enditem|p1a: Croagunk|Eviolite|[from] move: Knock Off|[of] p2a: Mienfoo
|move|p1a: Croagunk|Drain Punch|p2a: Mienfoo
|-crit|p2a: Mienfoo
|-damage|p2a: Mienfoo|5\/21
|-heal|p1a: Croagunk|18\/23|[from] drain|[of] p2a: Mienfoo
|
|turn|10
|choice|move drainpunch|move drainpunch
|
|move|p2a: Mienfoo|Drain Punch|p1a: Croagunk
|-resisted|p1a: Croagunk
|-damage|p1a: Croagunk|12\/23
|-heal|p2a: Mienfoo|8\/21|[from] drain|[of] p1a: Croagunk
|move|p1a: Croagunk|Drain Punch|p2a: Mienfoo
|-damage|p2a: Mienfoo|0 fnt
|-heal|p1a: Croagunk|16\/23|[from] drain|[of] p2a: Mienfoo
|faint|p2a: Mienfoo
|
|choice||switch 4
|
|switch|p2a: Inkay|Inkay, L5, F|22\/22
|-damage|p2a: Inkay|20\/22|[from] Stealth Rock
|turn|11
|choice|switch 3|move psychocut
|
|switch|p1a: Shieldon|Shieldon, L5, M|15\/21
|-damage|p1a: Shieldon|14\/21|[from] Stealth Rock
|move|p2a: Inkay|Psycho Cut|p1a: Shieldon
|-resisted|p1a: Shieldon
|-damage|p1a: Shieldon|11\/21
|
|turn|12
|choice|move ironhead|switch 2
|
|switch|p2a: Ferroseed|Ferroseed, L5, M|19\/22
|-damage|p2a: Ferroseed|18\/22|[from] Stealth Rock
|move|p1a: Shieldon|Iron Head|p2a: Ferroseed
|-resisted|p2a: Ferroseed
|-damage|p2a: Ferroseed|16\/22
|-damage|p1a: Shieldon|9\/21|[from] ability: Iron Barbs|[of] p2a: Ferroseed
|
|turn|13
|choice|move roar|move spikes
|
|move|p2a: Ferroseed|Spikes|p1a: Shieldon
|-sidestart|p1: Feuillajaguar|Spikes
|move|p1a: Shieldon|Roar|p2a: Ferroseed
|drag|p2a: Ponyta|Ponyta, L5, F|22\/22
|-damage|p2a: Ponyta|17\/22|[from] Stealth Rock
|
|turn|14
|choice|move rockblast|move willowisp
|
|move|p2a: Ponyta|Will-O-Wisp|p1a: Shieldon
|-status|p1a: Shieldon|brn
|move|p1a: Shieldon|Rock Blast|p2a: Ponyta
|-supereffective|p2a: Ponyta
|-damage|p2a: Ponyta|14\/22
|-supereffective|p2a: Ponyta
|-damage|p2a: Ponyta|11\/22
|-hitcount|p2a: Ponyta|2
|
|-damage|p1a: Shieldon|7\/21 brn|[from] brn
|turn|15
|choice|move rockblast|move morningsun
|
|move|p2a: Ponyta|Morning Sun|p2a: Ponyta
|-heal|p2a: Ponyta|22\/22
|move|p1a: Shieldon|Rock Blast|p2a: Ponyta
|-supereffective|p2a: Ponyta
|-damage|p2a: Ponyta|19\/22
|-supereffective|p2a: Ponyta
|-damage|p2a: Ponyta|16\/22
|-hitcount|p2a: Ponyta|2
|
|-damage|p1a: Shieldon|5\/21 brn|[from] brn
|turn|16
|choice|move roar|move flareblitz
|
|move|p2a: Ponyta|Flare Blitz|p1a: Shieldon
|-damage|p1a: Shieldon|0 fnt
|-damage|p2a: Ponyta|14\/22|[from] recoil|[of] p1a: Shieldon
|faint|p1a: Shieldon
|
|choice|switch 2|
|
|switch|p1a: Archen|Archen, L5, M|23\/23
|-damage|p1a: Archen|18\/23|[from] Stealth Rock
|turn|17
|choice|move rockslide|switch 5
|
|switch|p2a: Ferroseed|Ferroseed, L5, M|16\/22
|-damage|p2a: Ferroseed|15\/22|[from] Stealth Rock
|move|p1a: Archen|Rock Slide|p2a: Ferroseed
|-resisted|p2a: Ferroseed
|-damage|p2a: Ferroseed|12\/22
|
|turn|18
|choice|move earthquake|move spikes
|
|move|p1a: Archen|Earthquake|p2a: Ferroseed
|-damage|p2a: Ferroseed|6\/22
|move|p2a: Ferroseed|Spikes|p1a: Archen
|-sidestart|p1: Feuillajaguar|Spikes
|
|turn|19
|choice|move earthquake|move spikes
|
|move|p1a: Archen|Earthquake|p2a: Ferroseed
|-damage|p2a: Ferroseed|0 fnt
|faint|p2a: Ferroseed
|
|choice||switch 2
|
|switch|p2a: Inkay|Inkay, L5, F|20\/22
|-damage|p2a: Inkay|18\/22|[from] Stealth Rock
|turn|20
|choice|move acrobatics|move superpower
|
|move|p2a: Inkay|Superpower|p1a: Archen
|-damage|p1a: Archen|6\/23
|-boost|p2a: Inkay|atk|1
|-boost|p2a: Inkay|def|1
|-enditem|p1a: Archen|Berry Juice
|-heal|p1a: Archen|23\/23|[from] item: Berry Juice
|move|p1a: Archen|Acrobatics|p2a: Inkay
|-damage|p2a: Inkay|5\/22
|
|turn|21
|choice|move acrobatics|move superpower
|
|move|p2a: Inkay|Superpower|p1a: Archen
|-damage|p1a: Archen|3\/23
|-boost|p2a: Inkay|atk|1
|-boost|p2a: Inkay|def|1
|move|p1a: Archen|Acrobatics|p2a: Inkay
|-damage|p2a: Inkay|0 fnt
|faint|p2a: Inkay
|
|choice||switch 5
|
|switch|p2a: Ponyta|Ponyta, L5, F|14\/22
|-damage|p2a: Ponyta|9\/22|[from] Stealth Rock
|turn|22
|choice|move earthquake|move willowisp
|
|move|p2a: Ponyta|Will-O-Wisp|p1a: Archen|[miss]
|-miss|p2a: Ponyta|p1a: Archen
|move|p1a: Archen|Earthquake|p2a: Ponyta
|-supereffective|p2a: Ponyta
|-damage|p2a: Ponyta|1\/22
|
|turn|23
|choice|move earthquake|move morningsun
|
|move|p2a: Ponyta|Morning Sun|p2a: Ponyta
|-heal|p2a: Ponyta|12\/22
|move|p1a: Archen|Earthquake|p2a: Ponyta
|-supereffective|p2a: Ponyta
|-damage|p2a: Ponyta|4\/22
|
|turn|24
|choice|move earthquake|move morningsun
|
|move|p2a: Ponyta|Morning Sun|p2a: Ponyta
|-heal|p2a: Ponyta|15\/22
|move|p1a: Archen|Earthquake|p2a: Ponyta
|-supereffective|p2a: Ponyta
|-damage|p2a: Ponyta|7\/22
|
|turn|25
|choice|move knockoff|move morningsun
|
|move|p2a: Ponyta|Morning Sun|p2a: Ponyta
|-heal|p2a: Ponyta|18\/22
|move|p1a: Archen|Knock Off|p2a: Ponyta
|-damage|p2a: Ponyta|14\/22
|-status|p1a: Archen|brn|[from] ability: Flame Body|[of] p2a: Ponyta
|-enditem|p2a: Ponyta|Eviolite|[from] move: Knock Off|[of] p1a: Archen
|
|-damage|p1a: Archen|1\/23 brn|[from] brn
|turn|26
|choice|move earthquake|move flareblitz
|
|move|p2a: Ponyta|Flare Blitz|p1a: Archen
|-resisted|p1a: Archen
|-damage|p1a: Archen|0 fnt
|-damage|p2a: Ponyta|13\/22|[from] recoil|[of] p1a: Archen
|faint|p1a: Archen
|
|choice|switch 5|
|
|switch|p1a: Surskit|Surskit, L5, F|21\/21
|-damage|p1a: Surskit|16\/21|[from] Stealth Rock
|-damage|p1a: Surskit|13\/21|[from] Spikes
|turn|27
|choice|move scald|switch 3
|
|switch|p2a: Skrelp|Skrelp, L5, M|22\/22
|-damage|p2a: Skrelp|20\/22|[from] Stealth Rock
|move|p1a: Surskit|Scald|p2a: Skrelp
|-resisted|p2a: Skrelp
|-damage|p2a: Skrelp|16\/22
|
|turn|28
|choice|move stickyweb|move sludgewave
|
|move|p1a: Surskit|Sticky Web|p2a: Skrelp
|-sidestart|p2: Omegaghost|move: Sticky Web
|move|p2a: Skrelp|Sludge Wave|p1a: Surskit
|-damage|p1a: Surskit|0 fnt
|faint|p1a: Surskit
|
|choice|switch 3|
|
|switch|p1a: Croagunk|Croagunk, L5, M|16\/23
|-damage|p1a: Croagunk|15\/23|[from] Stealth Rock
|-damage|p1a: Croagunk|12\/23|[from] Spikes
|turn|29
|choice|move knockoff|move sludgewave
|
|move|p2a: Skrelp|Sludge Wave|p1a: Croagunk
|-resisted|p1a: Croagunk
|-damage|p1a: Croagunk|1\/23
|move|p1a: Croagunk|Knock Off|p2a: Skrelp
|-damage|p2a: Skrelp|11\/22
|-enditem|p2a: Skrelp|Eviolite|[from] move: Knock Off|[of] p1a: Croagunk
|
|turn|30
|c|★Omegaghost|j'avais peur de l'hydratation x)
|c|★Omegaghost|enfin non de la peau sèche x)
|j|Pyroni
|c|★Feuillajaguar|oui
|c|★Omegaghost|enfin tu m'as compris x)
|choice|move vacuumwave|move sludgewave
|
|move|p1a: Croagunk|Vacuum Wave|p2a: Skrelp
|-resisted|p2a: Skrelp
|-damage|p2a: Skrelp|8\/22
|move|p2a: Skrelp|Sludge Wave|p1a: Croagunk
|-resisted|p1a: Croagunk
|-damage|p1a: Croagunk|0 fnt
|faint|p1a: Croagunk
|
|c|★Feuillajaguar|oui t'inquiète ;)
|choice|switch 6|
|
|switch|p1a: Snivy|Snivy, L5, F|21\/21
|-damage|p1a: Snivy|19\/21|[from] Stealth Rock
|-damage|p1a: Snivy|16\/21|[from] Spikes
|turn|31
|choice|move hiddenpower|move sludgewave
|
|move|p1a: Snivy|Hidden Power|p2a: Skrelp
|-supereffective|p2a: Skrelp
|-damage|p2a: Skrelp|0 fnt
|faint|p2a: Skrelp
|
|choice||switch 6
|
|switch|p2a: Archen|Archen, L5, M|23\/23
|-damage|p2a: Archen|18\/23|[from] Stealth Rock
|turn|32
|c|+Pyroni|ce no leaf storm
|c|★Feuillajaguar|de toute façon je ne passe pas Ponyta
|choice|move leafstorm|move acrobatics
|
|move|p1a: Snivy|Leaf Storm|p2a: Archen
|-damage|p2a: Archen|0 fnt
|-boost|p1a: Snivy|spa|2
|faint|p2a: Archen
|
|choice||switch 3
|
|switch|p2a: Ponyta|Ponyta, L5, F|13\/22
|-activate|p2a: Ponyta|move: Sticky Web
|-unboost|p2a: Ponyta|spe|1
|-damage|p2a: Ponyta|8\/22|[from] Stealth Rock
|turn|33
|c|+Pyroni|à +4 si
|choice|move hiddenpower|move flareblitz
|
|move|p1a: Snivy|Hidden Power|p2a: Ponyta
|-supereffective|p2a: Ponyta
|-crit|p2a: Ponyta
|-damage|p2a: Ponyta|0 fnt
|faint|p2a: Ponyta
|
|win|Feuillajaguar
|player|p1
|player|p2
|c|★Feuillajaguar|ah
|c|+Pyroni|ah.
|c|★Feuillajaguar|gg
|c|★Omegaghost|gg</script>
</div>
<div class="battle-log battle-log-inline"><div class="inner"><div class="battle-options"></div><div class="inner"><div class="chat"><small>Feuillajaguar joined.</small></div><div class="chat"><small>Omegaghost joined.</small></div><div class=""><small>Format:</small> <br><strong>LC</strong></div><div class=""><small><em>Sleep Clause Mod:</em> Limit one foe put to sleep</small></div><div class=""><small><em>Species Clause:</em> Limit one of each Pokémon</small></div><div class=""><small><em>OHKO Clause:</em> OHKO moves are banned</small></div><div class=""><small><em>Moody Clause:</em> Moody is banned</small></div><div class=""><small><em>Evasion Moves Clause:</em> Evasion moves are banned</small></div><div class=""><small><em>Endless Battle Clause:</em> Forcing endless battles is banned</small></div><div class=""><small><em>HP Percentage Mod:</em> HP is shown in percentages</small></div><div class="chat battle-history"><strong>Feuillajaguar's team:</strong> <em style="color:#445566;display:block;">Snivy / Archen / Chinchou / Shieldon / Surskit / Croagunk</em></div><div class="chat battle-history"><strong>Omegaghost's team:</strong> <em style="color:#445566;display:block;">Inkay / Mienfoo / Skrelp / Ferroseed / Ponyta / Archen</em></div><div class="chat chatmessage-omegaghost"><strong style="color:hsl(73,89%,27.29764128502124%)"><small>★</small><span class="username" data-name="Omegaghost">Omegaghost</span>:</strong> <em>Bonne chance</em></div><div class="chat chatmessage-feuillajaguar"><strong style="color:hsl(17,77%,48%)"><small>★</small><span class="username" data-name="Feuillajaguar">Feuillajaguar</span>:</strong> <em>bonne chance</em></div><div class="spacer battle-history"><br></div><div class="battle-history">Battle started between Feuillajaguar and Omegaghost!<br></div><div class="spacer battle-history"><br></div><div class="battle-history">Go! <strong>Croagunk</strong>!<br></div><div class="spacer battle-history"><br></div><div class="battle-history">Omegaghost sent out <strong>Ferroseed</strong>!<br></div><div class="spacer battle-history"><br></div><h2 class="battle-history">Turn 1</h2><div class="spacer battle-history"><br></div><div class="battle-history">Croagunk, come back!<br></div><div class="battle-history">Go! <strong>Shieldon</strong>!<br></div><div class="spacer battle-history"><br></div><div class="battle-history">Omegaghost withdrew Ferroseed!<br></div><div class="battle-history">Omegaghost sent out <strong>Mienfoo</strong>!<br></div><div class="spacer battle-history"><br></div><h2 class="battle-history">Turn 2</h2><div class="spacer battle-history"><br></div><div class="battle-history">Shieldon, come back!<br></div><div class="battle-history">Go! <strong>Chinchou</strong>!<br></div><div class="spacer battle-history"><br></div><div class="battle-history">The opposing Mienfoo used <strong>Knock Off</strong>!<br></div><div class="battle-history"><small>(Chinchou lost <abbr title="−6/25">24%</abbr> of its health!)</small><br></div><div class="battle-history"><small>The opposing Mienfoo knocked off Chinchou's Eviolite!</small><br></div><div class="spacer battle-history"><br></div><h2 class="battle-history">Turn 3</h2><div class="spacer battle-history"><br></div><div class="battle-history">The opposing Mienfoo used <strong>U-turn</strong>!<br></div><div class="battle-history"><small>(Chinchou lost <abbr title="−7/25">28.0%</abbr> of its health!)</small><br></div><div class="spacer battle-history"><br></div><div class="battle-history">The opposing Mienfoo went back to Omegaghost!<br></div><div class="battle-history">Omegaghost sent out <strong>Ferroseed</strong>!<br></div><div class="spacer battle-history"><br></div><div class="battle-history">Chinchou used <strong>Scald</strong>!<br></div><div class="battle-history"><small>It's not very effective...</small><br></div><div class="battle-history"><small>A critical hit!</small><br></div><div class="battle-history"><small>(The opposing Ferroseed lost <abbr title="−3/22">13.6%</abbr> of its health!)</small><br></div><div class="spacer battle-history"><br></div><h2 class="battle-history">Turn 4</h2><div class="spacer battle-history"><br></div><div class="battle-history">Chinchou, come back!<br></div><div class="battle-history">Go! <strong>Shieldon</strong>!<br></div><div class="spacer battle-history"><br></div><div class="battle-history">The opposing Ferroseed used <strong>Stealth Rock</strong>!<br></div><div class="battle-history"><small>Pointed stones float in the air around your team!</small><br></div><div class="spacer battle-history"><br></div><h2 class="battle-history">Turn 5</h2><div class="spacer battle-history"><br></div><div class="battle-history">Omegaghost withdrew Ferroseed!<br></div><div class="battle-history">Omegaghost sent out <strong>Mienfoo</strong>!<br></div><div class="spacer battle-history"><br></div><div class="battle-history">Shieldon used <strong>Stealth Rock</strong>!<br></div><div class="battle-history"><small>Pointed stones float in the air around the opposing team!</small><br></div><div class="spacer battle-history"><br></div><h2 class="battle-history">Turn 6</h2><div class="spacer battle-history"><br></div><div class="battle-history">The opposing Mienfoo used <strong>Knock Off</strong>!<br></div><div class="battle-history"><small>(Shieldon lost <abbr title="−6/21">28.6%</abbr> of its health!)</small><br></div><div class="battle-history"><small>The opposing Mienfoo knocked off Shieldon's Berry Juice!</small><br></div><div class="spacer battle-history"><br></div><div class="battle-history">Shieldon used <strong>Iron Head</strong>!<br></div><div class="battle-history"><small>(The opposing Mienfoo lost <abbr title="−6/21">28.6%</abbr> of its health!)</small><br></div><div class="spacer battle-history"><br></div><h2 class="battle-history">Turn 7</h2><div class="spacer battle-history"><br></div><div class="battle-history">Shieldon, come back!<br></div><div class="battle-history">Go! <strong>Chinchou</strong>!<br></div><div class="battle-history"><small>Pointed stones dug into Chinchou!</small><br></div><div class="spacer battle-history"><br></div><div class="battle-history">The opposing Mienfoo used <strong>Drain Punch</strong>!<br></div><div class="battle-history"><small>(Chinchou lost <abbr title="−9/25">36%</abbr> of its health!)</small><br></div><div class="battle-history"><small>Chinchou had its energy drained!</small><br></div><div class="spacer battle-history"><br></div><div class="battle-history">Chinchou fainted!<br></div><div class="spacer battle-history"><br></div><div class="battle-history">Go! <strong>Croagunk</strong>!<br></div><div class="battle-history"><small>Pointed stones dug into Croagunk!</small><br></div><div class="spacer battle-history"><br></div><h2 class="battle-history">Turn 8</h2><div class="spacer battle-history"><br></div><div class="battle-history">The opposing Mienfoo used <strong>Acrobatics</strong>!<br></div><div class="battle-history"><small>It's super effective!</small><br></div><div class="battle-history"><small>(Croagunk lost <abbr title="−8/23">34.8%</abbr> of its health!)</small><br></div><div class="spacer battle-history"><br></div><div class="battle-history">Croagunk used <strong>Knock Off</strong>!<br></div><div class="battle-history"><small>It's not very effective...</small><br></div><div class="battle-history"><small>(The opposing Mienfoo lost <abbr title="−2/21">9.5%</abbr> of its health!)</small><br></div><div class="battle-history"><small>Croagunk knocked off the opposing Mienfoo's Eviolite!</small><br></div><div class="spacer battle-history"><br></div><h2 class="battle-history">Turn 9</h2><div class="spacer battle-history"><br></div><div class="battle-history">The opposing Mienfoo used <strong>Knock Off</strong>!<br></div><div class="battle-history"><small>It's not very effective...</small><br></div><div class="battle-history"><small>(Croagunk lost <abbr title="−3/23">13.0%</abbr> of its health!)</small><br></div><div class="battle-history"><small>The opposing Mienfoo knocked off Croagunk's Eviolite!</small><br></div><div class="spacer battle-history"><br></div><div class="battle-history">Croagunk used <strong>Drain Punch</strong>!<br></div><div class="battle-history"><small>A critical hit!</small><br></div><div class="battle-history"><small>(The opposing Mienfoo lost <abbr title="−13/21">61.9%</abbr> of its health!)</small><br></div><div class="battle-history"><small>The opposing Mienfoo had its energy drained!</small><br></div><div class="spacer battle-history"><br></div><h2 class="battle-history">Turn 10</h2><div class="spacer battle-history"><br></div><div class="battle-history">The opposing Mienfoo used <strong>Drain Punch</strong>!<br></div><div class="battle-history"><small>It's not very effective...</small><br></div><div class="battle-history"><small>(Croagunk lost <abbr title="−6/23">26.1%</abbr> of its health!)</small><br></div><div class="battle-history"><small>Croagunk had its energy drained!</small><br></div><div class="spacer battle-history"><br></div><div class="battle-history">Croagunk used <strong>Drain Punch</strong>!<br></div><div class="battle-history"><small>(The opposing Mienfoo lost <abbr title="−8/21">38.1%</abbr> of its health!)</small><br></div><div class="battle-history"><small>The opposing Mienfoo had its energy drained!</small><br></div><div class="spacer battle-history"><br></div><div class="battle-history">The opposing Mienfoo fainted!<br></div><div class="spacer battle-history"><br></div><div class="battle-history">Omegaghost sent out <strong>Inkay</strong>!<br></div><div class="battle-history"><small>Pointed stones dug into the opposing Inkay!</small><br></div><div class="spacer battle-history"><br></div><h2 class="battle-history">Turn 11</h2><div class="spacer battle-history"><br></div><div class="battle-history">Croagunk, come back!<br></div><div class="battle-history">Go! <strong>Shieldon</strong>!<br></div><div class="battle-history"><small>Pointed stones dug into Shieldon!</small><br></div><div class="spacer battle-history"><br></div><div class="battle-history">The opposing Inkay used <strong>Psycho Cut</strong>!<br></div><div class="battle-history"><small>It's not very effective...</small><br></div><div class="battle-history"><small>(Shieldon lost <abbr title="−3/21">14.3%</abbr> of its health!)</small><br></div><div class="spacer battle-history"><br></div><h2 class="battle-history">Turn 12</h2><div class="spacer battle-history"><br></div><div class="battle-history">Omegaghost withdrew Inkay!<br></div><div class="battle-history">Omegaghost sent out <strong>Ferroseed</strong>!<br></div><div class="battle-history"><small>Pointed stones dug into the opposing Ferroseed!</small><br></div><div class="spacer battle-history"><br></div><div class="battle-history">Shieldon used <strong>Iron Head</strong>!<br></div><div class="battle-history"><small>It's not very effective...</small><br></div><div class="battle-history"><small>(The opposing Ferroseed lost <abbr title="−2/22">9.1%</abbr> of its health!)</small><br></div><div class="battle-history"><small>[The opposing Ferroseed's Iron Barbs]</small><br><small>Shieldon was hurt!</small><br></div><div class="spacer battle-history"><br></div><h2 class="battle-history">Turn 13</h2><div class="spacer battle-history"><br></div><div class="battle-history">The opposing Ferroseed used <strong>Spikes</strong>!<br></div><div class="battle-history"><small>Spikes were scattered on the ground all around your team!</small><br></div><div class="spacer battle-history"><br></div><div class="battle-history">Shieldon used <strong>Roar</strong>!<br></div><div class="spacer battle-history"><br></div><div class="battle-history"><strong>Ponyta</strong> was dragged out!<br></div><div class="battle-history"><small>Pointed stones dug into the opposing Ponyta!</small><br></div><div class="spacer battle-history"><br></div><h2 class="battle-history">Turn 14</h2><div class="spacer battle-history"><br></div><div class="battle-history">The opposing Ponyta used <strong>Will-O-Wisp</strong>!<br></div><div class="battle-history"><small>Shieldon was burned!</small><br></div><div class="spacer battle-history"><br></div><div class="battle-history">Shieldon used <strong>Rock Blast</strong>!<br></div><div class="battle-history"><small>It's super effective!</small><br></div><div class="battle-history"><small>(The opposing Ponyta lost <abbr title="−3/22">13.6%</abbr> of its health!)</small><br></div><div class="battle-history"><small>It's super effective!</small><br></div><div class="battle-history"><small>(The opposing Ponyta lost <abbr title="−3/22">13.6%</abbr> of its health!)</small><br></div><div class="battle-history"><small>Hit 2 times!</small><br></div><div class="spacer battle-history"><br></div><div class="battle-history"><small>Shieldon was hurt by its burn!</small><br></div><div class="spacer battle-history"><br></div><h2 class="battle-history">Turn 15</h2><div class="spacer battle-history"><br></div><div class="battle-history">The opposing Ponyta used <strong>Morning Sun</strong>!<br></div><div class="battle-history"><small>The opposing Ponyta restored its HP.</small><br></div><div class="spacer battle-history"><br></div><div class="battle-history">Shieldon used <strong>Rock Blast</strong>!<br></div><div class="battle-history"><small>It's super effective!</small><br></div><div class="battle-history"><small>(The opposing Ponyta lost <abbr title="−3/22">13.6%</abbr> of its health!)</small><br></div><div class="battle-history"><small>It's super effective!</small><br></div><div class="battle-history"><small>(The opposing Ponyta lost <abbr title="−3/22">13.6%</abbr> of its health!)</small><br></div><div class="battle-history"><small>Hit 2 times!</small><br></div><div class="spacer battle-history"><br></div><div class="battle-history"><small>Shieldon was hurt by its burn!</small><br></div><div class="spacer battle-history"><br></div><h2 class="battle-history">Turn 16</h2><div class="spacer battle-history"><br></div><div class="battle-history">The opposing Ponyta used <strong>Flare Blitz</strong>!<br></div><div class="battle-history"><small>(Shieldon lost <abbr title="−5/21">23.8%</abbr> of its health!)</small><br></div><div class="battle-history"><small>The opposing Ponyta is damaged by the recoil!</small><br></div><div class="spacer battle-history"><br></div><div class="battle-history">Shieldon fainted!<br></div><div class="spacer battle-history"><br></div><div class="battle-history">Go! <strong>Archen</strong>!<br></div><div class="battle-history"><small>Pointed stones dug into Archen!</small><br></div><div class="spacer battle-history"><br></div><h2 class="battle-history">Turn 17</h2><div class="spacer battle-history"><br></div><div class="battle-history">Omegaghost withdrew Ponyta!<br></div><div class="battle-history">Omegaghost sent out <strong>Ferroseed</strong>!<br></div><div class="battle-history"><small>Pointed stones dug into the opposing Ferroseed!</small><br></div><div class="spacer battle-history"><br></div><div class="battle-history">Archen used <strong>Rock Slide</strong>!<br></div><div class="battle-history"><small>It's not very effective...</small><br></div><div class="battle-history"><small>(The opposing Ferroseed lost <abbr title="−3/22">13.6%</abbr> of its health!)</small><br></div><div class="spacer battle-history"><br></div><h2 class="battle-history">Turn 18</h2><div class="spacer battle-history"><br></div><div class="battle-history">Archen used <strong>Earthquake</strong>!<br></div><div class="battle-history"><small>(The opposing Ferroseed lost <abbr title="−6/22">27.3%</abbr> of its health!)</small><br></div><div class="spacer battle-history"><br></div><div class="battle-history">The opposing Ferroseed used <strong>Spikes</strong>!<br></div><div class="battle-history"><small>Spikes were scattered on the ground all around your team!</small><br></div><div class="spacer battle-history"><br></div><h2 class="battle-history">Turn 19</h2><div class="spacer battle-history"><br></div><div class="battle-history">Archen used <strong>Earthquake</strong>!<br></div><div class="battle-history"><small>(The opposing Ferroseed lost <abbr title="−6/22">27.3%</abbr> of its health!)</small><br></div><div class="spacer battle-history"><br></div><div class="battle-history">The opposing Ferroseed fainted!<br></div><div class="spacer battle-history"><br></div><div class="battle-history">Omegaghost sent out <strong>Inkay</strong>!<br></div><div class="battle-history"><small>Pointed stones dug into the opposing Inkay!</small><br></div><div class="spacer battle-history"><br></div><h2 class="battle-history">Turn 20</h2><div class="spacer battle-history"><br></div><div class="battle-history">The opposing Inkay used <strong>Superpower</strong>!<br></div><div class="battle-history"><small>(Archen lost <abbr title="−12/23">52.2%</abbr> of its health!)</small><br></div><div class="battle-history"><small>The opposing Inkay's Attack rose!</small><br></div><div class="battle-history"><small>The opposing Inkay's Defense rose!</small><br></div><div class="battle-history"><small>(Archen used its Berry Juice!)</small><br></div><div class="battle-history"><small>Archen restored HP using its Berry Juice!</small><br></div><div class="spacer battle-history"><br></div><div class="battle-history">Archen used <strong>Acrobatics</strong>!<br></div><div class="battle-history"><small>(The opposing Inkay lost <abbr title="−13/22">59.1%</abbr> of its health!)</small><br></div><div class="spacer battle-history"><br></div><h2 class="battle-history">Turn 21</h2><div class="spacer battle-history"><br></div><div class="battle-history">The opposing Inkay used <strong>Superpower</strong>!<br></div><div class="battle-history"><small>(Archen lost <abbr title="−20/23">87.0%</abbr> of its health!)</small><br></div><div class="battle-history"><small>The opposing Inkay's Attack rose!</small><br></div><div class="battle-history"><small>The opposing Inkay's Defense rose!</small><br></div><div class="spacer battle-history"><br></div><div class="battle-history">Archen used <strong>Acrobatics</strong>!<br></div><div class="battle-history"><small>(The opposing Inkay lost <abbr title="−5/22">22.7%</abbr> of its health!)</small><br></div><div class="spacer battle-history"><br></div><div class="battle-history">The opposing Inkay fainted!<br></div><div class="spacer battle-history"><br></div><div class="battle-history">Omegaghost sent out <strong>Ponyta</strong>!<br></div><div class="battle-history"><small>Pointed stones dug into the opposing Ponyta!</small><br></div><div class="spacer battle-history"><br></div><h2 class="battle-history">Turn 22</h2><div class="spacer battle-history"><br></div><div class="battle-history">The opposing Ponyta used <strong>Will-O-Wisp</strong>!<br></div><div class="battle-history"><small>Archen avoided the attack!</small><br></div><div class="spacer battle-history"><br></div><div class="battle-history">Archen used <strong>Earthquake</strong>!<br></div><div class="battle-history"><small>It's super effective!</small><br></div><div class="battle-history"><small>(The opposing Ponyta lost <abbr title="−8/22">36.4%</abbr> of its health!)</small><br></div><div class="spacer battle-history"><br></div><h2 class="battle-history">Turn 23</h2><div class="spacer battle-history"><br></div><div class="battle-history">The opposing Ponyta used <strong>Morning Sun</strong>!<br></div><div class="battle-history"><small>The opposing Ponyta restored its HP.</small><br></div><div class="spacer battle-history"><br></div><div class="battle-history">Archen used <strong>Earthquake</strong>!<br></div><div class="battle-history"><small>It's super effective!</small><br></div><div class="battle-history"><small>(The opposing Ponyta lost <abbr title="−8/22">36.4%</abbr> of its health!)</small><br></div><div class="spacer battle-history"><br></div><h2 class="battle-history">Turn 24</h2><div class="spacer battle-history"><br></div><div class="battle-history">The opposing Ponyta used <strong>Morning Sun</strong>!<br></div><div class="battle-history"><small>The opposing Ponyta restored its HP.</small><br></div><div class="spacer battle-history"><br></div><div class="battle-history">Archen used <strong>Earthquake</strong>!<br></div><div class="battle-history"><small>It's super effective!</small><br></div><div class="battle-history"><small>(The opposing Ponyta lost <abbr title="−8/22">36.4%</abbr> of its health!)</small><br></div><div class="spacer battle-history"><br></div><h2 class="battle-history">Turn 25</h2><div class="spacer battle-history"><br></div><div class="battle-history">The opposing Ponyta used <strong>Morning Sun</strong>!<br></div><div class="battle-history"><small>The opposing Ponyta restored its HP.</small><br></div><div class="spacer battle-history"><br></div><div class="battle-history">Archen used <strong>Knock Off</strong>!<br></div><div class="battle-history"><small>(The opposing Ponyta lost <abbr title="−4/22">18.2%</abbr> of its health!)</small><br></div><div class="battle-history"><small>[The opposing Ponyta's Flame Body]</small><br><small>Archen was burned!</small><br></div><div class="battle-history"><small>Archen knocked off the opposing Ponyta's Eviolite!</small><br></div><div class="spacer battle-history"><br></div><div class="battle-history"><small>Archen was hurt by its burn!</small><br></div><div class="spacer battle-history"><br></div><h2 class="battle-history">Turn 26</h2><div class="spacer battle-history"><br></div><div class="battle-history">The opposing Ponyta used <strong>Flare Blitz</strong>!<br></div><div class="battle-history"><small>It's not very effective...</small><br></div><div class="battle-history"><small>(Archen lost <abbr title="−1/23">4.3%</abbr> of its health!)</small><br></div><div class="battle-history"><small>The opposing Ponyta is damaged by the recoil!</small><br></div><div class="spacer battle-history"><br></div><div class="battle-history">Archen fainted!<br></div><div class="spacer battle-history"><br></div><div class="battle-history">Go! <strong>Surskit</strong>!<br></div><div class="battle-history"><small>Pointed stones dug into Surskit!</small><br></div><div class="battle-history"><small>Surskit is hurt by the spikes!</small><br></div><div class="spacer battle-history"><br></div><h2 class="battle-history">Turn 27</h2><div class="spacer battle-history"><br></div><div class="battle-history">Omegaghost withdrew Ponyta!<br></div><div class="battle-history">Omegaghost sent out <strong>Skrelp</strong>!<br></div><div class="battle-history"><small>Pointed stones dug into the opposing Skrelp!</small><br></div><div class="spacer battle-history"><br></div><div class="battle-history">Surskit used <strong>Scald</strong>!<br></div><div class="battle-history"><small>It's not very effective...</small><br></div><div class="battle-history"><small>(The opposing Skrelp lost <abbr title="−4/22">18.2%</abbr> of its health!)</small><br></div><div class="spacer battle-history"><br></div><h2 class="battle-history">Turn 28</h2><div class="spacer battle-history"><br></div><div class="battle-history">Surskit used <strong>Sticky Web</strong>!<br></div><div class="battle-history"><small>A sticky web spreads out on the ground around the opposing team!</small><br></div><div class="spacer battle-history"><br></div><div class="battle-history">The opposing Skrelp used <strong>Sludge Wave</strong>!<br></div><div class="battle-history"><small>(Surskit lost <abbr title="−13/21">61.9%</abbr> of its health!)</small><br></div><div class="spacer battle-history"><br></div><div class="battle-history">Surskit fainted!<br></div><div class="spacer battle-history"><br></div><div class="battle-history">Go! <strong>Croagunk</strong>!<br></div><div class="battle-history"><small>Pointed stones dug into Croagunk!</small><br></div><div class="battle-history"><small>Croagunk is hurt by the spikes!</small><br></div><div class="spacer battle-history"><br></div><h2 class="battle-history">Turn 29</h2><div class="spacer battle-history"><br></div><div class="battle-history">The opposing Skrelp used <strong>Sludge Wave</strong>!<br></div><div class="battle-history"><small>It's not very effective...</small><br></div><div class="battle-history"><small>(Croagunk lost <abbr title="−11/23">47.8%</abbr> of its health!)</small><br></div><div class="spacer battle-history"><br></div><div class="battle-history">Croagunk used <strong>Knock Off</strong>!<br></div><div class="battle-history"><small>(The opposing Skrelp lost <abbr title="−5/22">22.7%</abbr> of its health!)</small><br></div><div class="battle-history"><small>Croagunk knocked off the opposing Skrelp's Eviolite!</small><br></div><div class="spacer battle-history"><br></div><h2 class="battle-history">Turn 30</h2><div class="chat chatmessage-omegaghost"><strong style="color:hsl(73,89%,27.29764128502124%)"><small>★</small><span class="username" data-name="Omegaghost">Omegaghost</span>:</strong> <em>j'avais peur de l'hydratation x)</em></div><div class="chat chatmessage-omegaghost"><strong style="color:hsl(73,89%,27.29764128502124%)"><small>★</small><span class="username" data-name="Omegaghost">Omegaghost</span>:</strong> <em>enfin non de la peau sèche x)</em></div><div class="chat"><small>Pyroni joined.</small></div><div class="chat chatmessage-feuillajaguar"><strong style="color:hsl(17,77%,48%)"><small>★</small><span class="username" data-name="Feuillajaguar">Feuillajaguar</span>:</strong> <em>oui</em></div><div class="chat chatmessage-omegaghost"><strong style="color:hsl(73,89%,27.29764128502124%)"><small>★</small><span class="username" data-name="Omegaghost">Omegaghost</span>:</strong> <em>enfin tu m'as compris x)</em></div><div class="spacer battle-history"><br></div><div class="battle-history">Croagunk used <strong>Vacuum Wave</strong>!<br></div><div class="battle-history"><small>It's not very effective...</small><br></div><div class="battle-history"><small>(The opposing Skrelp lost <abbr title="−3/22">13.6%</abbr> of its health!)</small><br></div><div class="spacer battle-history"><br></div><div class="battle-history">The opposing Skrelp used <strong>Sludge Wave</strong>!<br></div><div class="battle-history"><small>It's not very effective...</small><br></div><div class="battle-history"><small>(Croagunk lost <abbr title="−1/23">4.3%</abbr> of its health!)</small><br></div><div class="spacer battle-history"><br></div><div class="battle-history">Croagunk fainted!<br></div><div class="chat chatmessage-feuillajaguar"><strong style="color:hsl(17,77%,48%)"><small>★</small><span class="username" data-name="Feuillajaguar">Feuillajaguar</span>:</strong> <em>oui t'inquiète ;)</em></div><div class="spacer battle-history"><br></div><div class="battle-history">Go! <strong>Snivy</strong>!<br></div><div class="battle-history"><small>Pointed stones dug into Snivy!</small><br></div><div class="battle-history"><small>Snivy is hurt by the spikes!</small><br></div><div class="spacer battle-history"><br></div><h2 class="battle-history">Turn 31</h2><div class="spacer battle-history"><br></div><div class="battle-history">Snivy used <strong>Hidden Power</strong>!<br></div><div class="battle-history"><small>It's super effective!</small><br></div><div class="battle-history"><small>(The opposing Skrelp lost <abbr title="−8/22">36.4%</abbr> of its health!)</small><br></div><div class="spacer battle-history"><br></div><div class="battle-history">The opposing Skrelp fainted!<br></div><div class="spacer battle-history"><br></div><div class="battle-history">Omegaghost sent out <strong>Archen</strong>!<br></div><div class="battle-history"><small>Pointed stones dug into the opposing Archen!</small><br></div><div class="spacer battle-history"><br></div><h2 class="battle-history">Turn 32</h2><div class="chat chatmessage-pyroni"><strong style="color:hsl(136,84%,32.691098658488%)"><small>+</small><span class="username" data-name="Pyroni">Pyroni</span>:</strong> <em>ce no leaf storm</em></div><div class="chat chatmessage-feuillajaguar"><strong style="color:hsl(17,77%,48%)"><small>★</small><span class="username" data-name="Feuillajaguar">Feuillajaguar</span>:</strong> <em>de toute façon je ne passe pas Ponyta</em></div><div class="spacer battle-history"><br></div><div class="battle-history">Snivy used <strong>Leaf Storm</strong>!<br></div><div class="battle-history"><small>(The opposing Archen lost <abbr title="−18/23">78.3%</abbr> of its health!)</small><br></div><div class="battle-history"><small>Snivy's Special Attack rose sharply!</small><br></div><div class="spacer battle-history"><br></div><div class="battle-history">The opposing Archen fainted!<br></div><div class="spacer battle-history"><br></div><div class="battle-history">Omegaghost sent out <strong>Ponyta</strong>!<br></div><div class="battle-history"><small>The opposing Ponyta was caught in a sticky web!</small><br></div><div class="battle-history"><small>The opposing Ponyta's Speed fell!</small><br></div><div class="battle-history"><small>Pointed stones dug into the opposing Ponyta!</small><br></div><div class="spacer battle-history"><br></div><h2 class="battle-history">Turn 33</h2><div class="chat chatmessage-pyroni"><strong style="color:hsl(136,84%,32.691098658488%)"><small>+</small><span class="username" data-name="Pyroni">Pyroni</span>:</strong> <em>à +4 si</em></div><div class="spacer battle-history"><br></div><div class="battle-history">Snivy used <strong>Hidden Power</strong>!<br></div><div class="battle-history"><small>It's super effective!</small><br></div><div class="battle-history"><small>A critical hit!</small><br></div><div class="battle-history"><small>(The opposing Ponyta lost <abbr title="−8/22">36.4%</abbr> of its health!)</small><br></div><div class="spacer battle-history"><br></div><div class="battle-history">The opposing Ponyta fainted!<br></div><div class="spacer battle-history"><br></div><div class="battle-history"><strong>Feuillajaguar</strong> won the battle!<br></div><div class="chat chatmessage-feuillajaguar"><strong style="color:hsl(17,77%,48%)"><small>★</small><span class="username" data-name="Feuillajaguar">Feuillajaguar</span>:</strong> <em>ah</em></div><div class="chat chatmessage-pyroni"><strong style="color:hsl(136,84%,32.691098658488%)"><small>+</small><span class="username" data-name="Pyroni">Pyroni</span>:</strong> <em>ah.</em></div><div class="chat chatmessage-feuillajaguar"><strong style="color:hsl(17,77%,48%)"><small>★</small><span class="username" data-name="Feuillajaguar">Feuillajaguar</span>:</strong> <em>gg</em></div><div class="chat chatmessage-omegaghost"><strong style="color:hsl(73,89%,27.29764128502124%)"><small>★</small><span class="username" data-name="Omegaghost">Omegaghost</span>:</strong> <em>gg</em></div></div><div class="inner-preempt"></div></div></div>
</div>
<script>
let daily = Math.floor(Date.now()/1000/60/60/24);document.write('<script src="https://play.pokemonshowdown.com/js/replay-embed.js?version'+daily+'"></'+'script>');
</script>
