<!DOCTYPE html>
<meta charset="utf-8" />
<!-- version 1 -->
<title>LC replay: Sturgeon2886 vs. TF Testing</title>
<style>
html,body {font-family:Verdana, sans-serif;font-size:10pt;margin:0;padding:0;}body{padding:12px 0;} .battle-log {font-family:Verdana, sans-serif;font-size:10pt;} .battle-log-inline {border:1px solid #AAAAAA;background:#EEF2F5;color:black;max-width:640px;margin:0 auto 80px;padding-bottom:5px;} .battle-log .inner {padding:4px 8px 0px 8px;} .battle-log .inner-preempt {padding:0 8px 4px 8px;} .battle-log .inner-after {margin-top:0.5em;} .battle-log h2 {margin:0.5em -8px;padding:4px 8px;border:1px solid #AAAAAA;background:#E0E7EA;border-left:0;border-right:0;font-family:Verdana, sans-serif;font-size:13pt;} .battle-log .chat {vertical-align:middle;padding:3px 0 3px 0;font-size:8pt;} .battle-log .chat strong {color:#40576A;} .battle-log .chat em {padding:1px 4px 1px 3px;color:#000000;font-style:normal;} .chat.mine {background:rgba(0,0,0,0.05);margin-left:-8px;margin-right:-8px;padding-left:8px;padding-right:8px;} .spoiler {color:#BBBBBB;background:#BBBBBB;padding:0px 3px;} .spoiler:hover, .spoiler:active, .spoiler-shown {color:#000000;background:#E2E2E2;padding:0px 3px;} .spoiler a {color:#BBBBBB;} .spoiler:hover a, .spoiler:active a, .spoiler-shown a {color:#2288CC;} .chat code, .chat .spoiler:hover code, .chat .spoiler:active code, .chat .spoiler-shown code {border:1px solid #C0C0C0;background:#EEEEEE;color:black;padding:0 2px;} .chat .spoiler code {border:1px solid #CCCCCC;background:#CCCCCC;color:#CCCCCC;} .battle-log .rated {padding:3px 4px;} .battle-log .rated strong {color:white;background:#89A;padding:1px 4px;border-radius:4px;} .spacer {margin-top:0.5em;} .message-announce {background:#6688AA;color:white;padding:1px 4px 2px;} .message-announce a, .broadcast-green a, .broadcast-blue a, .broadcast-red a {color:#DDEEFF;} .broadcast-green {background-color:#559955;color:white;padding:2px 4px;} .broadcast-blue {background-color:#6688AA;color:white;padding:2px 4px;} .infobox {border:1px solid #6688AA;padding:2px 4px;} .infobox-limited {max-height:200px;overflow:auto;overflow-x:hidden;} .broadcast-red {background-color:#AA5544;color:white;padding:2px 4px;} .message-learn-canlearn {font-weight:bold;color:#228822;text-decoration:underline;} .message-learn-cannotlearn {font-weight:bold;color:#CC2222;text-decoration:underline;} .message-effect-weak {font-weight:bold;color:#CC2222;} .message-effect-resist {font-weight:bold;color:#6688AA;} .message-effect-immune {font-weight:bold;color:#666666;} .message-learn-list {margin-top:0;margin-bottom:0;} .message-throttle-notice, .message-error {color:#992222;} .message-overflow, .chat small.message-overflow {font-size:0pt;} .message-overflow::before {font-size:9pt;content:'...';} .subtle {color:#3A4A66;}
</style>
<div class="wrapper replay-wrapper" style="max-width:1180px;margin:0 auto">
<input type="hidden" name="replayid" value="lc-500142405" />
<div class="battle"></div><div class="battle-log"></div><div class="replay-controls"></div><div class="replay-controls-2"></div>
<h1 style="font-weight:normal;text-align:center"><strong>LC</strong><br /><a href="http://pokemonshowdown.com/users/sturgeon2886" class="subtle" target="_blank">Sturgeon2886</a> vs. <a href="http://pokemonshowdown.com/users/tftesting" class="subtle" target="_blank">TF Testing</a></h1>
<script type="text/plain" class="battle-log-data">|j|Sturgeon2886
|j|TF Testing
|player|p1|Sturgeon2886|101
|player|p2|TF Testing|2
|gametype|singles
|gen|6
|tier|LC
|seed|16481,5499,38207,64327
|clearpoke
|poke|p1|Munchlax, L5, M|item
|poke|p1|Dratini, L5, M, shiny|item
|poke|p1|Drilbur, L5, M|item
|poke|p1|Yamask, L5, M|item
|poke|p1|Cottonee, L5, F|item
|poke|p1|Bergmite, L5, F|item
|poke|p2|Timburr, L5, M|item
|poke|p2|Minccino, L5, F|item
|poke|p2|Munna, L5, M|item
|poke|p2|Dwebble, L5, F|item
|poke|p2|Koffing, L5, F|item
|poke|p2|Oshawott, L5, F|item
|rule|Sleep Clause Mod: Limit one foe put to sleep
|rule|Species Clause: Limit one of each Pokémon
|rule|OHKO Clause: OHKO moves are banned
|rule|Moody Clause: Moody is banned
|rule|Evasion Moves Clause: Evasion moves are banned
|rule|Endless Battle Clause: Forcing endless battles is banned
|rule|HP Percentage Mod: HP is shown in percentages
|teampreview
|c|★TF Testing|gl hf
|choice|team 3, team 2, team 1, team 4, team 5, team 6|team 4, team 2, team 3, team 1, team 5, team 6
|
|start
|switch|p1a: Drilbur|Drilbur, L5, M|22\/22
|switch|p2a: Dwebble|Dwebble, L5, F|22\/22
|-ability|p1a: Drilbur|Mold Breaker
|turn|1
|c|★Sturgeon2886|same to you
|j|CatManRulez
|choice|move stealthrock|switch 5
|
|switch|p2a: Koffing|Koffing, L5, F|23\/23
|-item|p2a: Koffing|Air Balloon
|move|p1a: Drilbur|Stealth Rock|p2a: Koffing
|-sidestart|p2: TF Testing|move: Stealth Rock
|
|upkeep
|turn|2
|choice|move swordsdance|move willowisp
|
|move|p1a: Drilbur|Swords Dance|p1a: Drilbur
|-boost|p1a: Drilbur|atk|2
|move|p2a: Koffing|Will-O-Wisp|p1a: Drilbur|[miss]
|-miss|p2a: Koffing|p1a: Drilbur
|
|upkeep
|turn|3
|choice|move rockslide|move willowisp
|
|move|p1a: Drilbur|Rock Slide|p2a: Koffing
|-damage|p2a: Koffing|7\/23
|-enditem|p2a: Koffing|Air Balloon
|-damage|p1a: Drilbur|20\/22|[from] item: Life Orb
|move|p2a: Koffing|Will-O-Wisp|p1a: Drilbur
|-status|p1a: Drilbur|brn
|
|-damage|p1a: Drilbur|18\/22 brn|[from] brn
|upkeep
|turn|4
|choice|move earthquake|move painsplit
|
|move|p1a: Drilbur|Earthquake|p2a: Koffing
|-supereffective|p2a: Koffing
|-damage|p2a: Koffing|0 fnt
|-damage|p1a: Drilbur|16\/22 brn|[from] item: Life Orb
|faint|p2a: Koffing
|
|-damage|p1a: Drilbur|14\/22 brn|[from] brn
|upkeep
|choice||switch 6
|
|switch|p2a: Oshawott|Oshawott, L5, F|22\/22
|-damage|p2a: Oshawott|20\/22|[from] Stealth Rock
|turn|5
|choice|move rockslide|move aquajet
|
|move|p2a: Oshawott|Aqua Jet|p1a: Drilbur
|-supereffective|p1a: Drilbur
|-damage|p1a: Drilbur|0 fnt
|-damage|p2a: Oshawott|18\/22|[from] item: Life Orb
|faint|p1a: Drilbur
|
|upkeep
|choice|switch 5|
|
|switch|p1a: Cottonee|Cottonee, L5, F|21\/21
|turn|6
|choice|move gigadrain|switch 3
|
|switch|p2a: Munna|Munna, L5, M|27\/27
|-damage|p2a: Munna|24\/27|[from] Stealth Rock
|move|p1a: Cottonee|Giga Drain|p2a: Munna
|-damage|p2a: Munna|17\/27
|
|upkeep
|turn|7
|choice|move knockoff|move calmmind
|
|move|p1a: Cottonee|Knock Off|p2a: Munna
|-supereffective|p2a: Munna
|-damage|p2a: Munna|11\/27
|-enditem|p2a: Munna|Eviolite|[from] move: Knock Off|[of] p1a: Cottonee
|move|p2a: Munna|Calm Mind|p2a: Munna
|-boost|p2a: Munna|spa|1
|-boost|p2a: Munna|spd|1
|
|upkeep
|turn|8
|choice|move knockoff|move psychic
|
|move|p1a: Cottonee|Knock Off|p2a: Munna
|-supereffective|p2a: Munna
|-damage|p2a: Munna|5\/27
|move|p2a: Munna|Psychic|p1a: Cottonee
|-damage|p1a: Cottonee|11\/21
|-unboost|p1a: Cottonee|spd|1
|
|upkeep
|turn|9
|choice|move knockoff|move moonlight
|
|move|p1a: Cottonee|Knock Off|p2a: Munna
|-supereffective|p2a: Munna
|-damage|p2a: Munna|0 fnt
|faint|p2a: Munna
|
|upkeep
|choice||switch 5
|
|switch|p2a: Dwebble|Dwebble, L5, F|22\/22
|-damage|p2a: Dwebble|17\/22|[from] Stealth Rock
|turn|10
|choice|move gigadrain|move stealthrock
|
|move|p2a: Dwebble|Stealth Rock|p1a: Cottonee
|-sidestart|p1: Sturgeon2886|move: Stealth Rock
|move|p1a: Cottonee|Giga Drain|p2a: Dwebble
|-damage|p2a: Dwebble|4\/22
|-heal|p1a: Cottonee|18\/21|[from] drain|[of] p2a: Dwebble
|-enditem|p2a: Dwebble|Berry Juice
|-heal|p2a: Dwebble|22\/22|[from] item: Berry Juice
|
|upkeep
|turn|11
|choice|move gigadrain|move xscissor
|
|move|p2a: Dwebble|X-Scissor|p1a: Cottonee
|-crit|p1a: Cottonee
|-damage|p1a: Cottonee|3\/21
|move|p1a: Cottonee|Giga Drain|p2a: Dwebble
|-crit|p2a: Dwebble
|-damage|p2a: Dwebble|3\/22
|-heal|p1a: Cottonee|13\/21|[from] drain|[of] p2a: Dwebble
|
|upkeep
|turn|12
|choice|move gigadrain|move xscissor
|
|move|p2a: Dwebble|X-Scissor|p1a: Cottonee
|-damage|p1a: Cottonee|4\/21
|move|p1a: Cottonee|Giga Drain|p2a: Dwebble
|-damage|p2a: Dwebble|0 fnt
|-heal|p1a: Cottonee|6\/21|[from] drain|[of] p2a: Dwebble
|faint|p2a: Dwebble
|
|upkeep
|choice||switch 2
|
|switch|p2a: Minccino|Minccino, L5, F|22\/22
|-damage|p2a: Minccino|20\/22|[from] Stealth Rock
|turn|13
|choice|move knockoff|move uturn
|
|move|p2a: Minccino|U-turn|p1a: Cottonee
|-damage|p1a: Cottonee|0 fnt
|faint|p1a: Cottonee
|choice||switch 4
|
|switch|p2a: Timburr|Timburr, L5, M|27\/27
|-damage|p2a: Timburr|26\/27|[from] Stealth Rock
|
|upkeep
|choice|switch 4|
|
|switch|p1a: Yamask|Yamask, L5, M|23\/23
|-damage|p1a: Yamask|21\/23|[from] Stealth Rock
|turn|14
|choice|move psychic|move knockoff
|
|move|p2a: Timburr|Knock Off|p1a: Yamask
|-supereffective|p1a: Yamask
|-damage|p1a: Yamask|1\/23
|-activate|p1a: Yamask|ability: Mummy|Guts|[of] p2a: Timburr
|-enditem|p1a: Yamask|Focus Sash|[from] move: Knock Off|[of] p2a: Timburr
|move|p1a: Yamask|Psychic|p2a: Timburr
|-supereffective|p2a: Timburr
|-damage|p2a: Timburr|14\/27
|
|upkeep
|turn|15
|choice|move toxicspikes|move knockoff
|
|move|p2a: Timburr|Knock Off|p1a: Yamask
|-supereffective|p1a: Yamask
|-damage|p1a: Yamask|0 fnt
|faint|p1a: Yamask
|
|upkeep
|choice|switch 2|
|
|switch|p1a: Dratini|Dratini, L5, M, shiny|20\/20
|-damage|p1a: Dratini|18\/20|[from] Stealth Rock
|turn|16
|choice|move dragontail|move drainpunch
|
|move|p2a: Timburr|Drain Punch|p1a: Dratini
|-damage|p1a: Dratini|3\/20
|-heal|p2a: Timburr|22\/27|[from] drain|[of] p1a: Dratini
|move|p1a: Dratini|Dragon Tail|p2a: Timburr
|-damage|p2a: Timburr|15\/27
|-activate|p2a: Timburr|ability: Mummy|Shed Skin|[of] p1a: Dratini
|drag|p2a: Minccino|Minccino, L5, F|20\/22
|-damage|p2a: Minccino|18\/22|[from] Stealth Rock
|
|-heal|p1a: Dratini|4\/20|[from] item: Leftovers
|upkeep
|turn|17
|choice|move extremespeed|move uturn
|
|move|p1a: Dratini|Extreme Speed|p2a: Minccino
|-damage|p2a: Minccino|9\/22
|move|p2a: Minccino|U-turn|p1a: Dratini
|-damage|p1a: Dratini|0 fnt
|-activate|p1a: Dratini|ability: Mummy|Skill Link|[of] p2a: Minccino
|faint|p1a: Dratini
|choice||switch 4
|
|switch|p2a: Timburr|Timburr, L5, M|15\/27
|-damage|p2a: Timburr|14\/27|[from] Stealth Rock
|
|upkeep
|choice|switch 6|
|
|switch|p1a: Bergmite|Bergmite, L5, F|22\/22
|-damage|p1a: Bergmite|17\/22|[from] Stealth Rock
|turn|18
|choice|move stoneedge|move drainpunch
|
|move|p2a: Timburr|Drain Punch|p1a: Bergmite
|-supereffective|p1a: Bergmite
|-damage|p1a: Bergmite|0 fnt
|-heal|p2a: Timburr|23\/27|[from] drain|[of] p1a: Bergmite
|faint|p1a: Bergmite
|
|upkeep
|choice|switch 3|
|
|switch|p1a: Munchlax|Munchlax, L5, M|33\/33
|-damage|p1a: Munchlax|29\/33|[from] Stealth Rock
|turn|19
|c|★TF Testing|gg
|choice|move curse|move drainpunch
|
|move|p2a: Timburr|Drain Punch|p1a: Munchlax
|-supereffective|p1a: Munchlax
|-crit|p1a: Munchlax
|-damage|p1a: Munchlax|0 fnt
|-heal|p2a: Timburr|27\/27|[from] drain|[of] p1a: Munchlax
|faint|p1a: Munchlax
|
|win|TF Testing
|player|p1
|player|p2</script>
</div>
<div class="battle-log battle-log-inline"><div class="inner"><div class="battle-options"></div><div class="inner"><div class="chat"><small>Sturgeon2886 joined.</small></div><div class="chat"><small>TF Testing joined.</small></div><div class=""><small>Format:</small> <br><strong>LC</strong></div><div class=""><small><em>Sleep Clause Mod:</em> Limit one foe put to sleep</small></div><div class=""><small><em>Species Clause:</em> Limit one of each Pokémon</small></div><div class=""><small><em>OHKO Clause:</em> OHKO moves are banned</small></div><div class=""><small><em>Moody Clause:</em> Moody is banned</small></div><div class=""><small><em>Evasion Moves Clause:</em> Evasion moves are banned</small></div><div class=""><small><em>Endless Battle Clause:</em> Forcing endless battles is banned</small></div><div class=""><small><em>HP Percentage Mod:</em> HP is shown in percentages</small></div><div class="chat battle-history"><strong>Sturgeon2886's team:</strong> <em style="color:#445566;display:block;">Munchlax / Dratini / Drilbur / Yamask / Cottonee / Bergmite</em></div><div class="chat battle-history"><strong>TF Testing's team:</strong> <em style="color:#445566;display:block;">Timburr / Minccino / Munna / Dwebble / Koffing / Oshawott</em></div><div class="chat chatmessage-tftesting"><strong style="color:hsl(40,64%,35%)"><small>★</small><span class="username" data-name="TF Testing">TF Testing</span>:</strong> <em>gl hf</em></div><div class="spacer battle-history"><br></div><div class="battle-history">Battle started between Sturgeon2886 and TF Testing!<br></div><div class="spacer battle-history"><br></div><div class="battle-history">Go! <strong>Drilbur</strong>!<br></div><div class="spacer battle-history"><br></div><div class="battle-history">TF Testing sent out <strong>Dwebble</strong>!<br></div><div class="battle-history"><small>[Drilbur's Mold Breaker]</small><br><small>Drilbur breaks the mold!</small><br></div><div class="spacer battle-history"><br></div><h2 class="battle-history">Turn 1</h2><div class="chat chatmessage-sturgeon2886"><strong style="color:hsl(11,40%,49.96749591673813%)"><small>★</small><span class="username" data-name="Sturgeon2886">Sturgeon2886</span>:</strong> <em>same to you</em></div><div class="chat"><small>CatManRulez joined.</small></div><div class="spacer battle-history"><br></div><div class="battle-history">TF Testing withdrew Dwebble!<br></div><div class="battle-history">TF Testing sent out <strong>Koffing</strong>!<br></div><div class="battle-history"><small>The opposing Koffing floats in the air with its Air Balloon!</small><br></div><div class="spacer battle-history"><br></div><div class="battle-history">Drilbur used <strong>Stealth Rock</strong>!<br></div><div class="battle-history"><small>Pointed stones float in the air around the opposing team!</small><br></div><div class="spacer battle-history"><br></div><h2 class="battle-history">Turn 2</h2><div class="spacer battle-history"><br></div><div class="battle-history">Drilbur used <strong>Swords Dance</strong>!<br></div><div class="battle-history"><small>Drilbur's Attack rose sharply!</small><br></div><div class="spacer battle-history"><br></div><div class="battle-history">The opposing Koffing used <strong>Will-O-Wisp</strong>!<br></div><div class="battle-history"><small>Drilbur avoided the attack!</small><br></div><div class="spacer battle-history"><br></div><h2 class="battle-history">Turn 3</h2><div class="spacer battle-history"><br></div><div class="battle-history">Drilbur used <strong>Rock Slide</strong>!<br></div><div class="battle-history"><small>(The opposing Koffing lost <abbr title="−16/23">69.6%</abbr> of its health!)</small><br></div><div class="battle-history"><small>The opposing Koffing's Air Balloon popped!</small><br></div><div class="battle-history"><small>Drilbur lost some of its HP!</small><br></div><div class="spacer battle-history"><br></div><div class="battle-history">The opposing Koffing used <strong>Will-O-Wisp</strong>!<br></div><div class="battle-history"><small>Drilbur was burned!</small><br></div><div class="spacer battle-history"><br></div><div class="battle-history"><small>Drilbur was hurt by its burn!</small><br></div><div class="spacer battle-history"><br></div><h2 class="battle-history">Turn 4</h2><div class="spacer battle-history"><br></div><div class="battle-history">Drilbur used <strong>Earthquake</strong>!<br></div><div class="battle-history"><small>It's super effective!</small><br></div><div class="battle-history"><small>(The opposing Koffing lost <abbr title="−7/23">30.4%</abbr> of its health!)</small><br></div><div class="battle-history"><small>Drilbur lost some of its HP!</small><br></div><div class="spacer battle-history"><br></div><div class="battle-history">The opposing Koffing fainted!<br></div><div class="spacer battle-history"><br></div><div class="battle-history"><small>Drilbur was hurt by its burn!</small><br></div><div class="spacer battle-history"><br></div><div class="battle-history">TF Testing sent out <strong>Oshawott</strong>!<br></div><div class="battle-history"><small>Pointed stones dug into the opposing Oshawott!</small><br></div><div class="spacer battle-history"><br></div><h2 class="battle-history">Turn 5</h2><div class="spacer battle-history"><br></div><div class="battle-history">The opposing Oshawott used <strong>Aqua Jet</strong>!<br></div><div class="battle-history"><small>It's super effective!</small><br></div><div class="battle-history"><small>(Drilbur lost <abbr title="−14/22">63.6%</abbr> of its health!)</small><br></div><div class="battle-history"><small>The opposing Oshawott lost some of its HP!</small><br></div><div class="spacer battle-history"><br></div><div class="battle-history">Drilbur fainted!<br></div><div class="spacer battle-history"><br></div><div class="battle-history">Go! <strong>Cottonee</strong>!<br></div><div class="spacer battle-history"><br></div><h2 class="battle-history">Turn 6</h2><div class="spacer battle-history"><br></div><div class="battle-history">TF Testing withdrew Oshawott!<br></div><div class="battle-history">TF Testing sent out <strong>Munna</strong>!<br></div><div class="battle-history"><small>Pointed stones dug into the opposing Munna!</small><br></div><div class="spacer battle-history"><br></div><div class="battle-history">Cottonee used <strong>Giga Drain</strong>!<br></div><div class="battle-history"><small>(The opposing Munna lost <abbr title="−7/27">25.9%</abbr> of its health!)</small><br></div><div class="spacer battle-history"><br></div><h2 class="battle-history">Turn 7</h2><div class="spacer battle-history"><br></div><div class="battle-history">Cottonee used <strong>Knock Off</strong>!<br></div><div class="battle-history"><small>It's super effective!</small><br></div><div class="battle-history"><small>(The opposing Munna lost <abbr title="−6/27">22.2%</abbr> of its health!)</small><br></div><div class="battle-history"><small>Cottonee knocked off the opposing Munna's Eviolite!</small><br></div><div class="spacer battle-history"><br></div><div class="battle-history">The opposing Munna used <strong>Calm Mind</strong>!<br></div><div class="battle-history"><small>The opposing Munna's Special Attack rose!</small><br></div><div class="battle-history"><small>The opposing Munna's Special Defense rose!</small><br></div><div class="spacer battle-history"><br></div><h2 class="battle-history">Turn 8</h2><div class="spacer battle-history"><br></div><div class="battle-history">Cottonee used <strong>Knock Off</strong>!<br></div><div class="battle-history"><small>It's super effective!</small><br></div><div class="battle-history"><small>(The opposing Munna lost <abbr title="−6/27">22.2%</abbr> of its health!)</small><br></div><div class="spacer battle-history"><br></div><div class="battle-history">The opposing Munna used <strong>Psychic</strong>!<br></div><div class="battle-history"><small>(Cottonee lost <abbr title="−10/21">47.6%</abbr> of its health!)</small><br></div><div class="battle-history"><small>Cottonee's Special Defense fell!</small><br></div><div class="spacer battle-history"><br></div><h2 class="battle-history">Turn 9</h2><div class="spacer battle-history"><br></div><div class="battle-history">Cottonee used <strong>Knock Off</strong>!<br></div><div class="battle-history"><small>It's super effective!</small><br></div><div class="battle-history"><small>(The opposing Munna lost <abbr title="−5/27">18.5%</abbr> of its health!)</small><br></div><div class="spacer battle-history"><br></div><div class="battle-history">The opposing Munna fainted!<br></div><div class="spacer battle-history"><br></div><div class="battle-history">TF Testing sent out <strong>Dwebble</strong>!<br></div><div class="battle-history"><small>Pointed stones dug into the opposing Dwebble!</small><br></div><div class="spacer battle-history"><br></div><h2 class="battle-history">Turn 10</h2><div class="spacer battle-history"><br></div><div class="battle-history">The opposing Dwebble used <strong>Stealth Rock</strong>!<br></div><div class="battle-history"><small>Pointed stones float in the air around your team!</small><br></div><div class="spacer battle-history"><br></div><div class="battle-history">Cottonee used <strong>Giga Drain</strong>!<br></div><div class="battle-history"><small>(The opposing Dwebble lost <abbr title="−13/22">59.1%</abbr> of its health!)</small><br></div><div class="battle-history"><small>The opposing Dwebble had its energy drained!</small><br></div><div class="battle-history"><small>(The opposing Dwebble used its Berry Juice!)</small><br></div><div class="battle-history"><small>The opposing Dwebble restored HP using its Berry Juice!</small><br></div><div class="spacer battle-history"><br></div><h2 class="battle-history">Turn 11</h2><div class="spacer battle-history"><br></div><div class="battle-history">The opposing Dwebble used <strong>X-Scissor</strong>!<br></div><div class="battle-history"><small>A critical hit!</small><br></div><div class="battle-history"><small>(Cottonee lost <abbr title="−15/21">71.4%</abbr> of its health!)</small><br></div><div class="spacer battle-history"><br></div><div class="battle-history">Cottonee used <strong>Giga Drain</strong>!<br></div><div class="battle-history"><small>A critical hit!</small><br></div><div class="battle-history"><small>(The opposing Dwebble lost <abbr title="−19/22">86.4%</abbr> of its health!)</small><br></div><div class="battle-history"><small>The opposing Dwebble had its energy drained!</small><br></div><div class="spacer battle-history"><br></div><h2 class="battle-history">Turn 12</h2><div class="spacer battle-history"><br></div><div class="battle-history">The opposing Dwebble used <strong>X-Scissor</strong>!<br></div><div class="battle-history"><small>(Cottonee lost <abbr title="−9/21">42.9%</abbr> of its health!)</small><br></div><div class="spacer battle-history"><br></div><div class="battle-history">Cottonee used <strong>Giga Drain</strong>!<br></div><div class="battle-history"><small>(The opposing Dwebble lost <abbr title="−3/22">13.6%</abbr> of its health!)</small><br></div><div class="battle-history"><small>The opposing Dwebble had its energy drained!</small><br></div><div class="spacer battle-history"><br></div><div class="battle-history">The opposing Dwebble fainted!<br></div><div class="spacer battle-history"><br></div><div class="battle-history">TF Testing sent out <strong>Minccino</strong>!<br></div><div class="battle-history"><small>Pointed stones dug into the opposing Minccino!</small><br></div><div class="spacer battle-history"><br></div><h2 class="battle-history">Turn 13</h2><div class="spacer battle-history"><br></div><div class="battle-history">The opposing Minccino used <strong>U-turn</strong>!<br></div><div class="battle-history"><small>(Cottonee lost <abbr title="−6/21">28.6%</abbr> of its health!)</small><br></div><div class="spacer battle-history"><br></div><div class="battle-history">Cottonee fainted!<br></div><div class="spacer battle-history"><br></div><div class="battle-history">The opposing Minccino went back to TF Testing!<br></div><div class="battle-history">TF Testing sent out <strong>Timburr</strong>!<br></div><div class="battle-history"><small>Pointed stones dug into the opposing Timburr!</small><br></div><div class="spacer battle-history"><br></div><div class="battle-history">Go! <strong>Yamask</strong>!<br></div><div class="battle-history"><small>Pointed stones dug into Yamask!</small><br></div><div class="spacer battle-history"><br></div><h2 class="battle-history">Turn 14</h2><div class="spacer battle-history"><br></div><div class="battle-history">The opposing Timburr used <strong>Knock Off</strong>!<br></div><div class="battle-history"><small>It's super effective!</small><br></div><div class="battle-history"><small>(Yamask lost <abbr title="−20/23">87.0%</abbr> of its health!)</small><br></div><div class="battle-history"><small>[Yamask's Mummy]</small><br><small>[The opposing Timburr's Guts]</small><br><small>[The opposing Timburr's Mummy]</small><br><small>The opposing Timburr's Ability became Mummy!</small><br></div><div class="battle-history"><small>The opposing Timburr knocked off Yamask's Focus Sash!</small><br></div><div class="spacer battle-history"><br></div><div class="battle-history">Yamask used <strong>Psychic</strong>!<br></div><div class="battle-history"><small>It's super effective!</small><br></div><div class="battle-history"><small>(The opposing Timburr lost <abbr title="−12/27">44.4%</abbr> of its health!)</small><br></div><div class="spacer battle-history"><br></div><h2 class="battle-history">Turn 15</h2><div class="spacer battle-history"><br></div><div class="battle-history">The opposing Timburr used <strong>Knock Off</strong>!<br></div><div class="battle-history"><small>It's super effective!</small><br></div><div class="battle-history"><small>(Yamask lost <abbr title="−1/23">4.3%</abbr> of its health!)</small><br></div><div class="spacer battle-history"><br></div><div class="battle-history">Yamask fainted!<br></div><div class="spacer battle-history"><br></div><div class="battle-history">Go! <strong>Dratini</strong>!<br></div><div class="battle-history"><small>Pointed stones dug into Dratini!</small><br></div><div class="spacer battle-history"><br></div><h2 class="battle-history">Turn 16</h2><div class="spacer battle-history"><br></div><div class="battle-history">The opposing Timburr used <strong>Drain Punch</strong>!<br></div><div class="battle-history"><small>(Dratini lost <abbr title="−15/20">75%</abbr> of its health!)</small><br></div><div class="battle-history"><small>Dratini had its energy drained!</small><br></div><div class="spacer battle-history"><br></div><div class="battle-history">Dratini used <strong>Dragon Tail</strong>!<br></div><div class="battle-history"><small>(The opposing Timburr lost <abbr title="−7/27">25.9%</abbr> of its health!)</small><br></div><div class="battle-history"><small>[The opposing Timburr's Mummy]</small><br><small>[Dratini's Shed Skin]</small><br><small>[Dratini's Mummy]</small><br><small>Dratini's Ability became Mummy!</small><br></div><div class="spacer battle-history"><br></div><div class="battle-history"><strong>Minccino</strong> was dragged out!<br></div><div class="battle-history"><small>Pointed stones dug into the opposing Minccino!</small><br></div><div class="spacer battle-history"><br></div><div class="battle-history"><small>Dratini restored a little HP using its Leftovers!</small><br></div><div class="spacer battle-history"><br></div><h2 class="battle-history">Turn 17</h2><div class="spacer battle-history"><br></div><div class="battle-history">Dratini used <strong>Extreme Speed</strong>!<br></div><div class="battle-history"><small>(The opposing Minccino lost <abbr title="−9/22">40.9%</abbr> of its health!)</small><br></div><div class="spacer battle-history"><br></div><div class="battle-history">The opposing Minccino used <strong>U-turn</strong>!<br></div><div class="battle-history"><small>(Dratini lost <abbr title="−4/20">20%</abbr> of its health!)</small><br></div><div class="battle-history"><small>[Dratini's Mummy]</small><br><small>[The opposing Minccino's Skill Link]</small><br><small>[The opposing Minccino's Mummy]</small><br><small>The opposing Minccino's Ability became Mummy!</small><br></div><div class="spacer battle-history"><br></div><div class="battle-history">Dratini fainted!<br></div><div class="spacer battle-history"><br></div><div class="battle-history">The opposing Minccino went back to TF Testing!<br></div><div class="battle-history">TF Testing sent out <strong>Timburr</strong>!<br></div><div class="battle-history"><small>Pointed stones dug into the opposing Timburr!</small><br></div><div class="spacer battle-history"><br></div><div class="battle-history">Go! <strong>Bergmite</strong>!<br></div><div class="battle-history"><small>Pointed stones dug into Bergmite!</small><br></div><div class="spacer battle-history"><br></div><h2 class="battle-history">Turn 18</h2><div class="spacer battle-history"><br></div><div class="battle-history">The opposing Timburr used <strong>Drain Punch</strong>!<br></div><div class="battle-history"><small>It's super effective!</small><br></div><div class="battle-history"><small>(Bergmite lost <abbr title="−17/22">77.3%</abbr> of its health!)</small><br></div><div class="battle-history"><small>Bergmite had its energy drained!</small><br></div><div class="spacer battle-history"><br></div><div class="battle-history">Bergmite fainted!<br></div><div class="spacer battle-history"><br></div><div class="battle-history">Go! <strong>Munchlax</strong>!<br></div><div class="battle-history"><small>Pointed stones dug into Munchlax!</small><br></div><div class="spacer battle-history"><br></div><h2 class="battle-history">Turn 19</h2><div class="chat chatmessage-tftesting"><strong style="color:hsl(40,64%,35%)"><small>★</small><span class="username" data-name="TF Testing">TF Testing</span>:</strong> <em>gg</em></div><div class="spacer battle-history"><br></div><div class="battle-history">The opposing Timburr used <strong>Drain Punch</strong>!<br></div><div class="battle-history"><small>It's super effective!</small><br></div><div class="battle-history"><small>A critical hit!</small><br></div><div class="battle-history"><small>(Munchlax lost <abbr title="−29/33">87.9%</abbr> of its health!)</small><br></div><div class="battle-history"><small>Munchlax had its energy drained!</small><br></div><div class="spacer battle-history"><br></div><div class="battle-history">Munchlax fainted!<br></div><div class="spacer battle-history"><br></div><div class="battle-history"><strong>TF Testing</strong> won the battle!<br></div></div><div class="inner-preempt"></div></div></div>
</div>
<script>
let daily = Math.floor(Date.now()/1000/60/60/24);document.write('<script src="https://play.pokemonshowdown.com/js/replay-embed.js?version'+daily+'"></'+'script>');
</script>
