<!DOCTYPE html>
<meta charset="utf-8" />
<!-- version 1 -->
<title>LC replay: Jeran vs. Hydrolucario</title>
<style>
html,body {font-family:Verdana, sans-serif;font-size:10pt;margin:0;padding:0;}body{padding:12px 0;} .battle-log {font-family:Verdana, sans-serif;font-size:10pt;} .battle-log-inline {border:1px solid #AAAAAA;background:#EEF2F5;color:black;max-width:640px;margin:0 auto 80px;padding-bottom:5px;} .battle-log .inner {padding:4px 8px 0px 8px;} .battle-log .inner-preempt {padding:0 8px 4px 8px;} .battle-log .inner-after {margin-top:0.5em;} .battle-log h2 {margin:0.5em -8px;padding:4px 8px;border:1px solid #AAAAAA;background:#E0E7EA;border-left:0;border-right:0;font-family:Verdana, sans-serif;font-size:13pt;} .battle-log .chat {vertical-align:middle;padding:3px 0 3px 0;font-size:8pt;} .battle-log .chat strong {color:#40576A;} .battle-log .chat em {padding:1px 4px 1px 3px;color:#000000;font-style:normal;} .chat.mine {background:rgba(0,0,0,0.05);margin-left:-8px;margin-right:-8px;padding-left:8px;padding-right:8px;} .spoiler {color:#BBBBBB;background:#BBBBBB;padding:0px 3px;} .spoiler:hover, .spoiler:active, .spoiler-shown {color:#000000;background:#E2E2E2;padding:0px 3px;} .spoiler a {color:#BBBBBB;} .spoiler:hover a, .spoiler:active a, .spoiler-shown a {color:#2288CC;} .chat code, .chat .spoiler:hover code, .chat .spoiler:active code, .chat .spoiler-shown code {border:1px solid #C0C0C0;background:#EEEEEE;color:black;padding:0 2px;} .chat .spoiler code {border:1px solid #CCCCCC;background:#CCCCCC;color:#CCCCCC;} .battle-log .rated {padding:3px 4px;} .battle-log .rated strong {color:white;background:#89A;padding:1px 4px;border-radius:4px;} .spacer {margin-top:0.5em;} .message-announce {background:#6688AA;color:white;padding:1px 4px 2px;} .message-announce a, .broadcast-green a, .broadcast-blue a, .broadcast-red a {color:#DDEEFF;} .broadcast-green {background-color:#559955;color:white;padding:2px 4px;} .broadcast-blue {background-color:#6688AA;color:white;padding:2px 4px;} .infobox {border:1px solid #6688AA;padding:2px 4px;} .infobox-limited {max-height:200px;overflow:auto;overflow-x:hidden;} .broadcast-red {background-color:#AA5544;color:white;padding:2px 4px;} .message-learn-canlearn {font-weight:bold;color:#228822;text-decoration:underline;} .message-learn-cannotlearn {font-weight:bold;color:#CC2222;text-decoration:underline;} .message-effect-weak {font-weight:bold;color:#CC2222;} .message-effect-resist {font-weight:bold;color:#6688AA;} .message-effect-immune {font-weight:bold;color:#666666;} .message-learn-list {margin-top:0;margin-bottom:0;} .message-throttle-notice, .message-error {color:#992222;} .message-overflow, .chat small.message-overflow {font-size:0pt;} .message-overflow::before {font-size:9pt;content:'...';} .subtle {color:#3A4A66;}
</style>
<div class="wrapper replay-wrapper" style="max-width:1180px;margin:0 auto">
<input type="hidden" name="replayid" value="lc-508393267" />
<div class="battle"></div><div class="battle-log"></div><div class="replay-controls"></div><div class="replay-controls-2"></div>
<h1 style="font-weight:normal;text-align:center"><strong>LC</strong><br /><a href="http://pokemonshowdown.com/users/jeran" class="subtle" target="_blank">Jeran</a> vs. <a href="http://pokemonshowdown.com/users/hydrolucario" class="subtle" target="_blank">Hydrolucario</a></h1>
<script type="text/plain" class="battle-log-data">|j|Jeran
|j|Hydrolucario
|player|p1|Jeran|91
|player|p2|Hydrolucario|265
|gametype|singles
|gen|6
|tier|LC
|seed|10984,49284,50145,14842
|clearpoke
|poke|p1|Chinchou, L5, M|item
|poke|p1|Diglett, L5, M|item
|poke|p1|Timburr, L5, F|item
|poke|p1|Cottonee, L5, M|item
|poke|p1|Vullaby, L5, F|item
|poke|p1|Pawniard, L5, M|item
|poke|p2|Chinchou, L5, M|item
|poke|p2|Fletchling, L5, F|
|poke|p2|Shellder, L5, M|item
|poke|p2|Diglett, L5, M|item
|poke|p2|Abra, L5, M|item
|poke|p2|Larvesta, L5, M|item
|rule|Sleep Clause Mod: Limit one foe put to sleep
|rule|Species Clause: Limit one of each Pokémon
|rule|OHKO Clause: OHKO moves are banned
|rule|Moody Clause: Moody is banned
|rule|Evasion Moves Clause: Evasion moves are banned
|rule|Endless Battle Clause: Forcing endless battles is banned
|rule|HP Percentage Mod: HP is shown in percentages
|teampreview
|j|Stats Bot
|l|Stats Bot
|c|★Hydrolucario|gl hf
|j|jcazzi♔
|j|A Hidey Hole
|choice|team 5, team 2, team 3, team 4, team 1, team 6|team 6, team 2, team 3, team 4, team 5, team 1
|
|start
|switch|p1a: Vullaby|Vullaby, L5, F|23\/23
|switch|p2a: Larvesta|Larvesta, L5, M|23\/23
|turn|1
|j|mouahahah
|choice|switch 3|move uturn
|
|switch|p1a: Timburr|Timburr, L5, F|24\/24
|move|p2a: Larvesta|U-turn|p1a: Timburr
|-resisted|p1a: Timburr
|-damage|p1a: Timburr|21\/24
|choice||switch 2
|
|switch|p2a: Fletchling|Fletchling, L5, F|21\/21
|
|upkeep
|turn|2
|j|Poketech Loyalty
|choice|switch 6|switch 4
|
|switch|p2a: Diglett|Diglett, L5, M|17\/17
|switch|p1a: Pawniard|Pawniard, L5, M|21\/21
|
|upkeep
|turn|3
|choice|move ironhead|move earthquake
|
|move|p1a: Pawniard|Iron Head|p2a: Diglett
|-enditem|p2a: Diglett|Focus Sash
|-damage|p2a: Diglett|1\/17
|move|p2a: Diglett|Earthquake|p1a: Pawniard
|-supereffective|p1a: Pawniard
|-damage|p1a: Pawniard|0 fnt
|faint|p1a: Pawniard
|
|upkeep
|j|ThisisFascinating
|choice|switch 6|
|
|switch|p1a: Timburr|Timburr, L5, F|21\/24
|turn|4
|choice|move knockoff|switch 2
|
|switch|p2a: Larvesta|Larvesta, L5, M|23\/23
|move|p1a: Timburr|Knock Off|p2a: Larvesta
|-damage|p2a: Larvesta|12\/23
|-enditem|p2a: Larvesta|Choice Scarf|[from] move: Knock Off|[of] p1a: Timburr
|
|upkeep
|turn|5
|choice|move drainpunch|move flareblitz
|
|move|p2a: Larvesta|Flare Blitz|p1a: Timburr
|-damage|p1a: Timburr|6\/24
|-damage|p2a: Larvesta|7\/23|[from] recoil|[of] p1a: Timburr
|move|p1a: Timburr|Drain Punch|p2a: Larvesta
|-resisted|p2a: Larvesta
|-crit|p2a: Larvesta
|-damage|p2a: Larvesta|0 fnt
|-heal|p1a: Timburr|10\/24|[from] drain|[of] p2a: Larvesta
|-status|p1a: Timburr|brn|[from] ability: Flame Body|[of] p2a: Larvesta
|faint|p2a: Larvesta
|
|-damage|p1a: Timburr|7\/24 brn|[from] brn
|upkeep
|l|ThisisFascinating
|choice||switch 2
|
|switch|p2a: Diglett|Diglett, L5, M|1\/17
|turn|6
|choice|move machpunch|move earthquake
|
|move|p1a: Timburr|Mach Punch|p2a: Diglett
|-damage|p2a: Diglett|0 fnt
|faint|p2a: Diglett
|
|-damage|p1a: Timburr|4\/24 brn|[from] brn
|upkeep
|choice||switch 4
|
|switch|p2a: Fletchling|Fletchling, L5, F|21\/21
|turn|7
|choice|switch 5|move swordsdance
|
|switch|p1a: Chinchou|Chinchou, L5, M|25\/25
|move|p2a: Fletchling|Swords Dance|p2a: Fletchling
|-boost|p2a: Fletchling|atk|2
|
|upkeep
|turn|8
|choice|move voltswitch|switch 6
|
|switch|p2a: Chinchou|Chinchou, L5, M|24\/24
|move|p1a: Chinchou|Volt Switch|p2a: Chinchou
|-immune|p2a: Chinchou|[msg]|[from] ability: Volt Absorb
|
|upkeep
|turn|9
|choice|switch 4|move icebeam
|
|switch|p1a: Cottonee|Cottonee, L5, M|21\/21
|move|p2a: Chinchou|Ice Beam|p1a: Cottonee
|-supereffective|p1a: Cottonee
|-damage|p1a: Cottonee|7\/21
|
|upkeep
|turn|10
|choice|move knockoff|move icebeam
|
|move|p2a: Chinchou|Ice Beam|p1a: Cottonee
|-supereffective|p1a: Cottonee
|-damage|p1a: Cottonee|0 fnt
|faint|p1a: Cottonee
|
|upkeep
|choice|switch 4|
|
|switch|p1a: Chinchou|Chinchou, L5, M|25\/25
|turn|11
|choice|move scald|switch 6
|
|switch|p2a: Fletchling|Fletchling, L5, F|21\/21
|move|p1a: Chinchou|Scald|p2a: Fletchling
|-damage|p2a: Fletchling|9\/21
|
|upkeep
|turn|12
|choice|move scald|move acrobatics
|
|move|p2a: Fletchling|Acrobatics|p1a: Chinchou
|-resisted|p1a: Chinchou
|-damage|p1a: Chinchou|19\/25
|move|p1a: Chinchou|Scald|p2a: Fletchling
|-damage|p2a: Fletchling|0 fnt
|faint|p2a: Fletchling
|
|upkeep
|choice||switch 5
|
|switch|p2a: Abra|Abra, L5, M|19\/19
|turn|13
|choice|switch 3|move dazzlinggleam
|
|switch|p1a: Vullaby|Vullaby, L5, F|23\/23
|move|p2a: Abra|Dazzling Gleam|p1a: Vullaby
|-supereffective|p1a: Vullaby
|-damage|p1a: Vullaby|11\/23
|
|upkeep
|turn|14
|choice|switch 3|move dazzlinggleam
|
|switch|p1a: Chinchou|Chinchou, L5, M|19\/25
|move|p2a: Abra|Dazzling Gleam|p1a: Chinchou
|-damage|p1a: Chinchou|10\/25
|-enditem|p1a: Chinchou|Berry Juice
|-heal|p1a: Chinchou|25\/25|[from] item: Berry Juice
|
|upkeep
|turn|15
|choice|move scald|switch 6
|
|switch|p2a: Chinchou|Chinchou, L5, M|24\/24
|move|p1a: Chinchou|Scald|p2a: Chinchou
|-resisted|p2a: Chinchou
|-damage|p2a: Chinchou|18\/24
|-status|p2a: Chinchou|brn
|
|-damage|p2a: Chinchou|15\/24 brn|[from] brn
|upkeep
|turn|16
|choice|move scald|move icebeam
|
|move|p2a: Chinchou|Ice Beam|p1a: Chinchou
|-resisted|p1a: Chinchou
|-damage|p1a: Chinchou|21\/25
|-status|p1a: Chinchou|frz
|-curestatus|p1a: Chinchou|frz|[from] move: Scald
|move|p1a: Chinchou|Scald|p2a: Chinchou
|-resisted|p2a: Chinchou
|-damage|p2a: Chinchou|9\/24 brn
|
|-damage|p2a: Chinchou|6\/24 brn|[from] brn
|upkeep
|turn|17
|choice|move scald|move icebeam
|
|move|p2a: Chinchou|Ice Beam|p1a: Chinchou
|-resisted|p1a: Chinchou
|-damage|p1a: Chinchou|17\/25
|move|p1a: Chinchou|Scald|p2a: Chinchou
|-resisted|p2a: Chinchou
|-damage|p2a: Chinchou|0 fnt
|faint|p2a: Chinchou
|
|upkeep
|choice||switch 6
|
|switch|p2a: Abra|Abra, L5, M|19\/19
|turn|18
|c|★Hydrolucario|gg gl in future
|choice|move suckerpunch|move psyshock
|
|move|p1a: Chinchou|Sucker Punch|p2a: Abra
|-supereffective|p2a: Abra
|-damage|p2a: Abra|1\/19
|move|p2a: Abra|Psyshock|p1a: Chinchou
|-damage|p1a: Chinchou|4\/25
|
|upkeep
|turn|19
|choice|move suckerpunch|move psyshock
|
|move|p1a: Chinchou|Sucker Punch|p2a: Abra
|-supereffective|p2a: Abra
|-damage|p2a: Abra|0 fnt
|faint|p2a: Abra
|
|upkeep
|choice||switch 3
|
|switch|p2a: Shellder|Shellder, L5, M|19\/19
|turn|20
|choice|move voltswitch|move iciclespear
|
|move|p2a: Shellder|Icicle Spear|p1a: Chinchou
|-resisted|p1a: Chinchou
|-damage|p1a: Chinchou|3\/25
|-resisted|p1a: Chinchou
|-damage|p1a: Chinchou|2\/25
|-resisted|p1a: Chinchou
|-damage|p1a: Chinchou|1\/25
|-resisted|p1a: Chinchou
|-damage|p1a: Chinchou|0 fnt
|-hitcount|p1a: Chinchou|4
|faint|p1a: Chinchou
|
|upkeep
|choice|switch 2|
|
|switch|p1a: Diglett|Diglett, L5, M|18\/18
|turn|21
|choice|move earthquake|move iciclespear
|
|move|p2a: Shellder|Icicle Spear|p1a: Diglett
|-supereffective|p1a: Diglett
|-damage|p1a: Diglett|10\/18
|-supereffective|p1a: Diglett
|-damage|p1a: Diglett|2\/18
|-supereffective|p1a: Diglett
|-damage|p1a: Diglett|0 fnt
|-hitcount|p1a: Diglett|3
|faint|p1a: Diglett
|
|upkeep
|choice|switch 5|
|
|switch|p1a: Timburr|Timburr, L5, F|4\/24 brn
|turn|22
|choice|move machpunch|move iciclespear
|
|move|p1a: Timburr|Mach Punch|p2a: Shellder
|-damage|p2a: Shellder|12\/19
|move|p2a: Shellder|Icicle Spear|p1a: Timburr
|-crit|p1a: Timburr
|-damage|p1a: Timburr|1\/24 brn
|-damage|p1a: Timburr|0 fnt
|-hitcount|p1a: Timburr|2
|faint|p1a: Timburr
|
|upkeep
|choice|switch 3|
|
|switch|p1a: Vullaby|Vullaby, L5, F|11\/23
|turn|23
|choice|move roost|move iciclespear
|
|move|p2a: Shellder|Icicle Spear|p1a: Vullaby
|-supereffective|p1a: Vullaby
|-crit|p1a: Vullaby
|-damage|p1a: Vullaby|5\/23
|-supereffective|p1a: Vullaby
|-damage|p1a: Vullaby|1\/23
|-supereffective|p1a: Vullaby
|-damage|p1a: Vullaby|0 fnt
|-hitcount|p1a: Vullaby|3
|faint|p1a: Vullaby
|
|win|Hydrolucario
|player|p1
|player|p2
|c|★Jeran|nice hax noob
|c|★Hydrolucario|yeah
|l|Jeran
|l|A Hidey Hole
|l|mouahahah
|l|Poketech Loyalty</script>
</div>
<div class="battle-log battle-log-inline"><div class="inner"><div class="battle-options"></div><div class="inner"><div class="chat"><small>Jeran joined.</small></div><div class="chat"><small>Hydrolucario joined.</small></div><div class=""><small>Format:</small> <br><strong>LC</strong></div><div class=""><small><em>Sleep Clause Mod:</em> Limit one foe put to sleep</small></div><div class=""><small><em>Species Clause:</em> Limit one of each Pokémon</small></div><div class=""><small><em>OHKO Clause:</em> OHKO moves are banned</small></div><div class=""><small><em>Moody Clause:</em> Moody is banned</small></div><div class=""><small><em>Evasion Moves Clause:</em> Evasion moves are banned</small></div><div class=""><small><em>Endless Battle Clause:</em> Forcing endless battles is banned</small></div><div class=""><small><em>HP Percentage Mod:</em> HP is shown in percentages</small></div><div class="chat battle-history"><strong>Jeran's team:</strong> <em style="color:#445566;display:block;">Chinchou / Diglett / Timburr / Cottonee / Vullaby / Pawniard</em></div><div class="chat battle-history"><strong>Hydrolucario's team:</strong> <em style="color:#445566;display:block;">Chinchou / Fletchling / Shellder / Diglett / Abra / Larvesta</em></div><div class="chat"><small>Stats Bot joined.</small></div><div class="chat"><small>Stats Bot left.</small></div><div class="chat chatmessage-hydrolucario"><strong style="color:hsl(290,60%,45%)"><small>★</small><span class="username" data-name="Hydrolucario">Hydrolucario</span>:</strong> <em>gl hf</em></div><div class="chat"><small>jcazzi♔ joined.</small></div><div class="chat"><small>A Hidey Hole joined.</small></div><div class="spacer battle-history"><br></div><div class="battle-history">Battle started between Jeran and Hydrolucario!<br></div><div class="spacer battle-history"><br></div><div class="battle-history">Go! <strong>Vullaby</strong>!<br></div><div class="spacer battle-history"><br></div><div class="battle-history">Hydrolucario sent out <strong>Larvesta</strong>!<br></div><div class="spacer battle-history"><br></div><h2 class="battle-history">Turn 1</h2><div class="chat"><small>mouahahah joined.</small></div><div class="spacer battle-history"><br></div><div class="battle-history">Vullaby, come back!<br></div><div class="battle-history">Go! <strong>Timburr</strong>!<br></div><div class="spacer battle-history"><br></div><div class="battle-history">The opposing Larvesta used <strong>U-turn</strong>!<br></div><div class="battle-history"><small>It's not very effective...</small><br></div><div class="battle-history"><small>(Timburr lost <abbr title="−3/24">12.5%</abbr> of its health!)</small><br></div><div class="spacer battle-history"><br></div><div class="battle-history">The opposing Larvesta went back to Hydrolucario!<br></div><div class="battle-history">Hydrolucario sent out <strong>Fletchling</strong>!<br></div><div class="spacer battle-history"><br></div><h2 class="battle-history">Turn 2</h2><div class="chat"><small>Poketech Loyalty joined.</small></div><div class="spacer battle-history"><br></div><div class="battle-history">Hydrolucario withdrew Fletchling!<br></div><div class="battle-history">Hydrolucario sent out <strong>Diglett</strong>!<br></div><div class="spacer battle-history"><br></div><div class="battle-history">Timburr, come back!<br></div><div class="battle-history">Go! <strong>Pawniard</strong>!<br></div><div class="spacer battle-history"><br></div><h2 class="battle-history">Turn 3</h2><div class="spacer battle-history"><br></div><div class="battle-history">Pawniard used <strong>Iron Head</strong>!<br></div><div class="battle-history"><small>The opposing Diglett hung on using its Focus Sash!</small><br></div><div class="battle-history"><small>(The opposing Diglett lost <abbr title="−16/17">94.1%</abbr> of its health!)</small><br></div><div class="spacer battle-history"><br></div><div class="battle-history">The opposing Diglett used <strong>Earthquake</strong>!<br></div><div class="battle-history"><small>It's super effective!</small><br></div><div class="battle-history"><small>(Pawniard lost <abbr title="−21/21">100%</abbr> of its health!)</small><br></div><div class="spacer battle-history"><br></div><div class="battle-history">Pawniard fainted!<br></div><div class="chat"><small>ThisisFascinating joined.</small></div><div class="spacer battle-history"><br></div><div class="battle-history">Go! <strong>Timburr</strong>!<br></div><div class="spacer battle-history"><br></div><h2 class="battle-history">Turn 4</h2><div class="spacer battle-history"><br></div><div class="battle-history">Hydrolucario withdrew Diglett!<br></div><div class="battle-history">Hydrolucario sent out <strong>Larvesta</strong>!<br></div><div class="spacer battle-history"><br></div><div class="battle-history">Timburr used <strong>Knock Off</strong>!<br></div><div class="battle-history"><small>(The opposing Larvesta lost <abbr title="−11/23">47.8%</abbr> of its health!)</small><br></div><div class="battle-history"><small>Timburr knocked off the opposing Larvesta's Choice Scarf!</small><br></div><div class="spacer battle-history"><br></div><h2 class="battle-history">Turn 5</h2><div class="spacer battle-history"><br></div><div class="battle-history">The opposing Larvesta used <strong>Flare Blitz</strong>!<br></div><div class="battle-history"><small>(Timburr lost <abbr title="−15/24">62.5%</abbr> of its health!)</small><br></div><div class="battle-history"><small>The opposing Larvesta is damaged by the recoil!</small><br></div><div class="spacer battle-history"><br></div><div class="battle-history">Timburr used <strong>Drain Punch</strong>!<br></div><div class="battle-history"><small>It's not very effective...</small><br></div><div class="battle-history"><small>A critical hit!</small><br></div><div class="battle-history"><small>(The opposing Larvesta lost <abbr title="−7/23">30.4%</abbr> of its health!)</small><br></div><div class="battle-history"><small>The opposing Larvesta had its energy drained!</small><br></div><div class="battle-history"><small>[The opposing Larvesta's Flame Body]</small><br><small>Timburr was burned!</small><br></div><div class="spacer battle-history"><br></div><div class="battle-history">The opposing Larvesta fainted!<br></div><div class="spacer battle-history"><br></div><div class="battle-history"><small>Timburr was hurt by its burn!</small><br></div><div class="chat"><small>ThisisFascinating left.</small></div><div class="spacer battle-history"><br></div><div class="battle-history">Hydrolucario sent out <strong>Diglett</strong>!<br></div><div class="spacer battle-history"><br></div><h2 class="battle-history">Turn 6</h2><div class="spacer battle-history"><br></div><div class="battle-history">Timburr used <strong>Mach Punch</strong>!<br></div><div class="battle-history"><small>(The opposing Diglett lost <abbr title="−1/17">5.9%</abbr> of its health!)</small><br></div><div class="spacer battle-history"><br></div><div class="battle-history">The opposing Diglett fainted!<br></div><div class="spacer battle-history"><br></div><div class="battle-history"><small>Timburr was hurt by its burn!</small><br></div><div class="spacer battle-history"><br></div><div class="battle-history">Hydrolucario sent out <strong>Fletchling</strong>!<br></div><div class="spacer battle-history"><br></div><h2 class="battle-history">Turn 7</h2><div class="spacer battle-history"><br></div><div class="battle-history">Timburr, come back!<br></div><div class="battle-history">Go! <strong>Chinchou</strong>!<br></div><div class="spacer battle-history"><br></div><div class="battle-history">The opposing Fletchling used <strong>Swords Dance</strong>!<br></div><div class="battle-history"><small>The opposing Fletchling's Attack rose sharply!</small><br></div><div class="spacer battle-history"><br></div><h2 class="battle-history">Turn 8</h2><div class="spacer battle-history"><br></div><div class="battle-history">Hydrolucario withdrew Fletchling!<br></div><div class="battle-history">Hydrolucario sent out <strong>Chinchou</strong>!<br></div><div class="spacer battle-history"><br></div><div class="battle-history">Chinchou used <strong>Volt Switch</strong>!<br></div><div class="battle-history"><small>[The opposing Chinchou's Volt Absorb]</small><br><small>It doesn't affect the opposing Chinchou...</small><br></div><div class="spacer battle-history"><br></div><h2 class="battle-history">Turn 9</h2><div class="spacer battle-history"><br></div><div class="battle-history">Chinchou went back to Jeran!<br></div><div class="battle-history">Go! <strong>Cottonee</strong>!<br></div><div class="spacer battle-history"><br></div><div class="battle-history">The opposing Chinchou used <strong>Ice Beam</strong>!<br></div><div class="battle-history"><small>It's super effective!</small><br></div><div class="battle-history"><small>(Cottonee lost <abbr title="−14/21">66.7%</abbr> of its health!)</small><br></div><div class="spacer battle-history"><br></div><h2 class="battle-history">Turn 10</h2><div class="spacer battle-history"><br></div><div class="battle-history">The opposing Chinchou used <strong>Ice Beam</strong>!<br></div><div class="battle-history"><small>It's super effective!</small><br></div><div class="battle-history"><small>(Cottonee lost <abbr title="−7/21">33.3%</abbr> of its health!)</small><br></div><div class="spacer battle-history"><br></div><div class="battle-history">Cottonee fainted!<br></div><div class="spacer battle-history"><br></div><div class="battle-history">Go! <strong>Chinchou</strong>!<br></div><div class="spacer battle-history"><br></div><h2 class="battle-history">Turn 11</h2><div class="spacer battle-history"><br></div><div class="battle-history">Hydrolucario withdrew Chinchou!<br></div><div class="battle-history">Hydrolucario sent out <strong>Fletchling</strong>!<br></div><div class="spacer battle-history"><br></div><div class="battle-history">Chinchou used <strong>Scald</strong>!<br></div><div class="battle-history"><small>(The opposing Fletchling lost <abbr title="−12/21">57.1%</abbr> of its health!)</small><br></div><div class="spacer battle-history"><br></div><h2 class="battle-history">Turn 12</h2><div class="spacer battle-history"><br></div><div class="battle-history">The opposing Fletchling used <strong>Acrobatics</strong>!<br></div><div class="battle-history"><small>It's not very effective...</small><br></div><div class="battle-history"><small>(Chinchou lost <abbr title="−6/25">24%</abbr> of its health!)</small><br></div><div class="spacer battle-history"><br></div><div class="battle-history">Chinchou used <strong>Scald</strong>!<br></div><div class="battle-history"><small>(The opposing Fletchling lost <abbr title="−9/21">42.9%</abbr> of its health!)</small><br></div><div class="spacer battle-history"><br></div><div class="battle-history">The opposing Fletchling fainted!<br></div><div class="spacer battle-history"><br></div><div class="battle-history">Hydrolucario sent out <strong>Abra</strong>!<br></div><div class="spacer battle-history"><br></div><h2 class="battle-history">Turn 13</h2><div class="spacer battle-history"><br></div><div class="battle-history">Chinchou, come back!<br></div><div class="battle-history">Go! <strong>Vullaby</strong>!<br></div><div class="spacer battle-history"><br></div><div class="battle-history">The opposing Abra used <strong>Dazzling Gleam</strong>!<br></div><div class="battle-history"><small>It's super effective!</small><br></div><div class="battle-history"><small>(Vullaby lost <abbr title="−12/23">52.2%</abbr> of its health!)</small><br></div><div class="spacer battle-history"><br></div><h2 class="battle-history">Turn 14</h2><div class="spacer battle-history"><br></div><div class="battle-history">Vullaby, come back!<br></div><div class="battle-history">Go! <strong>Chinchou</strong>!<br></div><div class="spacer battle-history"><br></div><div class="battle-history">The opposing Abra used <strong>Dazzling Gleam</strong>!<br></div><div class="battle-history"><small>(Chinchou lost <abbr title="−9/25">36%</abbr> of its health!)</small><br></div><div class="battle-history"><small>(Chinchou used its Berry Juice!)</small><br></div><div class="battle-history"><small>Chinchou restored HP using its Berry Juice!</small><br></div><div class="spacer battle-history"><br></div><h2 class="battle-history">Turn 15</h2><div class="spacer battle-history"><br></div><div class="battle-history">Hydrolucario withdrew Abra!<br></div><div class="battle-history">Hydrolucario sent out <strong>Chinchou</strong>!<br></div><div class="spacer battle-history"><br></div><div class="battle-history">Chinchou used <strong>Scald</strong>!<br></div><div class="battle-history"><small>It's not very effective...</small><br></div><div class="battle-history"><small>(The opposing Chinchou lost <abbr title="−6/24">25%</abbr> of its health!)</small><br></div><div class="battle-history"><small>The opposing Chinchou was burned!</small><br></div><div class="spacer battle-history"><br></div><div class="battle-history"><small>The opposing Chinchou was hurt by its burn!</small><br></div><div class="spacer battle-history"><br></div><h2 class="battle-history">Turn 16</h2><div class="spacer battle-history"><br></div><div class="battle-history">The opposing Chinchou used <strong>Ice Beam</strong>!<br></div><div class="battle-history"><small>It's not very effective...</small><br></div><div class="battle-history"><small>(Chinchou lost <abbr title="−4/25">16%</abbr> of its health!)</small><br></div><div class="battle-history"><small>Chinchou was frozen solid!</small><br></div><div class="battle-history"><small>Chinchou's Scald melted the ice!</small><br></div><div class="spacer battle-history"><br></div><div class="battle-history">Chinchou used <strong>Scald</strong>!<br></div><div class="battle-history"><small>It's not very effective...</small><br></div><div class="battle-history"><small>(The opposing Chinchou lost <abbr title="−6/24">25%</abbr> of its health!)</small><br></div><div class="spacer battle-history"><br></div><div class="battle-history"><small>The opposing Chinchou was hurt by its burn!</small><br></div><div class="spacer battle-history"><br></div><h2 class="battle-history">Turn 17</h2><div class="spacer battle-history"><br></div><div class="battle-history">The opposing Chinchou used <strong>Ice Beam</strong>!<br></div><div class="battle-history"><small>It's not very effective...</small><br></div><div class="battle-history"><small>(Chinchou lost <abbr title="−4/25">16%</abbr> of its health!)</small><br></div><div class="spacer battle-history"><br></div><div class="battle-history">Chinchou used <strong>Scald</strong>!<br></div><div class="battle-history"><small>It's not very effective...</small><br></div><div class="battle-history"><small>(The opposing Chinchou lost <abbr title="−6/24">25%</abbr> of its health!)</small><br></div><div class="spacer battle-history"><br></div><div class="battle-history">The opposing Chinchou fainted!<br></div><div class="spacer battle-history"><br></div><div class="battle-history">Hydrolucario sent out <strong>Abra</strong>!<br></div><div class="spacer battle-history"><br></div><h2 class="battle-history">Turn 18</h2><div class="chat chatmessage-hydrolucario"><strong style="color:hsl(290,60%,45%)"><small>★</small><span class="username" data-name="Hydrolucario">Hydrolucario</span>:</strong> <em>gg gl in future</em></div><div class="spacer battle-history"><br></div><div class="battle-history">Chinchou used <strong>Sucker Punch</strong>!<br></div><div class="battle-history"><small>It's super effective!</small><br></div><div class="battle-history"><small>(The opposing Abra lost <abbr title="−18/19">94.7%</abbr> of its health!)</small><br></div><div class="spacer battle-history"><br></div><div class="battle-history">The opposing Abra used <strong>Psyshock</strong>!<br></div><div class="battle-history"><small>(Chinchou lost <abbr title="−13/25">52%</abbr> of its health!)</small><br></div><div class="spacer battle-history"><br></div><h2 class="battle-history">Turn 19</h2><div class="spacer battle-history"><br></div><div class="battle-history">Chinchou used <strong>Sucker Punch</strong>!<br></div><div class="battle-history"><small>It's super effective!</small><br></div><div class="battle-history"><small>(The opposing Abra lost <abbr title="−1/19">5.3%</abbr> of its health!)</small><br></div><div class="spacer battle-history"><br></div><div class="battle-history">The opposing Abra fainted!<br></div><div class="spacer battle-history"><br></div><div class="battle-history">Hydrolucario sent out <strong>Shellder</strong>!<br></div><div class="spacer battle-history"><br></div><h2 class="battle-history">Turn 20</h2><div class="spacer battle-history"><br></div><div class="battle-history">The opposing Shellder used <strong>Icicle Spear</strong>!<br></div><div class="battle-history"><small>It's not very effective...</small><br></div><div class="battle-history"><small>(Chinchou lost <abbr title="−1/25">4%</abbr> of its health!)</small><br></div><div class="battle-history"><small>It's not very effective...</small><br></div><div class="battle-history"><small>(Chinchou lost <abbr title="−1/25">4%</abbr> of its health!)</small><br></div><div class="battle-history"><small>It's not very effective...</small><br></div><div class="battle-history"><small>(Chinchou lost <abbr title="−1/25">4%</abbr> of its health!)</small><br></div><div class="battle-history"><small>It's not very effective...</small><br></div><div class="battle-history"><small>(Chinchou lost <abbr title="−1/25">4%</abbr> of its health!)</small><br></div><div class="battle-history"><small>Hit 4 times!</small><br></div><div class="spacer battle-history"><br></div><div class="battle-history">Chinchou fainted!<br></div><div class="spacer battle-history"><br></div><div class="battle-history">Go! <strong>Diglett</strong>!<br></div><div class="spacer battle-history"><br></div><h2 class="battle-history">Turn 21</h2><div class="spacer battle-history"><br></div><div class="battle-history">The opposing Shellder used <strong>Icicle Spear</strong>!<br></div><div class="battle-history"><small>It's super effective!</small><br></div><div class="battle-history"><small>(Diglett lost <abbr title="−8/18">44.4%</abbr> of its health!)</small><br></div><div class="battle-history"><small>It's super effective!</small><br></div><div class="battle-history"><small>(Diglett lost <abbr title="−8/18">44.4%</abbr> of its health!)</small><br></div><div class="battle-history"><small>It's super effective!</small><br></div><div class="battle-history"><small>(Diglett lost <abbr title="−2/18">11.1%</abbr> of its health!)</small><br></div><div class="battle-history"><small>Hit 3 times!</small><br></div><div class="spacer battle-history"><br></div><div class="battle-history">Diglett fainted!<br></div><div class="spacer battle-history"><br></div><div class="battle-history">Go! <strong>Timburr</strong>!<br></div><div class="spacer battle-history"><br></div><h2 class="battle-history">Turn 22</h2><div class="spacer battle-history"><br></div><div class="battle-history">Timburr used <strong>Mach Punch</strong>!<br></div><div class="battle-history"><small>(The opposing Shellder lost <abbr title="−7/19">36.8%</abbr> of its health!)</small><br></div><div class="spacer battle-history"><br></div><div class="battle-history">The opposing Shellder used <strong>Icicle Spear</strong>!<br></div><div class="battle-history"><small>A critical hit!</small><br></div><div class="battle-history"><small>(Timburr lost <abbr title="−3/24">12.5%</abbr> of its health!)</small><br></div><div class="battle-history"><small>(Timburr lost <abbr title="−1/24">4.2%</abbr> of its health!)</small><br></div><div class="battle-history"><small>Hit 2 times!</small><br></div><div class="spacer battle-history"><br></div><div class="battle-history">Timburr fainted!<br></div><div class="spacer battle-history"><br></div><div class="battle-history">Go! <strong>Vullaby</strong>!<br></div><div class="spacer battle-history"><br></div><h2 class="battle-history">Turn 23</h2><div class="spacer battle-history"><br></div><div class="battle-history">The opposing Shellder used <strong>Icicle Spear</strong>!<br></div><div class="battle-history"><small>It's super effective!</small><br></div><div class="battle-history"><small>A critical hit!</small><br></div><div class="battle-history"><small>(Vullaby lost <abbr title="−6/23">26.1%</abbr> of its health!)</small><br></div><div class="battle-history"><small>It's super effective!</small><br></div><div class="battle-history"><small>(Vullaby lost <abbr title="−4/23">17.4%</abbr> of its health!)</small><br></div><div class="battle-history"><small>It's super effective!</small><br></div><div class="battle-history"><small>(Vullaby lost <abbr title="−1/23">4.3%</abbr> of its health!)</small><br></div><div class="battle-history"><small>Hit 3 times!</small><br></div><div class="spacer battle-history"><br></div><div class="battle-history">Vullaby fainted!<br></div><div class="spacer battle-history"><br></div><div class="battle-history"><strong>Hydrolucario</strong> won the battle!<br></div><div class="chat chatmessage-jeran"><strong style="color:hsl(334,66%,46%)"><small>★</small><span class="username" data-name="Jeran">Jeran</span>:</strong> <em>nice hax noob</em></div><div class="chat chatmessage-hydrolucario"><strong style="color:hsl(290,60%,45%)"><small>★</small><span class="username" data-name="Hydrolucario">Hydrolucario</span>:</strong> <em>yeah</em></div><div class="chat"><small>Jeran left.</small></div><div class="chat"><small>A Hidey Hole left.</small></div><div class="chat"><small>mouahahah left.</small></div><div class="chat"><small>Poketech Loyalty left.</small></div></div><div class="inner-preempt"></div></div></div>
</div>
<script>
let daily = Math.floor(Date.now()/1000/60/60/24);document.write('<script src="https://play.pokemonshowdown.com/js/replay-embed.js?version'+daily+'"></'+'script>');
</script>
