<!DOCTYPE html>
<meta charset="utf-8" />
<!-- version 1 -->
<title>LC replay: JAO044jat_Kirito vs. supersmartluc</title>
<style>
html,body {font-family:Verdana, sans-serif;font-size:10pt;margin:0;padding:0;}body{padding:12px 0;} .battle-log {font-family:Verdana, sans-serif;font-size:10pt;} .battle-log-inline {border:1px solid #AAAAAA;background:#EEF2F5;color:black;max-width:640px;margin:0 auto 80px;padding-bottom:5px;} .battle-log .inner {padding:4px 8px 0px 8px;} .battle-log .inner-preempt {padding:0 8px 4px 8px;} .battle-log .inner-after {margin-top:0.5em;} .battle-log h2 {margin:0.5em -8px;padding:4px 8px;border:1px solid #AAAAAA;background:#E0E7EA;border-left:0;border-right:0;font-family:Verdana, sans-serif;font-size:13pt;} .battle-log .chat {vertical-align:middle;padding:3px 0 3px 0;font-size:8pt;} .battle-log .chat strong {color:#40576A;} .battle-log .chat em {padding:1px 4px 1px 3px;color:#000000;font-style:normal;} .chat.mine {background:rgba(0,0,0,0.05);margin-left:-8px;margin-right:-8px;padding-left:8px;padding-right:8px;} .spoiler {color:#BBBBBB;background:#BBBBBB;padding:0px 3px;} .spoiler:hover, .spoiler:active, .spoiler-shown {color:#000000;background:#E2E2E2;padding:0px 3px;} .spoiler a {color:#BBBBBB;} .spoiler:hover a, .spoiler:active a, .spoiler-shown a {color:#2288CC;} .chat code, .chat .spoiler:hover code, .chat .spoiler:active code, .chat .spoiler-shown code {border:1px solid #C0C0C0;background:#EEEEEE;color:black;padding:0 2px;} .chat .spoiler code {border:1px solid #CCCCCC;background:#CCCCCC;color:#CCCCCC;} .battle-log .rated {padding:3px 4px;} .battle-log .rated strong {color:white;background:#89A;padding:1px 4px;border-radius:4px;} .spacer {margin-top:0.5em;} .message-announce {background:#6688AA;color:white;padding:1px 4px 2px;} .message-announce a, .broadcast-green a, .broadcast-blue a, .broadcast-red a {color:#DDEEFF;} .broadcast-green {background-color:#559955;color:white;padding:2px 4px;} .broadcast-blue {background-color:#6688AA;color:white;padding:2px 4px;} .infobox {border:1px solid #6688AA;padding:2px 4px;} .infobox-limited {max-height:200px;overflow:auto;overflow-x:hidden;} .broadcast-red {background-color:#AA5544;color:white;padding:2px 4px;} .message-learn-canlearn {font-weight:bold;color:#228822;text-decoration:underline;} .message-learn-cannotlearn {font-weight:bold;color:#CC2222;text-decoration:underline;} .message-effect-weak {font-weight:bold;color:#CC2222;} .message-effect-resist {font-weight:bold;color:#6688AA;} .message-effect-immune {font-weight:bold;color:#666666;} .message-learn-list {margin-top:0;margin-bottom:0;} .message-throttle-notice, .message-error {color:#992222;} .message-overflow, .chat small.message-overflow {font-size:0pt;} .message-overflow::before {font-size:9pt;content:'...';} .subtle {color:#3A4A66;}
</style>
<div class="wrapper replay-wrapper" style="max-width:1180px;margin:0 auto">
<input type="hidden" name="replayid" value="lc-488654231" />
<div class="battle"></div><div class="battle-log"></div><div class="replay-controls"></div><div class="replay-controls-2"></div>
<h1 style="font-weight:normal;text-align:center"><strong>LC</strong><br /><a href="http://pokemonshowdown.com/users/jao044jatkirito" class="subtle" target="_blank">JAO044jat_Kirito</a> vs. <a href="http://pokemonshowdown.com/users/supersmartluc" class="subtle" target="_blank">supersmartluc</a></h1>
<script type="text/plain" class="battle-log-data">|j|JAO044jat_Kirito
|j|supersmartluc
|player|p1|JAO044jat_Kirito|102
|player|p2|supersmartluc|184
|gametype|singles
|gen|6
|tier|LC
|rated
|seed|9388,17627,25412,40667
|clearpoke
|poke|p1|Surskit, L5, F, shiny|item
|poke|p1|Gastly, L5, F, shiny|item
|poke|p1|Mienfoo, L5, M, shiny|item
|poke|p1|Drilbur, L5, F, shiny|item
|poke|p1|Pawniard, L5, M, shiny|item
|poke|p1|Omanyte, L5, F, shiny|item
|poke|p2|Shellder, L5, M|item
|poke|p2|Onix, L5, M|item
|poke|p2|Gastly, L5, M|item
|poke|p2|Drilbur, L5, M|item
|poke|p2|Honedge, L5, M|item
|poke|p2|Riolu, L5, M|item
|rule|Sleep Clause Mod: Limit one foe put to sleep
|rule|Species Clause: Limit one of each Pokémon
|rule|OHKO Clause: OHKO moves are banned
|rule|Moody Clause: Moody is banned
|rule|Evasion Moves Clause: Evasion moves are banned
|rule|Endless Battle Clause: Forcing endless battles is banned
|rule|HP Percentage Mod: HP is shown in percentages
|teampreview
|choice|team 1, team 2, team 3, team 4, team 5, team 6|team 1, team 2, team 3, team 4, team 5, team 6
|
|start
|switch|p1a: Surskit|Surskit, L5, F, shiny|21\/21
|switch|p2a: Shellder|Shellder, L5, M|19\/19
|turn|1
|choice|move stickyweb|move shellsmash
|
|move|p1a: Surskit|Sticky Web|p2a: Shellder
|-sidestart|p2: supersmartluc|move: Sticky Web
|move|p2a: Shellder|Shell Smash|p2a: Shellder
|-unboost|p2a: Shellder|def|1
|-unboost|p2a: Shellder|spd|1
|-boost|p2a: Shellder|atk|2
|-boost|p2a: Shellder|spa|2
|-boost|p2a: Shellder|spe|2
|-enditem|p2a: Shellder|White Herb
|-clearnegativeboost|p2a: Shellder|[silent]
|
|turn|2
|choice|move signalbeam|move shellsmash
|
|move|p2a: Shellder|Shell Smash|p2a: Shellder
|-unboost|p2a: Shellder|def|1
|-unboost|p2a: Shellder|spd|1
|-boost|p2a: Shellder|atk|2
|-boost|p2a: Shellder|spa|2
|-boost|p2a: Shellder|spe|2
|move|p1a: Surskit|Signal Beam|p2a: Shellder
|-damage|p2a: Shellder|0 fnt
|faint|p2a: Shellder
|
|c|★JAO044jat_Kirito|kkkkkkkkkkk
|choice||switch 2
|
|switch|p2a: Onix|Onix, L5, M|21\/21
|-activate|p2a: Onix|move: Sticky Web
|-unboost|p2a: Onix|spe|1
|turn|3
|choice|move scald|move rockblast
|
|move|p1a: Surskit|Scald|p2a: Onix
|-supereffective|p2a: Onix
|-ability|p2a: Onix|Sturdy
|-damage|p2a: Onix|1\/21
|-enditem|p2a: Onix|Berry Juice
|-heal|p2a: Onix|21\/21|[from] item: Berry Juice
|move|p2a: Onix|Rock Blast|p1a: Surskit
|-supereffective|p1a: Surskit
|-damage|p1a: Surskit|13\/21
|-supereffective|p1a: Surskit
|-damage|p1a: Surskit|5\/21
|-supereffective|p1a: Surskit
|-damage|p1a: Surskit|0 fnt
|-hitcount|p1a: Surskit|3
|faint|p1a: Surskit
|
|choice|switch 6|
|
|switch|p1a: Omanyte|Omanyte, L5, F, shiny|20\/20
|turn|4
|choice|move shellsmash|move rockblast
|
|move|p1a: Omanyte|Shell Smash|p1a: Omanyte
|-unboost|p1a: Omanyte|def|1
|-unboost|p1a: Omanyte|spd|1
|-boost|p1a: Omanyte|atk|2
|-boost|p1a: Omanyte|spa|2
|-boost|p1a: Omanyte|spe|2
|move|p2a: Onix|Rock Blast|p1a: Omanyte
|-damage|p1a: Omanyte|17\/20
|-damage|p1a: Omanyte|14\/20
|-damage|p1a: Omanyte|11\/20
|-hitcount|p1a: Omanyte|3
|
|turn|5
|choice|move surf|move earthquake
|
|move|p1a: Omanyte|Surf|p2a: Onix
|-supereffective|p2a: Onix
|-ability|p2a: Onix|Sturdy
|-damage|p2a: Onix|1\/21
|move|p2a: Onix|Earthquake|p1a: Omanyte
|-supereffective|p1a: Omanyte
|-damage|p1a: Omanyte|0 fnt
|faint|p1a: Omanyte
|
|choice|switch 5|
|
|switch|p1a: Pawniard|Pawniard, L5, M, shiny|21\/21
|turn|6
|choice|move suckerpunch|move rockblast
|
|move|p1a: Pawniard|Sucker Punch|p2a: Onix
|-damage|p2a: Onix|0 fnt
|faint|p2a: Onix
|
|choice||switch 6
|
|switch|p2a: Riolu|Riolu, L5, M|21\/21
|-activate|p2a: Riolu|move: Sticky Web
|-unboost|p2a: Riolu|spe|1
|turn|7
|choice|move stealthrock|move highjumpkick
|
|move|p1a: Pawniard|Stealth Rock|p2a: Riolu
|-sidestart|p2: supersmartluc|move: Stealth Rock
|move|p2a: Riolu|High Jump Kick|p1a: Pawniard
|-supereffective|p1a: Pawniard
|-damage|p1a: Pawniard|0 fnt
|faint|p1a: Pawniard
|
|choice|switch 2|
|
|switch|p1a: Gastly|Gastly, L5, F, shiny|19\/19
|turn|8
|choice|move dazzlinggleam|switch 3
|
|switch|p2a: Gastly|Gastly, L5, M|19\/19
|-damage|p2a: Gastly|17\/19|[from] Stealth Rock
|move|p1a: Gastly|Dazzling Gleam|p2a: Gastly
|-resisted|p2a: Gastly
|-damage|p2a: Gastly|11\/19
|-damage|p1a: Gastly|18\/19|[from] item: Life Orb
|
|turn|9
|choice|move dazzlinggleam|move shadowball
|
|move|p1a: Gastly|Dazzling Gleam|p2a: Gastly
|-resisted|p2a: Gastly
|-damage|p2a: Gastly|5\/19
|-damage|p1a: Gastly|17\/19|[from] item: Life Orb
|move|p2a: Gastly|Shadow Ball|p1a: Gastly
|-supereffective|p1a: Gastly
|-damage|p1a: Gastly|0 fnt
|-damage|p2a: Gastly|4\/19|[from] item: Life Orb
|faint|p1a: Gastly
|
|choice|switch 3|
|
|switch|p1a: Mienfoo|Mienfoo, L5, M, shiny|21\/21
|turn|10
|c|★JAO044jat_Kirito|go plz
|choice|move knockoff|move destinybond
|
|move|p2a: Gastly|Destiny Bond|p2a: Gastly
|-singlemove|p2a: Gastly|Destiny Bond
|move|p1a: Mienfoo|Knock Off|p2a: Gastly
|-supereffective|p2a: Gastly
|-damage|p2a: Gastly|0 fnt
|-enditem|p2a: Gastly|Life Orb|[from] move: Knock Off|[of] p1a: Mienfoo
|faint|p2a: Gastly
|-activate|p2a: Gastly|move: Destiny Bond
|faint|p1a: Mienfoo
|
|choice|switch 4|switch 5
|
|switch|p1a: Drilbur|Drilbur, L5, F, shiny|23\/23
|switch|p2a: Honedge|Honedge, L5, M|21\/21
|-ability|p1a: Drilbur|Mold Breaker
|-damage|p2a: Honedge|20\/21|[from] Stealth Rock
|-activate|p2a: Honedge|move: Sticky Web
|-unboost|p2a: Honedge|spe|1
|turn|11
|j|allb.ii
|choice|move earthquake|move ironhead
|
|move|p1a: Drilbur|Earthquake|p2a: Honedge
|-supereffective|p2a: Honedge
|-damage|p2a: Honedge|2\/21
|move|p2a: Honedge|Iron Head|p1a: Drilbur
|-damage|p1a: Drilbur|11\/23
|
|turn|12
|choice|move earthquake|switch 4
|
|switch|p2a: Drilbur|Drilbur, L5, M|23\/23
|-activate|p2a: Drilbur|move: Sticky Web
|-unboost|p2a: Drilbur|spe|1
|-damage|p2a: Drilbur|22\/23|[from] Stealth Rock
|-ability|p2a: Drilbur|Mold Breaker
|move|p1a: Drilbur|Earthquake|p2a: Drilbur
|-damage|p2a: Drilbur|0 fnt
|faint|p2a: Drilbur
|
|choice||switch 3
|
|switch|p2a: Riolu|Riolu, L5, M|21\/21
|-activate|p2a: Riolu|move: Sticky Web
|-unboost|p2a: Riolu|spe|1
|-damage|p2a: Riolu|20\/21|[from] Stealth Rock
|turn|13
|choice|move rockslide|move swordsdance
|
|move|p2a: Riolu|Swords Dance|p2a: Riolu
|-boost|p2a: Riolu|atk|2
|move|p1a: Drilbur|Rock Slide|p2a: Riolu
|-resisted|p2a: Riolu
|-damage|p2a: Riolu|17\/21
|
|turn|14
|choice|move earthquake|move highjumpkick
|
|move|p1a: Drilbur|Earthquake|p2a: Riolu
|-damage|p2a: Riolu|2\/21
|move|p2a: Riolu|High Jump Kick|p1a: Drilbur
|-damage|p1a: Drilbur|0 fnt
|faint|p1a: Drilbur
|
|win|supersmartluc
|player|p1
|player|p2
|l|allb.ii
|raw|JAO044jat_Kirito's rating: 1105 &rarr; <strong>1073<\/strong><br \/>(-32 for losing)
|raw|supersmartluc's rating: 1000 &rarr; <strong>1052<\/strong><br \/>(+52 for winning)
|l|JAO044jat_Kirito</script>
</div>
<div class="battle-log battle-log-inline"><div class="inner"><div class="battle-options"></div><div class="inner"><div class="chat"><small>JAO044jat_Kirito joined.</small></div><div class="chat"><small>supersmartluc joined.</small></div><div class=""><small>Format:</small> <br><strong>LC</strong></div><div class="rated"><strong>Rated battle</strong></div><div class=""><small><em>Sleep Clause Mod:</em> Limit one foe put to sleep</small></div><div class=""><small><em>Species Clause:</em> Limit one of each Pokémon</small></div><div class=""><small><em>OHKO Clause:</em> OHKO moves are banned</small></div><div class=""><small><em>Moody Clause:</em> Moody is banned</small></div><div class=""><small><em>Evasion Moves Clause:</em> Evasion moves are banned</small></div><div class=""><small><em>Endless Battle Clause:</em> Forcing endless battles is banned</small></div><div class=""><small><em>HP Percentage Mod:</em> HP is shown in percentages</small></div><div class="chat battle-history"><strong>JAO044jat_Kirito's team:</strong> <em style="color:#445566;display:block;">Surskit / Gastly / Mienfoo / Drilbur / Pawniard / Omanyte</em></div><div class="chat battle-history"><strong>supersmartluc's team:</strong> <em style="color:#445566;display:block;">Shellder / Onix / Gastly / Drilbur / Honedge / Riolu</em></div><div class="spacer battle-history"><br></div><div class="battle-history">Battle started between JAO044jat_Kirito and supersmartluc!<br></div><div class="spacer battle-history"><br></div><div class="battle-history">Go! <strong>Surskit</strong>!<br></div><div class="spacer battle-history"><br></div><div class="battle-history">supersmartluc sent out <strong>Shellder</strong>!<br></div><div class="spacer battle-history"><br></div><h2 class="battle-history">Turn 1</h2><div class="spacer battle-history"><br></div><div class="battle-history">Surskit used <strong>Sticky Web</strong>!<br></div><div class="battle-history"><small>A sticky web spreads out on the ground around the opposing team!</small><br></div><div class="spacer battle-history"><br></div><div class="battle-history">The opposing Shellder used <strong>Shell Smash</strong>!<br></div><div class="battle-history"><small>The opposing Shellder's Defense fell!</small><br></div><div class="battle-history"><small>The opposing Shellder's Special Defense fell!</small><br></div><div class="battle-history"><small>The opposing Shellder's Attack rose sharply!</small><br></div><div class="battle-history"><small>The opposing Shellder's Special Attack rose sharply!</small><br></div><div class="battle-history"><small>The opposing Shellder's Speed rose sharply!</small><br></div><div class="battle-history"><small>The opposing Shellder returned its status to normal using its White Herb!</small><br></div><div class="spacer battle-history"><br></div><h2 class="battle-history">Turn 2</h2><div class="spacer battle-history"><br></div><div class="battle-history">The opposing Shellder used <strong>Shell Smash</strong>!<br></div><div class="battle-history"><small>The opposing Shellder's Defense fell!</small><br></div><div class="battle-history"><small>The opposing Shellder's Special Defense fell!</small><br></div><div class="battle-history"><small>The opposing Shellder's Attack rose sharply!</small><br></div><div class="battle-history"><small>The opposing Shellder's Special Attack rose sharply!</small><br></div><div class="battle-history"><small>The opposing Shellder's Speed rose sharply!</small><br></div><div class="spacer battle-history"><br></div><div class="battle-history">Surskit used <strong>Signal Beam</strong>!<br></div><div class="battle-history"><small>(The opposing Shellder lost <abbr title="−19/19">100%</abbr> of its health!)</small><br></div><div class="spacer battle-history"><br></div><div class="battle-history">The opposing Shellder fainted!<br></div><div class="chat chatmessage-jao044jatkirito"><strong style="color:hsl(242,68%,64.18844946633236%)"><small>★</small><span class="username" data-name="JAO044jat_Kirito">JAO044jat_Kirito</span>:</strong> <em>kkkkkkkkkkk</em></div><div class="spacer battle-history"><br></div><div class="battle-history">supersmartluc sent out <strong>Onix</strong>!<br></div><div class="battle-history"><small>The opposing Onix was caught in a sticky web!</small><br></div><div class="battle-history"><small>The opposing Onix's Speed fell!</small><br></div><div class="spacer battle-history"><br></div><h2 class="battle-history">Turn 3</h2><div class="spacer battle-history"><br></div><div class="battle-history">Surskit used <strong>Scald</strong>!<br></div><div class="battle-history"><small>It's super effective!</small><br></div><div class="battle-history"><small>[The opposing Onix's Sturdy]</small><br><small>The opposing Onix endured the hit!</small><br></div><div class="battle-history"><small>(The opposing Onix lost <abbr title="−20/21">95.2%</abbr> of its health!)</small><br></div><div class="battle-history"><small>(The opposing Onix used its Berry Juice!)</small><br></div><div class="battle-history"><small>The opposing Onix restored HP using its Berry Juice!</small><br></div><div class="spacer battle-history"><br></div><div class="battle-history">The opposing Onix used <strong>Rock Blast</strong>!<br></div><div class="battle-history"><small>It's super effective!</small><br></div><div class="battle-history"><small>(Surskit lost <abbr title="−8/21">38.1%</abbr> of its health!)</small><br></div><div class="battle-history"><small>It's super effective!</small><br></div><div class="battle-history"><small>(Surskit lost <abbr title="−8/21">38.1%</abbr> of its health!)</small><br></div><div class="battle-history"><small>It's super effective!</small><br></div><div class="battle-history"><small>(Surskit lost <abbr title="−5/21">23.8%</abbr> of its health!)</small><br></div><div class="battle-history"><small>Hit 3 times!</small><br></div><div class="spacer battle-history"><br></div><div class="battle-history">Surskit fainted!<br></div><div class="spacer battle-history"><br></div><div class="battle-history">Go! <strong>Omanyte</strong>!<br></div><div class="spacer battle-history"><br></div><h2 class="battle-history">Turn 4</h2><div class="spacer battle-history"><br></div><div class="battle-history">Omanyte used <strong>Shell Smash</strong>!<br></div><div class="battle-history"><small>Omanyte's Defense fell!</small><br></div><div class="battle-history"><small>Omanyte's Special Defense fell!</small><br></div><div class="battle-history"><small>Omanyte's Attack rose sharply!</small><br></div><div class="battle-history"><small>Omanyte's Special Attack rose sharply!</small><br></div><div class="battle-history"><small>Omanyte's Speed rose sharply!</small><br></div><div class="spacer battle-history"><br></div><div class="battle-history">The opposing Onix used <strong>Rock Blast</strong>!<br></div><div class="battle-history"><small>(Omanyte lost <abbr title="−3/20">15%</abbr> of its health!)</small><br></div><div class="battle-history"><small>(Omanyte lost <abbr title="−3/20">15%</abbr> of its health!)</small><br></div><div class="battle-history"><small>(Omanyte lost <abbr title="−3/20">15%</abbr> of its health!)</small><br></div><div class="battle-history"><small>Hit 3 times!</small><br></div><div class="spacer battle-history"><br></div><h2 class="battle-history">Turn 5</h2><div class="spacer battle-history"><br></div><div class="battle-history">Omanyte used <strong>Surf</strong>!<br></div><div class="battle-history"><small>It's super effective!</small><br></div><div class="battle-history"><small>[The opposing Onix's Sturdy]</small><br><small>The opposing Onix endured the hit!</small><br></div><div class="battle-history"><small>(The opposing Onix lost <abbr title="−20/21">95.2%</abbr> of its health!)</small><br></div><div class="spacer battle-history"><br></div><div class="battle-history">The opposing Onix used <strong>Earthquake</strong>!<br></div><div class="battle-history"><small>It's super effective!</small><br></div><div class="battle-history"><small>(Omanyte lost <abbr title="−11/20">55.0%</abbr> of its health!)</small><br></div><div class="spacer battle-history"><br></div><div class="battle-history">Omanyte fainted!<br></div><div class="spacer battle-history"><br></div><div class="battle-history">Go! <strong>Pawniard</strong>!<br></div><div class="spacer battle-history"><br></div><h2 class="battle-history">Turn 6</h2><div class="spacer battle-history"><br></div><div class="battle-history">Pawniard used <strong>Sucker Punch</strong>!<br></div><div class="battle-history"><small>(The opposing Onix lost <abbr title="−1/21">4.8%</abbr> of its health!)</small><br></div><div class="spacer battle-history"><br></div><div class="battle-history">The opposing Onix fainted!<br></div><div class="spacer battle-history"><br></div><div class="battle-history">supersmartluc sent out <strong>Riolu</strong>!<br></div><div class="battle-history"><small>The opposing Riolu was caught in a sticky web!</small><br></div><div class="battle-history"><small>The opposing Riolu's Speed fell!</small><br></div><div class="spacer battle-history"><br></div><h2 class="battle-history">Turn 7</h2><div class="spacer battle-history"><br></div><div class="battle-history">Pawniard used <strong>Stealth Rock</strong>!<br></div><div class="battle-history"><small>Pointed stones float in the air around the opposing team!</small><br></div><div class="spacer battle-history"><br></div><div class="battle-history">The opposing Riolu used <strong>High Jump Kick</strong>!<br></div><div class="battle-history"><small>It's super effective!</small><br></div><div class="battle-history"><small>(Pawniard lost <abbr title="−21/21">100%</abbr> of its health!)</small><br></div><div class="spacer battle-history"><br></div><div class="battle-history">Pawniard fainted!<br></div><div class="spacer battle-history"><br></div><div class="battle-history">Go! <strong>Gastly</strong>!<br></div><div class="spacer battle-history"><br></div><h2 class="battle-history">Turn 8</h2><div class="spacer battle-history"><br></div><div class="battle-history">supersmartluc withdrew Riolu!<br></div><div class="battle-history">supersmartluc sent out <strong>Gastly</strong>!<br></div><div class="battle-history"><small>Pointed stones dug into the opposing Gastly!</small><br></div><div class="spacer battle-history"><br></div><div class="battle-history">Gastly used <strong>Dazzling Gleam</strong>!<br></div><div class="battle-history"><small>It's not very effective...</small><br></div><div class="battle-history"><small>(The opposing Gastly lost <abbr title="−6/19">31.6%</abbr> of its health!)</small><br></div><div class="battle-history"><small>Gastly lost some of its HP!</small><br></div><div class="spacer battle-history"><br></div><h2 class="battle-history">Turn 9</h2><div class="spacer battle-history"><br></div><div class="battle-history">Gastly used <strong>Dazzling Gleam</strong>!<br></div><div class="battle-history"><small>It's not very effective...</small><br></div><div class="battle-history"><small>(The opposing Gastly lost <abbr title="−6/19">31.6%</abbr> of its health!)</small><br></div><div class="battle-history"><small>Gastly lost some of its HP!</small><br></div><div class="spacer battle-history"><br></div><div class="battle-history">The opposing Gastly used <strong>Shadow Ball</strong>!<br></div><div class="battle-history"><small>It's super effective!</small><br></div><div class="battle-history"><small>(Gastly lost <abbr title="−17/19">89.5%</abbr> of its health!)</small><br></div><div class="battle-history"><small>The opposing Gastly lost some of its HP!</small><br></div><div class="spacer battle-history"><br></div><div class="battle-history">Gastly fainted!<br></div><div class="spacer battle-history"><br></div><div class="battle-history">Go! <strong>Mienfoo</strong>!<br></div><div class="spacer battle-history"><br></div><h2 class="battle-history">Turn 10</h2><div class="chat chatmessage-jao044jatkirito"><strong style="color:hsl(242,68%,64.18844946633236%)"><small>★</small><span class="username" data-name="JAO044jat_Kirito">JAO044jat_Kirito</span>:</strong> <em>go plz</em></div><div class="spacer battle-history"><br></div><div class="battle-history">The opposing Gastly used <strong>Destiny Bond</strong>!<br></div><div class="battle-history">The opposing Gastly is hoping to take its attacker down with it!<br></div><div class="spacer battle-history"><br></div><div class="battle-history">Mienfoo used <strong>Knock Off</strong>!<br></div><div class="battle-history"><small>It's super effective!</small><br></div><div class="battle-history"><small>(The opposing Gastly lost <abbr title="−4/19">21.1%</abbr> of its health!)</small><br></div><div class="battle-history"><small>Mienfoo knocked off the opposing Gastly's Life Orb!</small><br></div><div class="spacer battle-history"><br></div><div class="battle-history">The opposing Gastly fainted!<br></div><div class="battle-history"><small>The opposing Gastly took its attacker down with it!</small><br></div><div class="spacer battle-history"><br></div><div class="battle-history">Mienfoo fainted!<br></div><div class="spacer battle-history"><br></div><div class="battle-history">Go! <strong>Drilbur</strong>!<br></div><div class="spacer battle-history"><br></div><div class="battle-history">supersmartluc sent out <strong>Honedge</strong>!<br></div><div class="battle-history"><small>[Drilbur's Mold Breaker]</small><br><small>Drilbur breaks the mold!</small><br></div><div class="battle-history"><small>Pointed stones dug into the opposing Honedge!</small><br></div><div class="battle-history"><small>The opposing Honedge was caught in a sticky web!</small><br></div><div class="battle-history"><small>The opposing Honedge's Speed fell!</small><br></div><div class="spacer battle-history"><br></div><h2 class="battle-history">Turn 11</h2><div class="chat"><small>allb.ii joined.</small></div><div class="spacer battle-history"><br></div><div class="battle-history">Drilbur used <strong>Earthquake</strong>!<br></div><div class="battle-history"><small>It's super effective!</small><br></div><div class="battle-history"><small>(The opposing Honedge lost <abbr title="−18/21">85.7%</abbr> of its health!)</small><br></div><div class="spacer battle-history"><br></div><div class="battle-history">The opposing Honedge used <strong>Iron Head</strong>!<br></div><div class="battle-history"><small>(Drilbur lost <abbr title="−12/23">52.2%</abbr> of its health!)</small><br></div><div class="spacer battle-history"><br></div><h2 class="battle-history">Turn 12</h2><div class="spacer battle-history"><br></div><div class="battle-history">supersmartluc withdrew Honedge!<br></div><div class="battle-history">supersmartluc sent out <strong>Drilbur</strong>!<br></div><div class="battle-history"><small>The opposing Drilbur was caught in a sticky web!</small><br></div><div class="battle-history"><small>The opposing Drilbur's Speed fell!</small><br></div><div class="battle-history"><small>Pointed stones dug into the opposing Drilbur!</small><br></div><div class="battle-history"><small>[The opposing Drilbur's Mold Breaker]</small><br><small>The opposing Drilbur breaks the mold!</small><br></div><div class="spacer battle-history"><br></div><div class="battle-history">Drilbur used <strong>Earthquake</strong>!<br></div><div class="battle-history"><small>(The opposing Drilbur lost <abbr title="−22/23">95.7%</abbr> of its health!)</small><br></div><div class="spacer battle-history"><br></div><div class="battle-history">The opposing Drilbur fainted!<br></div><div class="spacer battle-history"><br></div><div class="battle-history">supersmartluc sent out <strong>Riolu</strong>!<br></div><div class="battle-history"><small>The opposing Riolu was caught in a sticky web!</small><br></div><div class="battle-history"><small>The opposing Riolu's Speed fell!</small><br></div><div class="battle-history"><small>Pointed stones dug into the opposing Riolu!</small><br></div><div class="spacer battle-history"><br></div><h2 class="battle-history">Turn 13</h2><div class="spacer battle-history"><br></div><div class="battle-history">The opposing Riolu used <strong>Swords Dance</strong>!<br></div><div class="battle-history"><small>The opposing Riolu's Attack rose sharply!</small><br></div><div class="spacer battle-history"><br></div><div class="battle-history">Drilbur used <strong>Rock Slide</strong>!<br></div><div class="battle-history"><small>It's not very effective...</small><br></div><div class="battle-history"><small>(The opposing Riolu lost <abbr title="−3/21">14.3%</abbr> of its health!)</small><br></div><div class="spacer battle-history"><br></div><h2 class="battle-history">Turn 14</h2><div class="spacer battle-history"><br></div><div class="battle-history">Drilbur used <strong>Earthquake</strong>!<br></div><div class="battle-history"><small>(The opposing Riolu lost <abbr title="−15/21">71.4%</abbr> of its health!)</small><br></div><div class="spacer battle-history"><br></div><div class="battle-history">The opposing Riolu used <strong>High Jump Kick</strong>!<br></div><div class="battle-history"><small>(Drilbur lost <abbr title="−11/23">47.8%</abbr> of its health!)</small><br></div><div class="spacer battle-history"><br></div><div class="battle-history">Drilbur fainted!<br></div><div class="spacer battle-history"><br></div><div class="battle-history"><strong>supersmartluc</strong> won the battle!<br></div><div class="chat"><small>allb.ii left.</small></div><div class="chat">JAO044jat_Kirito's rating: 1105 → <strong>1073</strong><br>(-32 for losing)</div><div class="chat">supersmartluc's rating: 1000 → <strong>1052</strong><br>(+52 for winning)</div><div class="chat"><small>JAO044jat_Kirito left.</small></div></div><div class="inner-preempt"></div></div></div>
</div>
<script>
let daily = Math.floor(Date.now()/1000/60/60/24);document.write('<script src="https://play.pokemonshowdown.com/js/replay-embed.js?version'+daily+'"></'+'script>');
</script>
