<!DOCTYPE html>
<meta charset="utf-8" />
<!-- version 1 -->
<title>LC replay: Lcans vs. EeveetoTheN00b</title>
<style>
html,body {font-family:Verdana, sans-serif;font-size:10pt;margin:0;padding:0;}body{padding:12px 0;} .battle-log {font-family:Verdana, sans-serif;font-size:10pt;} .battle-log-inline {border:1px solid #AAAAAA;background:#EEF2F5;color:black;max-width:640px;margin:0 auto 80px;padding-bottom:5px;} .battle-log .inner {padding:4px 8px 0px 8px;} .battle-log .inner-preempt {padding:0 8px 4px 8px;} .battle-log .inner-after {margin-top:0.5em;} .battle-log h2 {margin:0.5em -8px;padding:4px 8px;border:1px solid #AAAAAA;background:#E0E7EA;border-left:0;border-right:0;font-family:Verdana, sans-serif;font-size:13pt;} .battle-log .chat {vertical-align:middle;padding:3px 0 3px 0;font-size:8pt;} .battle-log .chat strong {color:#40576A;} .battle-log .chat em {padding:1px 4px 1px 3px;color:#000000;font-style:normal;} .chat.mine {background:rgba(0,0,0,0.05);margin-left:-8px;margin-right:-8px;padding-left:8px;padding-right:8px;} .spoiler {color:#BBBBBB;background:#BBBBBB;padding:0px 3px;} .spoiler:hover, .spoiler:active, .spoiler-shown {color:#000000;background:#E2E2E2;padding:0px 3px;} .spoiler a {color:#BBBBBB;} .spoiler:hover a, .spoiler:active a, .spoiler-shown a {color:#2288CC;} .chat code, .chat .spoiler:hover code, .chat .spoiler:active code, .chat .spoiler-shown code {border:1px solid #C0C0C0;background:#EEEEEE;color:black;padding:0 2px;} .chat .spoiler code {border:1px solid #CCCCCC;background:#CCCCCC;color:#CCCCCC;} .battle-log .rated {padding:3px 4px;} .battle-log .rated strong {color:white;background:#89A;padding:1px 4px;border-radius:4px;} .spacer {margin-top:0.5em;} .message-announce {background:#6688AA;color:white;padding:1px 4px 2px;} .message-announce a, .broadcast-green a, .broadcast-blue a, .broadcast-red a {color:#DDEEFF;} .broadcast-green {background-color:#559955;color:white;padding:2px 4px;} .broadcast-blue {background-color:#6688AA;color:white;padding:2px 4px;} .infobox {border:1px solid #6688AA;padding:2px 4px;} .infobox-limited {max-height:200px;overflow:auto;overflow-x:hidden;} .broadcast-red {background-color:#AA5544;color:white;padding:2px 4px;} .message-learn-canlearn {font-weight:bold;color:#228822;text-decoration:underline;} .message-learn-cannotlearn {font-weight:bold;color:#CC2222;text-decoration:underline;} .message-effect-weak {font-weight:bold;color:#CC2222;} .message-effect-resist {font-weight:bold;color:#6688AA;} .message-effect-immune {font-weight:bold;color:#666666;} .message-learn-list {margin-top:0;margin-bottom:0;} .message-throttle-notice, .message-error {color:#992222;} .message-overflow, .chat small.message-overflow {font-size:0pt;} .message-overflow::before {font-size:9pt;content:'...';} .subtle {color:#3A4A66;}
</style>
<div class="wrapper replay-wrapper" style="max-width:1180px;margin:0 auto">
<input type="hidden" name="replayid" value="pokespain-lc-2909" />
<div class="battle"></div><div class="battle-log"></div><div class="replay-controls"></div><div class="replay-controls-2"></div>
<h1 style="font-weight:normal;text-align:center"><strong>LC</strong><br /><a href="http://pokemonshowdown.com/users/lcans" class="subtle" target="_blank">Lcans</a> vs. <a href="http://pokemonshowdown.com/users/eeveetothen00b" class="subtle" target="_blank">EeveetoTheN00b</a></h1>
<script type="text/plain" class="battle-log-data">|j|Lcans
|j|EeveetoTheN00b
|player|p1|Lcans|233
|player|p2|EeveetoTheN00b|54
|gametype|singles
|gen|6
|tier|LC
|seed|5899,9009,61349,16000
|clearpoke
|poke|p1|Pumpkaboo-*, L5, F|item
|poke|p1|Dwebble, L5, M|item
|poke|p1|Abra, L5, M|item
|poke|p1|Pawniard, L5, M|item
|poke|p1|Croagunk, L5, M|item
|poke|p1|Omanyte, L5, M|item
|poke|p2|Budew, L5, F|item
|poke|p2|Ponyta, L5, M|item
|poke|p2|Pawniard, L5, M|item
|poke|p2|Frillish, L5, M|item
|poke|p2|Drilbur, L5, M|item
|poke|p2|Vullaby, L5, F|item
|rule|Sleep Clause Mod: Limit one foe put to sleep
|rule|Species Clause: Limit one of each Pokémon
|rule|OHKO Clause: OHKO moves are banned
|rule|Moody Clause: Moody is banned
|rule|Evasion Moves Clause: Evasion moves are banned
|rule|Endless Battle Clause: Forcing endless battles is banned
|rule|HP Percentage Mod: HP is shown in percentages
|teampreview
|choice|team 2, team 1, team 3, team 4, team 5, team 6|team 6, team 2, team 3, team 4, team 5, team 1
|
|start
|switch|p1a: Dwebble|Dwebble, L5, M|21\/21
|switch|p2a: Mini Buitre|Vullaby, L5, F|23\/23
|turn|1
|choice|move stealthrock|move uturn
|
|move|p2a: Mini Buitre|U-turn|p1a: Dwebble
|-damage|p1a: Dwebble|14\/21
|choice||switch 5
|
|switch|p2a: Drilli|Drilbur, L5, M|23\/23
|-ability|p2a: Drilli|Mold Breaker
|move|p1a: Dwebble|Stealth Rock|p2a: Drilli
|-sidestart|p2: EeveetoTheN00b|move: Stealth Rock
|
|turn|2
|choice|switch 2|move stealthrock
|
|switch|p1a: Pumpkaboo|Pumpkaboo-Small, L5, F|20\/20
|-item|p2a: Drilli|Eviolite|[from] ability: Frisk|[of] p1a: Pumpkaboo|[identify]
|move|p2a: Drilli|Stealth Rock|p1a: Pumpkaboo
|-sidestart|p1: Lcans|move: Stealth Rock
|
|turn|3
|choice|move rockslide|switch 2
|
|switch|p2a: M Ponyta|Ponyta, L5, M|21\/21
|-damage|p2a: M Ponyta|16\/21|[from] Stealth Rock
|move|p1a: Pumpkaboo|Rock Slide|p2a: M Ponyta
|-supereffective|p2a: M Ponyta
|-damage|p2a: M Ponyta|6\/21
|
|turn|4
|choice|switch 2|move morningsun
|
|switch|p1a: Dwebble|Dwebble, L5, M|14\/21
|-damage|p1a: Dwebble|9\/21|[from] Stealth Rock
|-enditem|p1a: Dwebble|Berry Juice
|-heal|p1a: Dwebble|21\/21|[from] item: Berry Juice
|move|p2a: M Ponyta|Morning Sun|p2a: M Ponyta
|-heal|p2a: M Ponyta|16\/21
|
|turn|5
|j|Zng
|choice|move spikes|move willowisp
|
|move|p2a: M Ponyta|Will-O-Wisp|p1a: Dwebble|[miss]
|-miss|p2a: M Ponyta|p1a: Dwebble
|move|p1a: Dwebble|Spikes|p2a: M Ponyta
|-sidestart|p2: EeveetoTheN00b|Spikes
|
|turn|6
|choice|move spikes|move willowisp
|
|move|p2a: M Ponyta|Will-O-Wisp|p1a: Dwebble|[miss]
|-miss|p2a: M Ponyta|p1a: Dwebble
|move|p1a: Dwebble|Spikes|p2a: M Ponyta
|-sidestart|p2: EeveetoTheN00b|Spikes
|
|turn|7
|c|★Lcans|sorry
|choice|move spikes|move willowisp
|
|move|p2a: M Ponyta|Will-O-Wisp|p1a: Dwebble
|-status|p1a: Dwebble|brn
|move|p1a: Dwebble|Spikes|p2a: M Ponyta
|-sidestart|p2: EeveetoTheN00b|Spikes
|
|-damage|p1a: Dwebble|19\/21 brn|[from] brn
|turn|8
|choice|move knockoff|move sunnyday
|
|move|p2a: M Ponyta|Sunny Day|p2a: M Ponyta
|-weather|SunnyDay
|move|p1a: Dwebble|Knock Off|p2a: M Ponyta
|-damage|p2a: M Ponyta|13\/21
|-enditem|p2a: M Ponyta|Eviolite|[from] move: Knock Off|[of] p1a: Dwebble
|
|-weather|SunnyDay|[upkeep]
|-damage|p1a: Dwebble|17\/21 brn|[from] brn
|turn|9
|choice|move rockblast|move morningsun
|
|move|p2a: M Ponyta|Morning Sun|p2a: M Ponyta
|-heal|p2a: M Ponyta|21\/21
|move|p1a: Dwebble|Rock Blast|p2a: M Ponyta
|-supereffective|p2a: M Ponyta
|-damage|p2a: M Ponyta|17\/21
|-supereffective|p2a: M Ponyta
|-damage|p2a: M Ponyta|13\/21
|-supereffective|p2a: M Ponyta
|-damage|p2a: M Ponyta|9\/21
|-supereffective|p2a: M Ponyta
|-damage|p2a: M Ponyta|5\/21
|-hitcount|p2a: M Ponyta|4
|
|-weather|SunnyDay|[upkeep]
|-damage|p1a: Dwebble|15\/21 brn|[from] brn
|turn|10
|choice|move rockblast|move morningsun
|
|move|p2a: M Ponyta|Morning Sun|p2a: M Ponyta
|-heal|p2a: M Ponyta|19\/21
|move|p1a: Dwebble|Rock Blast|p2a: M Ponyta
|-supereffective|p2a: M Ponyta
|-damage|p2a: M Ponyta|15\/21
|-supereffective|p2a: M Ponyta
|-damage|p2a: M Ponyta|11\/21
|-supereffective|p2a: M Ponyta
|-damage|p2a: M Ponyta|5\/21
|-hitcount|p2a: M Ponyta|3
|
|-weather|SunnyDay|[upkeep]
|-damage|p1a: Dwebble|13\/21 brn|[from] brn
|turn|11
|choice|move rockblast|move morningsun
|
|move|p2a: M Ponyta|Morning Sun|p2a: M Ponyta
|-heal|p2a: M Ponyta|19\/21
|move|p1a: Dwebble|Rock Blast|p2a: M Ponyta
|-supereffective|p2a: M Ponyta
|-damage|p2a: M Ponyta|15\/21
|-supereffective|p2a: M Ponyta
|-damage|p2a: M Ponyta|11\/21
|-hitcount|p2a: M Ponyta|2
|
|-weather|SunnyDay|[upkeep]
|-damage|p1a: Dwebble|11\/21 brn|[from] brn
|turn|12
|choice|move rockblast|move flareblitz
|
|move|p2a: M Ponyta|Flare Blitz|p1a: Dwebble
|-damage|p1a: Dwebble|0 fnt
|-damage|p2a: M Ponyta|7\/21|[from] recoil|[of] p1a: Dwebble
|faint|p1a: Dwebble
|
|-weather|none
|choice|switch 6|
|
|switch|p1a: Omanyte|Omanyte, L5, M|21\/21
|-damage|p1a: Omanyte|19\/21|[from] Stealth Rock
|turn|13
|choice|move shellsmash|move willowisp
|
|move|p2a: M Ponyta|Will-O-Wisp|p1a: Omanyte
|-status|p1a: Omanyte|brn
|move|p1a: Omanyte|Shell Smash|p1a: Omanyte
|-unboost|p1a: Omanyte|def|1
|-unboost|p1a: Omanyte|spd|1
|-boost|p1a: Omanyte|atk|2
|-boost|p1a: Omanyte|spa|2
|-boost|p1a: Omanyte|spe|2
|
|-damage|p1a: Omanyte|17\/21 brn|[from] brn
|turn|14
|choice|move earthpower|move flareblitz
|
|move|p1a: Omanyte|Earth Power|p2a: M Ponyta
|-supereffective|p2a: M Ponyta
|-damage|p2a: M Ponyta|0 fnt
|faint|p2a: M Ponyta
|
|-damage|p1a: Omanyte|15\/21 brn|[from] brn
|choice||switch 3
|
|switch|p2a: Assasin Jr.|Pawniard, L5, M|21\/21
|-damage|p2a: Assasin Jr.|20\/21|[from] Stealth Rock
|-damage|p2a: Assasin Jr.|15\/21|[from] Spikes
|turn|15
|choice|move earthpower|move suckerpunch
|
|move|p2a: Assasin Jr.|Sucker Punch|p1a: Omanyte
|-damage|p1a: Omanyte|0 fnt
|-damage|p2a: Assasin Jr.|13\/21|[from] item: Life Orb
|faint|p1a: Omanyte
|
|choice|switch 5|
|
|switch|p1a: Croagunk|Croagunk, L5, M|23\/23
|-damage|p1a: Croagunk|22\/23|[from] Stealth Rock
|turn|16
|choice|move vacuumwave|switch 6
|
|switch|p2a: Cute Flower|Budew, L5, F|21\/21
|-damage|p2a: Cute Flower|19\/21|[from] Stealth Rock
|-damage|p2a: Cute Flower|14\/21|[from] Spikes
|move|p1a: Croagunk|Vacuum Wave|p2a: Cute Flower
|-resisted|p2a: Cute Flower
|-damage|p2a: Cute Flower|12\/21
|
|turn|17
|choice|move sludgebomb|move spikes
|
|move|p2a: Cute Flower|Spikes|p1a: Croagunk
|-sidestart|p1: Lcans|Spikes
|move|p1a: Croagunk|Sludge Bomb|p2a: Cute Flower
|-damage|p2a: Cute Flower|5\/21
|
|turn|18
|choice|move sludgebomb|move synthesis
|
|move|p2a: Cute Flower|Synthesis|p2a: Cute Flower
|-heal|p2a: Cute Flower|15\/21
|move|p1a: Croagunk|Sludge Bomb|p2a: Cute Flower
|-damage|p2a: Cute Flower|8\/21
|
|turn|19
|choice|move knockoff|move gigadrain
|
|move|p2a: Cute Flower|Giga Drain|p1a: Croagunk
|-resisted|p1a: Croagunk
|-damage|p1a: Croagunk|19\/23
|-heal|p2a: Cute Flower|10\/21|[from] drain|[of] p1a: Croagunk
|move|p1a: Croagunk|Knock Off|p2a: Cute Flower
|-damage|p2a: Cute Flower|5\/21
|-enditem|p2a: Cute Flower|Eviolite|[from] move: Knock Off|[of] p1a: Croagunk
|
|turn|20
|choice|move sludgebomb|move synthesis
|
|move|p2a: Cute Flower|Synthesis|p2a: Cute Flower
|-heal|p2a: Cute Flower|15\/21
|move|p1a: Croagunk|Sludge Bomb|p2a: Cute Flower
|-damage|p2a: Cute Flower|6\/21
|
|turn|21
|choice|move sludgebomb|move synthesis
|
|move|p2a: Cute Flower|Synthesis|p2a: Cute Flower
|-heal|p2a: Cute Flower|16\/21
|move|p1a: Croagunk|Sludge Bomb|p2a: Cute Flower
|-damage|p2a: Cute Flower|6\/21
|
|turn|22
|choice|move sludgebomb|move synthesis
|
|move|p2a: Cute Flower|Synthesis|p2a: Cute Flower
|-heal|p2a: Cute Flower|16\/21
|move|p1a: Croagunk|Sludge Bomb|p2a: Cute Flower
|-damage|p2a: Cute Flower|6\/21
|
|turn|23
|choice|move sludgebomb|move synthesis
|
|move|p2a: Cute Flower|Synthesis|p2a: Cute Flower
|-heal|p2a: Cute Flower|16\/21
|move|p1a: Croagunk|Sludge Bomb|p2a: Cute Flower
|-damage|p2a: Cute Flower|6\/21
|
|turn|24
|choice|move sludgebomb|move synthesis
|
|move|p2a: Cute Flower|Synthesis|p2a: Cute Flower
|-heal|p2a: Cute Flower|16\/21
|move|p1a: Croagunk|Sludge Bomb|p2a: Cute Flower
|-damage|p2a: Cute Flower|6\/21
|
|turn|25
|choice|move sludgebomb|move synthesis
|
|move|p2a: Cute Flower|Synthesis|p2a: Cute Flower
|-heal|p2a: Cute Flower|16\/21
|move|p1a: Croagunk|Sludge Bomb|p2a: Cute Flower
|-damage|p2a: Cute Flower|6\/21
|
|turn|26
|choice|move sludgebomb|move synthesis
|
|move|p2a: Cute Flower|Synthesis|p2a: Cute Flower
|-heal|p2a: Cute Flower|16\/21
|move|p1a: Croagunk|Sludge Bomb|p2a: Cute Flower
|-damage|p2a: Cute Flower|7\/21
|
|turn|27
|choice|move sludgebomb|move spikes
|
|move|p2a: Cute Flower|Spikes|p1a: Croagunk
|-sidestart|p1: Lcans|Spikes
|move|p1a: Croagunk|Sludge Bomb|p2a: Cute Flower
|-damage|p2a: Cute Flower|0 fnt
|faint|p2a: Cute Flower
|
|choice||switch 2
|
|switch|p2a: Drilli|Drilbur, L5, M|23\/23
|-damage|p2a: Drilli|22\/23|[from] Stealth Rock
|-damage|p2a: Drilli|17\/23|[from] Spikes
|-ability|p2a: Drilli|Mold Breaker
|turn|28
|choice|switch 2|move rockslide
|
|switch|p1a: Pumpkaboo|Pumpkaboo-Small, L5, F|20\/20
|-damage|p1a: Pumpkaboo|18\/20|[from] Stealth Rock
|-damage|p1a: Pumpkaboo|15\/20|[from] Spikes
|-item|p2a: Drilli|Eviolite|[from] ability: Frisk|[of] p1a: Pumpkaboo|[identify]
|move|p2a: Drilli|Rock Slide|p1a: Pumpkaboo
|-damage|p1a: Pumpkaboo|10\/20
|
|turn|29
|choice|move bulletseed|move rockslide
|
|move|p2a: Drilli|Rock Slide|p1a: Pumpkaboo|[miss]
|-miss|p2a: Drilli|p1a: Pumpkaboo
|move|p1a: Pumpkaboo|Bullet Seed|p2a: Drilli
|-supereffective|p2a: Drilli
|-damage|p2a: Drilli|9\/23
|-supereffective|p2a: Drilli
|-damage|p2a: Drilli|1\/23
|-hitcount|p2a: Drilli|2
|
|turn|30
|choice|move shadowsneak|move rockslide
|
|move|p1a: Pumpkaboo|Shadow Sneak|p2a: Drilli
|-damage|p2a: Drilli|0 fnt
|faint|p2a: Drilli
|
|choice||switch 6
|
|switch|p2a: Assasin Jr.|Pawniard, L5, M|13\/21
|-damage|p2a: Assasin Jr.|8\/21|[from] Spikes
|-damage|p2a: Assasin Jr.|7\/21|[from] Stealth Rock
|turn|31
|choice|move shadowsneak|move knockoff
|
|move|p1a: Pumpkaboo|Shadow Sneak|p2a: Assasin Jr.
|-resisted|p2a: Assasin Jr.
|-damage|p2a: Assasin Jr.|4\/21
|move|p2a: Assasin Jr.|Knock Off|p1a: Pumpkaboo
|-supereffective|p1a: Pumpkaboo
|-damage|p1a: Pumpkaboo|0 fnt
|-enditem|p1a: Pumpkaboo|Eviolite|[from] move: Knock Off|[of] p2a: Assasin Jr.
|-damage|p2a: Assasin Jr.|2\/21|[from] item: Life Orb
|faint|p1a: Pumpkaboo
|
|choice|switch 2|
|
|switch|p1a: Croagunk|Croagunk, L5, M|19\/23
|-damage|p1a: Croagunk|18\/23|[from] Stealth Rock
|-damage|p1a: Croagunk|15\/23|[from] Spikes
|turn|32
|choice|move vacuumwave|move suckerpunch
|
|move|p2a: Assasin Jr.|Sucker Punch|p1a: Croagunk
|-resisted|p1a: Croagunk
|-damage|p1a: Croagunk|9\/23
|-damage|p2a: Assasin Jr.|0 fnt|[from] item: Life Orb
|faint|p2a: Assasin Jr.
|move|p1a: Croagunk|Vacuum Wave|p2: Assasin Jr.|[notarget]
|-notarget
|
|choice||switch 4
|
|switch|p2a: Medusin|Frillish, L5, M|25\/25
|-damage|p2a: Medusin|19\/25|[from] Spikes
|-damage|p2a: Medusin|16\/25|[from] Stealth Rock
|turn|33
|choice|move knockoff|move hex
|
|move|p2a: Medusin|Hex|p1a: Croagunk
|-damage|p1a: Croagunk|2\/23
|move|p1a: Croagunk|Knock Off|p2a: Medusin
|-supereffective|p2a: Medusin
|-damage|p2a: Medusin|6\/25
|-enditem|p2a: Medusin|Eviolite|[from] move: Knock Off|[of] p1a: Croagunk
|
|turn|34
|choice|switch 3|move hex
|
|switch|p1a: Abra|Abra, L5, M|19\/19
|move|p2a: Medusin|Hex|p1a: Abra
|-supereffective|p1a: Abra
|-damage|p1a: Abra|0 fnt
|faint|p1a: Abra
|
|choice|switch 4|
|
|switch|p1a: Pawniard|Pawniard, L5, M|21\/21
|-damage|p1a: Pawniard|18\/21|[from] Spikes
|-damage|p1a: Pawniard|17\/21|[from] Stealth Rock
|turn|35
|choice|move ironhead|move willowisp
|
|move|p1a: Pawniard|Iron Head|p2a: Medusin
|-resisted|p2a: Medusin
|-damage|p2a: Medusin|0 fnt
|faint|p2a: Medusin
|
|choice||switch 5
|
|switch|p2a: Mini Buitre|Vullaby, L5, F|23\/23
|-damage|p2a: Mini Buitre|18\/23|[from] Stealth Rock
|turn|36
|choice|move ironhead|move heatwave
|
|move|p1a: Pawniard|Iron Head|p2a: Mini Buitre
|-damage|p2a: Mini Buitre|6\/23
|move|p2a: Mini Buitre|Heat Wave|p1a: Pawniard
|-supereffective|p1a: Pawniard
|-damage|p1a: Pawniard|3\/21
|
|turn|37
|c|★EeveetoTheN00b|50%... goes!
|choice|move ironhead|move heatwave
|
|move|p2a: Mini Buitre|Heat Wave|p1a: Pawniard
|-supereffective|p1a: Pawniard
|-damage|p1a: Pawniard|0 fnt
|faint|p1a: Pawniard
|
|c|★EeveetoTheN00b|gg
|c|★Lcans|oh
|c|★Lcans|gg
|choice|switch 3|
|
|switch|p1a: Croagunk|Croagunk, L5, M|2\/23
|-damage|p1a: Croagunk|1\/23|[from] Stealth Rock
|-damage|p1a: Croagunk|0 fnt|[from] Spikes
|faint|p1a: Croagunk
|
|win|EeveetoTheN00b
|player|p1
|player|p2
|l|Lcans</script>
</div>
<div class="battle-log battle-log-inline"><div class="inner"><div class="battle-options"></div><div class="inner"><div class="chat"><small>Lcans joined.</small></div><div class="chat"><small>EeveetoTheN00b joined.</small></div><div class=""><small>Format:</small> <br><strong>LC</strong></div><div class=""><small><em>Sleep Clause Mod:</em> Limit one foe put to sleep</small></div><div class=""><small><em>Species Clause:</em> Limit one of each Pokémon</small></div><div class=""><small><em>OHKO Clause:</em> OHKO moves are banned</small></div><div class=""><small><em>Moody Clause:</em> Moody is banned</small></div><div class=""><small><em>Evasion Moves Clause:</em> Evasion moves are banned</small></div><div class=""><small><em>Endless Battle Clause:</em> Forcing endless battles is banned</small></div><div class=""><small><em>HP Percentage Mod:</em> HP is shown in percentages</small></div><div class="chat battle-history"><strong>Lcans's team:</strong> <em style="color:#445566;display:block;">Pumpkaboo-* / Dwebble / Abra / Pawniard / Croagunk / Omanyte</em></div><div class="chat battle-history"><strong>EeveetoTheN00b's team:</strong> <em style="color:#445566;display:block;">Budew / Ponyta / Pawniard / Frillish / Drilbur / Vullaby</em></div><div class="spacer battle-history"><br></div><div class="battle-history">Battle started between Lcans and EeveetoTheN00b!<br></div><div class="spacer battle-history"><br></div><div class="battle-history">Go! <strong>Dwebble</strong>!<br></div><div class="spacer battle-history"><br></div><div class="battle-history">EeveetoTheN00b sent out Mini Buitre (<strong>Vullaby</strong>)!<br></div><div class="spacer battle-history"><br></div><h2 class="battle-history">Turn 1</h2><div class="spacer battle-history"><br></div><div class="battle-history">The opposing Mini Buitre used <strong>U-turn</strong>!<br></div><div class="battle-history"><small>(Dwebble lost <abbr title="−7/21">33.3%</abbr> of its health!)</small><br></div><div class="spacer battle-history"><br></div><div class="battle-history">The opposing Mini Buitre went back to EeveetoTheN00b!<br></div><div class="battle-history">EeveetoTheN00b sent out Drilli (<strong>Drilbur</strong>)!<br></div><div class="battle-history"><small>[The opposing Drilli's Mold Breaker]</small><br><small>The opposing Drilli breaks the mold!</small><br></div><div class="spacer battle-history"><br></div><div class="battle-history">Dwebble used <strong>Stealth Rock</strong>!<br></div><div class="battle-history"><small>Pointed stones float in the air around the opposing team!</small><br></div><div class="spacer battle-history"><br></div><h2 class="battle-history">Turn 2</h2><div class="spacer battle-history"><br></div><div class="battle-history">Dwebble, come back!<br></div><div class="battle-history">Go! Pumpkaboo (<strong>Pumpkaboo-Small</strong>)!<br></div><div class="battle-history"><small>[Pumpkaboo's Frisk]</small><br><small>Pumpkaboo frisked the opposing Drilli and found its Eviolite!</small><br></div><div class="spacer battle-history"><br></div><div class="battle-history">The opposing Drilli used <strong>Stealth Rock</strong>!<br></div><div class="battle-history"><small>Pointed stones float in the air around your team!</small><br></div><div class="spacer battle-history"><br></div><h2 class="battle-history">Turn 3</h2><div class="spacer battle-history"><br></div><div class="battle-history">EeveetoTheN00b withdrew Drilli!<br></div><div class="battle-history">EeveetoTheN00b sent out M Ponyta (<strong>Ponyta</strong>)!<br></div><div class="battle-history"><small>Pointed stones dug into the opposing M Ponyta!</small><br></div><div class="spacer battle-history"><br></div><div class="battle-history">Pumpkaboo used <strong>Rock Slide</strong>!<br></div><div class="battle-history"><small>It's super effective!</small><br></div><div class="battle-history"><small>(The opposing M Ponyta lost <abbr title="−10/21">47.6%</abbr> of its health!)</small><br></div><div class="spacer battle-history"><br></div><h2 class="battle-history">Turn 4</h2><div class="spacer battle-history"><br></div><div class="battle-history">Pumpkaboo, come back!<br></div><div class="battle-history">Go! <strong>Dwebble</strong>!<br></div><div class="battle-history"><small>Pointed stones dug into Dwebble!</small><br></div><div class="battle-history"><small>(Dwebble used its Berry Juice!)</small><br></div><div class="battle-history"><small>Dwebble restored HP using its Berry Juice!</small><br></div><div class="spacer battle-history"><br></div><div class="battle-history">The opposing M Ponyta used <strong>Morning Sun</strong>!<br></div><div class="battle-history"><small>The opposing M Ponyta restored its HP.</small><br></div><div class="spacer battle-history"><br></div><h2 class="battle-history">Turn 5</h2><div class="chat"><small>Zng joined.</small></div><div class="spacer battle-history"><br></div><div class="battle-history">The opposing M Ponyta used <strong>Will-O-Wisp</strong>!<br></div><div class="battle-history"><small>Dwebble avoided the attack!</small><br></div><div class="spacer battle-history"><br></div><div class="battle-history">Dwebble used <strong>Spikes</strong>!<br></div><div class="battle-history"><small>Spikes were scattered on the ground all around the opposing team!</small><br></div><div class="spacer battle-history"><br></div><h2 class="battle-history">Turn 6</h2><div class="spacer battle-history"><br></div><div class="battle-history">The opposing M Ponyta used <strong>Will-O-Wisp</strong>!<br></div><div class="battle-history"><small>Dwebble avoided the attack!</small><br></div><div class="spacer battle-history"><br></div><div class="battle-history">Dwebble used <strong>Spikes</strong>!<br></div><div class="battle-history"><small>Spikes were scattered on the ground all around the opposing team!</small><br></div><div class="spacer battle-history"><br></div><h2 class="battle-history">Turn 7</h2><div class="chat chatmessage-lcans"><strong style="color:hsl(231,47%,60.55040384382721%)"><small>★</small><span class="username" data-name="Lcans">Lcans</span>:</strong> <em>sorry</em></div><div class="spacer battle-history"><br></div><div class="battle-history">The opposing M Ponyta used <strong>Will-O-Wisp</strong>!<br></div><div class="battle-history"><small>Dwebble was burned!</small><br></div><div class="spacer battle-history"><br></div><div class="battle-history">Dwebble used <strong>Spikes</strong>!<br></div><div class="battle-history"><small>Spikes were scattered on the ground all around the opposing team!</small><br></div><div class="spacer battle-history"><br></div><div class="battle-history"><small>Dwebble was hurt by its burn!</small><br></div><div class="spacer battle-history"><br></div><h2 class="battle-history">Turn 8</h2><div class="spacer battle-history"><br></div><div class="battle-history">The opposing M Ponyta used <strong>Sunny Day</strong>!<br></div><div class="battle-history"><small>The sunlight turned harsh!</small><br></div><div class="spacer battle-history"><br></div><div class="battle-history">Dwebble used <strong>Knock Off</strong>!<br></div><div class="battle-history"><small>(The opposing M Ponyta lost <abbr title="−3/21">14.3%</abbr> of its health!)</small><br></div><div class="battle-history"><small>Dwebble knocked off the opposing M Ponyta's Eviolite!</small><br></div><div class="spacer battle-history"><br></div><div class="battle-history"><small>(The sunlight is strong!)</small><br></div><div class="battle-history"><small>Dwebble was hurt by its burn!</small><br></div><div class="spacer battle-history"><br></div><h2 class="battle-history">Turn 9</h2><div class="spacer battle-history"><br></div><div class="battle-history">The opposing M Ponyta used <strong>Morning Sun</strong>!<br></div><div class="battle-history"><small>The opposing M Ponyta restored its HP.</small><br></div><div class="spacer battle-history"><br></div><div class="battle-history">Dwebble used <strong>Rock Blast</strong>!<br></div><div class="battle-history"><small>It's super effective!</small><br></div><div class="battle-history"><small>(The opposing M Ponyta lost <abbr title="−4/21">19.0%</abbr> of its health!)</small><br></div><div class="battle-history"><small>It's super effective!</small><br></div><div class="battle-history"><small>(The opposing M Ponyta lost <abbr title="−4/21">19.0%</abbr> of its health!)</small><br></div><div class="battle-history"><small>It's super effective!</small><br></div><div class="battle-history"><small>(The opposing M Ponyta lost <abbr title="−4/21">19.0%</abbr> of its health!)</small><br></div><div class="battle-history"><small>It's super effective!</small><br></div><div class="battle-history"><small>(The opposing M Ponyta lost <abbr title="−4/21">19.0%</abbr> of its health!)</small><br></div><div class="battle-history"><small>Hit 4 times!</small><br></div><div class="spacer battle-history"><br></div><div class="battle-history"><small>(The sunlight is strong!)</small><br></div><div class="battle-history"><small>Dwebble was hurt by its burn!</small><br></div><div class="spacer battle-history"><br></div><h2 class="battle-history">Turn 10</h2><div class="spacer battle-history"><br></div><div class="battle-history">The opposing M Ponyta used <strong>Morning Sun</strong>!<br></div><div class="battle-history"><small>The opposing M Ponyta restored its HP.</small><br></div><div class="spacer battle-history"><br></div><div class="battle-history">Dwebble used <strong>Rock Blast</strong>!<br></div><div class="battle-history"><small>It's super effective!</small><br></div><div class="battle-history"><small>(The opposing M Ponyta lost <abbr title="−4/21">19.0%</abbr> of its health!)</small><br></div><div class="battle-history"><small>It's super effective!</small><br></div><div class="battle-history"><small>(The opposing M Ponyta lost <abbr title="−4/21">19.0%</abbr> of its health!)</small><br></div><div class="battle-history"><small>It's super effective!</small><br></div><div class="battle-history"><small>(The opposing M Ponyta lost <abbr title="−6/21">28.6%</abbr> of its health!)</small><br></div><div class="battle-history"><small>Hit 3 times!</small><br></div><div class="spacer battle-history"><br></div><div class="battle-history"><small>(The sunlight is strong!)</small><br></div><div class="battle-history"><small>Dwebble was hurt by its burn!</small><br></div><div class="spacer battle-history"><br></div><h2 class="battle-history">Turn 11</h2><div class="spacer battle-history"><br></div><div class="battle-history">The opposing M Ponyta used <strong>Morning Sun</strong>!<br></div><div class="battle-history"><small>The opposing M Ponyta restored its HP.</small><br></div><div class="spacer battle-history"><br></div><div class="battle-history">Dwebble used <strong>Rock Blast</strong>!<br></div><div class="battle-history"><small>It's super effective!</small><br></div><div class="battle-history"><small>(The opposing M Ponyta lost <abbr title="−4/21">19.0%</abbr> of its health!)</small><br></div><div class="battle-history"><small>It's super effective!</small><br></div><div class="battle-history"><small>(The opposing M Ponyta lost <abbr title="−4/21">19.0%</abbr> of its health!)</small><br></div><div class="battle-history"><small>Hit 2 times!</small><br></div><div class="spacer battle-history"><br></div><div class="battle-history"><small>(The sunlight is strong!)</small><br></div><div class="battle-history"><small>Dwebble was hurt by its burn!</small><br></div><div class="spacer battle-history"><br></div><h2 class="battle-history">Turn 12</h2><div class="spacer battle-history"><br></div><div class="battle-history">The opposing M Ponyta used <strong>Flare Blitz</strong>!<br></div><div class="battle-history"><small>(Dwebble lost <abbr title="−11/21">52.4%</abbr> of its health!)</small><br></div><div class="battle-history"><small>The opposing M Ponyta is damaged by the recoil!</small><br></div><div class="spacer battle-history"><br></div><div class="battle-history">Dwebble fainted!<br></div><div class="spacer battle-history"><br></div><div class="battle-history"><small>The sunlight faded.</small><br></div><div class="spacer battle-history"><br></div><div class="battle-history">Go! <strong>Omanyte</strong>!<br></div><div class="battle-history"><small>Pointed stones dug into Omanyte!</small><br></div><div class="spacer battle-history"><br></div><h2 class="battle-history">Turn 13</h2><div class="spacer battle-history"><br></div><div class="battle-history">The opposing M Ponyta used <strong>Will-O-Wisp</strong>!<br></div><div class="battle-history"><small>Omanyte was burned!</small><br></div><div class="spacer battle-history"><br></div><div class="battle-history">Omanyte used <strong>Shell Smash</strong>!<br></div><div class="battle-history"><small>Omanyte's Defense fell!</small><br></div><div class="battle-history"><small>Omanyte's Special Defense fell!</small><br></div><div class="battle-history"><small>Omanyte's Attack rose sharply!</small><br></div><div class="battle-history"><small>Omanyte's Special Attack rose sharply!</small><br></div><div class="battle-history"><small>Omanyte's Speed rose sharply!</small><br></div><div class="spacer battle-history"><br></div><div class="battle-history"><small>Omanyte was hurt by its burn!</small><br></div><div class="spacer battle-history"><br></div><h2 class="battle-history">Turn 14</h2><div class="spacer battle-history"><br></div><div class="battle-history">Omanyte used <strong>Earth Power</strong>!<br></div><div class="battle-history"><small>It's super effective!</small><br></div><div class="battle-history"><small>(The opposing M Ponyta lost <abbr title="−7/21">33.3%</abbr> of its health!)</small><br></div><div class="spacer battle-history"><br></div><div class="battle-history">The opposing M Ponyta fainted!<br></div><div class="spacer battle-history"><br></div><div class="battle-history"><small>Omanyte was hurt by its burn!</small><br></div><div class="spacer battle-history"><br></div><div class="battle-history">EeveetoTheN00b sent out Assasin Jr. (<strong>Pawniard</strong>)!<br></div><div class="battle-history"><small>Pointed stones dug into the opposing Assasin Jr.!</small><br></div><div class="battle-history"><small>The opposing Assasin Jr. is hurt by the spikes!</small><br></div><div class="spacer battle-history"><br></div><h2 class="battle-history">Turn 15</h2><div class="spacer battle-history"><br></div><div class="battle-history">The opposing Assasin Jr. used <strong>Sucker Punch</strong>!<br></div><div class="battle-history"><small>(Omanyte lost <abbr title="−15/21">71.4%</abbr> of its health!)</small><br></div><div class="battle-history"><small>The opposing Assasin Jr. lost some of its HP!</small><br></div><div class="spacer battle-history"><br></div><div class="battle-history">Omanyte fainted!<br></div><div class="spacer battle-history"><br></div><div class="battle-history">Go! <strong>Croagunk</strong>!<br></div><div class="battle-history"><small>Pointed stones dug into Croagunk!</small><br></div><div class="spacer battle-history"><br></div><h2 class="battle-history">Turn 16</h2><div class="spacer battle-history"><br></div><div class="battle-history">EeveetoTheN00b withdrew Assasin Jr.!<br></div><div class="battle-history">EeveetoTheN00b sent out Cute Flower (<strong>Budew</strong>)!<br></div><div class="battle-history"><small>Pointed stones dug into the opposing Cute Flower!</small><br></div><div class="battle-history"><small>The opposing Cute Flower is hurt by the spikes!</small><br></div><div class="spacer battle-history"><br></div><div class="battle-history">Croagunk used <strong>Vacuum Wave</strong>!<br></div><div class="battle-history"><small>It's not very effective...</small><br></div><div class="battle-history"><small>(The opposing Cute Flower lost <abbr title="−2/21">9.5%</abbr> of its health!)</small><br></div><div class="spacer battle-history"><br></div><h2 class="battle-history">Turn 17</h2><div class="spacer battle-history"><br></div><div class="battle-history">The opposing Cute Flower used <strong>Spikes</strong>!<br></div><div class="battle-history"><small>Spikes were scattered on the ground all around your team!</small><br></div><div class="spacer battle-history"><br></div><div class="battle-history">Croagunk used <strong>Sludge Bomb</strong>!<br></div><div class="battle-history"><small>(The opposing Cute Flower lost <abbr title="−7/21">33.3%</abbr> of its health!)</small><br></div><div class="spacer battle-history"><br></div><h2 class="battle-history">Turn 18</h2><div class="spacer battle-history"><br></div><div class="battle-history">The opposing Cute Flower used <strong>Synthesis</strong>!<br></div><div class="battle-history"><small>The opposing Cute Flower restored its HP.</small><br></div><div class="spacer battle-history"><br></div><div class="battle-history">Croagunk used <strong>Sludge Bomb</strong>!<br></div><div class="battle-history"><small>(The opposing Cute Flower lost <abbr title="−7/21">33.3%</abbr> of its health!)</small><br></div><div class="spacer battle-history"><br></div><h2 class="battle-history">Turn 19</h2><div class="spacer battle-history"><br></div><div class="battle-history">The opposing Cute Flower used <strong>Giga Drain</strong>!<br></div><div class="battle-history"><small>It's not very effective...</small><br></div><div class="battle-history"><small>(Croagunk lost <abbr title="−3/23">13.0%</abbr> of its health!)</small><br></div><div class="battle-history"><small>Croagunk had its energy drained!</small><br></div><div class="spacer battle-history"><br></div><div class="battle-history">Croagunk used <strong>Knock Off</strong>!<br></div><div class="battle-history"><small>(The opposing Cute Flower lost <abbr title="−5/21">23.8%</abbr> of its health!)</small><br></div><div class="battle-history"><small>Croagunk knocked off the opposing Cute Flower's Eviolite!</small><br></div><div class="spacer battle-history"><br></div><h2 class="battle-history">Turn 20</h2><div class="spacer battle-history"><br></div><div class="battle-history">The opposing Cute Flower used <strong>Synthesis</strong>!<br></div><div class="battle-history"><small>The opposing Cute Flower restored its HP.</small><br></div><div class="spacer battle-history"><br></div><div class="battle-history">Croagunk used <strong>Sludge Bomb</strong>!<br></div><div class="battle-history"><small>(The opposing Cute Flower lost <abbr title="−9/21">42.9%</abbr> of its health!)</small><br></div><div class="spacer battle-history"><br></div><h2 class="battle-history">Turn 21</h2><div class="spacer battle-history"><br></div><div class="battle-history">The opposing Cute Flower used <strong>Synthesis</strong>!<br></div><div class="battle-history"><small>The opposing Cute Flower restored its HP.</small><br></div><div class="spacer battle-history"><br></div><div class="battle-history">Croagunk used <strong>Sludge Bomb</strong>!<br></div><div class="battle-history"><small>(The opposing Cute Flower lost <abbr title="−10/21">47.6%</abbr> of its health!)</small><br></div><div class="spacer battle-history"><br></div><h2 class="battle-history">Turn 22</h2><div class="spacer battle-history"><br></div><div class="battle-history">The opposing Cute Flower used <strong>Synthesis</strong>!<br></div><div class="battle-history"><small>The opposing Cute Flower restored its HP.</small><br></div><div class="spacer battle-history"><br></div><div class="battle-history">Croagunk used <strong>Sludge Bomb</strong>!<br></div><div class="battle-history"><small>(The opposing Cute Flower lost <abbr title="−10/21">47.6%</abbr> of its health!)</small><br></div><div class="spacer battle-history"><br></div><h2 class="battle-history">Turn 23</h2><div class="spacer battle-history"><br></div><div class="battle-history">The opposing Cute Flower used <strong>Synthesis</strong>!<br></div><div class="battle-history"><small>The opposing Cute Flower restored its HP.</small><br></div><div class="spacer battle-history"><br></div><div class="battle-history">Croagunk used <strong>Sludge Bomb</strong>!<br></div><div class="battle-history"><small>(The opposing Cute Flower lost <abbr title="−10/21">47.6%</abbr> of its health!)</small><br></div><div class="spacer battle-history"><br></div><h2 class="battle-history">Turn 24</h2><div class="spacer battle-history"><br></div><div class="battle-history">The opposing Cute Flower used <strong>Synthesis</strong>!<br></div><div class="battle-history"><small>The opposing Cute Flower restored its HP.</small><br></div><div class="spacer battle-history"><br></div><div class="battle-history">Croagunk used <strong>Sludge Bomb</strong>!<br></div><div class="battle-history"><small>(The opposing Cute Flower lost <abbr title="−10/21">47.6%</abbr> of its health!)</small><br></div><div class="spacer battle-history"><br></div><h2 class="battle-history">Turn 25</h2><div class="spacer battle-history"><br></div><div class="battle-history">The opposing Cute Flower used <strong>Synthesis</strong>!<br></div><div class="battle-history"><small>The opposing Cute Flower restored its HP.</small><br></div><div class="spacer battle-history"><br></div><div class="battle-history">Croagunk used <strong>Sludge Bomb</strong>!<br></div><div class="battle-history"><small>(The opposing Cute Flower lost <abbr title="−10/21">47.6%</abbr> of its health!)</small><br></div><div class="spacer battle-history"><br></div><h2 class="battle-history">Turn 26</h2><div class="spacer battle-history"><br></div><div class="battle-history">The opposing Cute Flower used <strong>Synthesis</strong>!<br></div><div class="battle-history"><small>The opposing Cute Flower restored its HP.</small><br></div><div class="spacer battle-history"><br></div><div class="battle-history">Croagunk used <strong>Sludge Bomb</strong>!<br></div><div class="battle-history"><small>(The opposing Cute Flower lost <abbr title="−9/21">42.9%</abbr> of its health!)</small><br></div><div class="spacer battle-history"><br></div><h2 class="battle-history">Turn 27</h2><div class="spacer battle-history"><br></div><div class="battle-history">The opposing Cute Flower used <strong>Spikes</strong>!<br></div><div class="battle-history"><small>Spikes were scattered on the ground all around your team!</small><br></div><div class="spacer battle-history"><br></div><div class="battle-history">Croagunk used <strong>Sludge Bomb</strong>!<br></div><div class="battle-history"><small>(The opposing Cute Flower lost <abbr title="−7/21">33.3%</abbr> of its health!)</small><br></div><div class="spacer battle-history"><br></div><div class="battle-history">The opposing Cute Flower fainted!<br></div><div class="spacer battle-history"><br></div><div class="battle-history">EeveetoTheN00b sent out Drilli (<strong>Drilbur</strong>)!<br></div><div class="battle-history"><small>Pointed stones dug into the opposing Drilli!</small><br></div><div class="battle-history"><small>The opposing Drilli is hurt by the spikes!</small><br></div><div class="battle-history"><small>[The opposing Drilli's Mold Breaker]</small><br><small>The opposing Drilli breaks the mold!</small><br></div><div class="spacer battle-history"><br></div><h2 class="battle-history">Turn 28</h2><div class="spacer battle-history"><br></div><div class="battle-history">Croagunk, come back!<br></div><div class="battle-history">Go! Pumpkaboo (<strong>Pumpkaboo-Small</strong>)!<br></div><div class="battle-history"><small>Pointed stones dug into Pumpkaboo!</small><br></div><div class="battle-history"><small>Pumpkaboo is hurt by the spikes!</small><br></div><div class="battle-history"><small>[Pumpkaboo's Frisk]</small><br><small>Pumpkaboo frisked the opposing Drilli and found its Eviolite!</small><br></div><div class="spacer battle-history"><br></div><div class="battle-history">The opposing Drilli used <strong>Rock Slide</strong>!<br></div><div class="battle-history"><small>(Pumpkaboo lost <abbr title="−5/20">25%</abbr> of its health!)</small><br></div><div class="spacer battle-history"><br></div><h2 class="battle-history">Turn 29</h2><div class="spacer battle-history"><br></div><div class="battle-history">The opposing Drilli used <strong>Rock Slide</strong>!<br></div><div class="battle-history"><small>Pumpkaboo avoided the attack!</small><br></div><div class="spacer battle-history"><br></div><div class="battle-history">Pumpkaboo used <strong>Bullet Seed</strong>!<br></div><div class="battle-history"><small>It's super effective!</small><br></div><div class="battle-history"><small>(The opposing Drilli lost <abbr title="−8/23">34.8%</abbr> of its health!)</small><br></div><div class="battle-history"><small>It's super effective!</small><br></div><div class="battle-history"><small>(The opposing Drilli lost <abbr title="−8/23">34.8%</abbr> of its health!)</small><br></div><div class="battle-history"><small>Hit 2 times!</small><br></div><div class="spacer battle-history"><br></div><h2 class="battle-history">Turn 30</h2><div class="spacer battle-history"><br></div><div class="battle-history">Pumpkaboo used <strong>Shadow Sneak</strong>!<br></div><div class="battle-history"><small>(The opposing Drilli lost <abbr title="−1/23">4.3%</abbr> of its health!)</small><br></div><div class="spacer battle-history"><br></div><div class="battle-history">The opposing Drilli fainted!<br></div><div class="spacer battle-history"><br></div><div class="battle-history">EeveetoTheN00b sent out Assasin Jr. (<strong>Pawniard</strong>)!<br></div><div class="battle-history"><small>The opposing Assasin Jr. is hurt by the spikes!</small><br></div><div class="battle-history"><small>Pointed stones dug into the opposing Assasin Jr.!</small><br></div><div class="spacer battle-history"><br></div><h2 class="battle-history">Turn 31</h2><div class="spacer battle-history"><br></div><div class="battle-history">Pumpkaboo used <strong>Shadow Sneak</strong>!<br></div><div class="battle-history"><small>It's not very effective...</small><br></div><div class="battle-history"><small>(The opposing Assasin Jr. lost <abbr title="−3/21">14.3%</abbr> of its health!)</small><br></div><div class="spacer battle-history"><br></div><div class="battle-history">The opposing Assasin Jr. used <strong>Knock Off</strong>!<br></div><div class="battle-history"><small>It's super effective!</small><br></div><div class="battle-history"><small>(Pumpkaboo lost <abbr title="−10/20">50%</abbr> of its health!)</small><br></div><div class="battle-history"><small>The opposing Assasin Jr. knocked off Pumpkaboo's Eviolite!</small><br></div><div class="battle-history"><small>The opposing Assasin Jr. lost some of its HP!</small><br></div><div class="spacer battle-history"><br></div><div class="battle-history">Pumpkaboo fainted!<br></div><div class="spacer battle-history"><br></div><div class="battle-history">Go! <strong>Croagunk</strong>!<br></div><div class="battle-history"><small>Pointed stones dug into Croagunk!</small><br></div><div class="battle-history"><small>Croagunk is hurt by the spikes!</small><br></div><div class="spacer battle-history"><br></div><h2 class="battle-history">Turn 32</h2><div class="spacer battle-history"><br></div><div class="battle-history">The opposing Assasin Jr. used <strong>Sucker Punch</strong>!<br></div><div class="battle-history"><small>It's not very effective...</small><br></div><div class="battle-history"><small>(Croagunk lost <abbr title="−6/23">26.1%</abbr> of its health!)</small><br></div><div class="battle-history"><small>The opposing Assasin Jr. lost some of its HP!</small><br></div><div class="spacer battle-history"><br></div><div class="battle-history">The opposing Assasin Jr. fainted!<br></div><div class="battle-history">Croagunk used <strong>Vacuum Wave</strong>!<br></div><div class="battle-history"><small>But there was no target...</small><br></div><div class="spacer battle-history"><br></div><div class="battle-history">EeveetoTheN00b sent out Medusin (<strong>Frillish</strong>)!<br></div><div class="battle-history"><small>The opposing Medusin is hurt by the spikes!</small><br></div><div class="battle-history"><small>Pointed stones dug into the opposing Medusin!</small><br></div><div class="spacer battle-history"><br></div><h2 class="battle-history">Turn 33</h2><div class="spacer battle-history"><br></div><div class="battle-history">The opposing Medusin used <strong>Hex</strong>!<br></div><div class="battle-history"><small>(Croagunk lost <abbr title="−7/23">30.4%</abbr> of its health!)</small><br></div><div class="spacer battle-history"><br></div><div class="battle-history">Croagunk used <strong>Knock Off</strong>!<br></div><div class="battle-history"><small>It's super effective!</small><br></div><div class="battle-history"><small>(The opposing Medusin lost <abbr title="−10/25">40%</abbr> of its health!)</small><br></div><div class="battle-history"><small>Croagunk knocked off the opposing Medusin's Eviolite!</small><br></div><div class="spacer battle-history"><br></div><h2 class="battle-history">Turn 34</h2><div class="spacer battle-history"><br></div><div class="battle-history">Croagunk, come back!<br></div><div class="battle-history">Go! <strong>Abra</strong>!<br></div><div class="spacer battle-history"><br></div><div class="battle-history">The opposing Medusin used <strong>Hex</strong>!<br></div><div class="battle-history"><small>It's super effective!</small><br></div><div class="battle-history"><small>(Abra lost <abbr title="−19/19">100%</abbr> of its health!)</small><br></div><div class="spacer battle-history"><br></div><div class="battle-history">Abra fainted!<br></div><div class="spacer battle-history"><br></div><div class="battle-history">Go! <strong>Pawniard</strong>!<br></div><div class="battle-history"><small>Pawniard is hurt by the spikes!</small><br></div><div class="battle-history"><small>Pointed stones dug into Pawniard!</small><br></div><div class="spacer battle-history"><br></div><h2 class="battle-history">Turn 35</h2><div class="spacer battle-history"><br></div><div class="battle-history">Pawniard used <strong>Iron Head</strong>!<br></div><div class="battle-history"><small>It's not very effective...</small><br></div><div class="battle-history"><small>(The opposing Medusin lost <abbr title="−6/25">24%</abbr> of its health!)</small><br></div><div class="spacer battle-history"><br></div><div class="battle-history">The opposing Medusin fainted!<br></div><div class="spacer battle-history"><br></div><div class="battle-history">EeveetoTheN00b sent out Mini Buitre (<strong>Vullaby</strong>)!<br></div><div class="battle-history"><small>Pointed stones dug into the opposing Mini Buitre!</small><br></div><div class="spacer battle-history"><br></div><h2 class="battle-history">Turn 36</h2><div class="spacer battle-history"><br></div><div class="battle-history">Pawniard used <strong>Iron Head</strong>!<br></div><div class="battle-history"><small>(The opposing Mini Buitre lost <abbr title="−12/23">52.2%</abbr> of its health!)</small><br></div><div class="spacer battle-history"><br></div><div class="battle-history">The opposing Mini Buitre used <strong>Heat Wave</strong>!<br></div><div class="battle-history"><small>It's super effective!</small><br></div><div class="battle-history"><small>(Pawniard lost <abbr title="−14/21">66.7%</abbr> of its health!)</small><br></div><div class="spacer battle-history"><br></div><h2 class="battle-history">Turn 37</h2><div class="chat chatmessage-eeveetothen00b"><strong style="color:hsl(204,53%,47.3614079448876%)"><small>★</small><span class="username" data-name="EeveetoTheN00b">EeveetoTheN00b</span>:</strong> <em>50%... goes!</em></div><div class="spacer battle-history"><br></div><div class="battle-history">The opposing Mini Buitre used <strong>Heat Wave</strong>!<br></div><div class="battle-history"><small>It's super effective!</small><br></div><div class="battle-history"><small>(Pawniard lost <abbr title="−3/21">14.3%</abbr> of its health!)</small><br></div><div class="spacer battle-history"><br></div><div class="battle-history">Pawniard fainted!<br></div><div class="chat chatmessage-eeveetothen00b"><strong style="color:hsl(204,53%,47.3614079448876%)"><small>★</small><span class="username" data-name="EeveetoTheN00b">EeveetoTheN00b</span>:</strong> <em>gg</em></div><div class="chat chatmessage-lcans"><strong style="color:hsl(231,47%,60.55040384382721%)"><small>★</small><span class="username" data-name="Lcans">Lcans</span>:</strong> <em>oh</em></div><div class="chat chatmessage-lcans"><strong style="color:hsl(231,47%,60.55040384382721%)"><small>★</small><span class="username" data-name="Lcans">Lcans</span>:</strong> <em>gg</em></div><div class="spacer battle-history"><br></div><div class="battle-history">Go! <strong>Croagunk</strong>!<br></div><div class="battle-history"><small>Pointed stones dug into Croagunk!</small><br></div><div class="battle-history"><small>Croagunk is hurt by the spikes!</small><br></div><div class="spacer battle-history"><br></div><div class="battle-history">Croagunk fainted!<br></div><div class="spacer battle-history"><br></div><div class="battle-history"><strong>EeveetoTheN00b</strong> won the battle!<br></div><div class="chat"><small>Lcans left.</small></div></div><div class="inner-preempt"></div></div></div>
</div>
<script>
let daily = Math.floor(Date.now()/1000/60/60/24);document.write('<script src="https://play.pokemonshowdown.com/js/replay-embed.js?version'+daily+'"></'+'script>');
</script>
