<!DOCTYPE html>
<meta charset="utf-8" />
<!-- version 1 -->
<title>LC replay: congdong vs. Performapal476</title>
<style>
html,body {font-family:Verdana, sans-serif;font-size:10pt;margin:0;padding:0;}body{padding:12px 0;} .battle-log {font-family:Verdana, sans-serif;font-size:10pt;} .battle-log-inline {border:1px solid #AAAAAA;background:#EEF2F5;color:black;max-width:640px;margin:0 auto 80px;padding-bottom:5px;} .battle-log .inner {padding:4px 8px 0px 8px;} .battle-log .inner-preempt {padding:0 8px 4px 8px;} .battle-log .inner-after {margin-top:0.5em;} .battle-log h2 {margin:0.5em -8px;padding:4px 8px;border:1px solid #AAAAAA;background:#E0E7EA;border-left:0;border-right:0;font-family:Verdana, sans-serif;font-size:13pt;} .battle-log .chat {vertical-align:middle;padding:3px 0 3px 0;font-size:8pt;} .battle-log .chat strong {color:#40576A;} .battle-log .chat em {padding:1px 4px 1px 3px;color:#000000;font-style:normal;} .chat.mine {background:rgba(0,0,0,0.05);margin-left:-8px;margin-right:-8px;padding-left:8px;padding-right:8px;} .spoiler {color:#BBBBBB;background:#BBBBBB;padding:0px 3px;} .spoiler:hover, .spoiler:active, .spoiler-shown {color:#000000;background:#E2E2E2;padding:0px 3px;} .spoiler a {color:#BBBBBB;} .spoiler:hover a, .spoiler:active a, .spoiler-shown a {color:#2288CC;} .chat code, .chat .spoiler:hover code, .chat .spoiler:active code, .chat .spoiler-shown code {border:1px solid #C0C0C0;background:#EEEEEE;color:black;padding:0 2px;} .chat .spoiler code {border:1px solid #CCCCCC;background:#CCCCCC;color:#CCCCCC;} .battle-log .rated {padding:3px 4px;} .battle-log .rated strong {color:white;background:#89A;padding:1px 4px;border-radius:4px;} .spacer {margin-top:0.5em;} .message-announce {background:#6688AA;color:white;padding:1px 4px 2px;} .message-announce a, .broadcast-green a, .broadcast-blue a, .broadcast-red a {color:#DDEEFF;} .broadcast-green {background-color:#559955;color:white;padding:2px 4px;} .broadcast-blue {background-color:#6688AA;color:white;padding:2px 4px;} .infobox {border:1px solid #6688AA;padding:2px 4px;} .infobox-limited {max-height:200px;overflow:auto;overflow-x:hidden;} .broadcast-red {background-color:#AA5544;color:white;padding:2px 4px;} .message-learn-canlearn {font-weight:bold;color:#228822;text-decoration:underline;} .message-learn-cannotlearn {font-weight:bold;color:#CC2222;text-decoration:underline;} .message-effect-weak {font-weight:bold;color:#CC2222;} .message-effect-resist {font-weight:bold;color:#6688AA;} .message-effect-immune {font-weight:bold;color:#666666;} .message-learn-list {margin-top:0;margin-bottom:0;} .message-throttle-notice, .message-error {color:#992222;} .message-overflow, .chat small.message-overflow {font-size:0pt;} .message-overflow::before {font-size:9pt;content:'...';} .subtle {color:#3A4A66;}
</style>
<div class="wrapper replay-wrapper" style="max-width:1180px;margin:0 auto">
<input type="hidden" name="replayid" value="lc-478078671" />
<div class="battle"></div><div class="battle-log"></div><div class="replay-controls"></div><div class="replay-controls-2"></div>
<h1 style="font-weight:normal;text-align:center"><strong>LC</strong><br /><a href="http://pokemonshowdown.com/users/congdong" class="subtle" target="_blank">congdong</a> vs. <a href="http://pokemonshowdown.com/users/performapal476" class="subtle" target="_blank">Performapal476</a></h1>
<script type="text/plain" class="battle-log-data">|j|congdong
|j|Performapal476
|player|p1|congdong|127
|player|p2|Performapal476|165
|gametype|singles
|gen|6
|tier|LC
|rated
|seed|54314,534,13766,32693
|clearpoke
|poke|p1|Abra, L5, M|item
|poke|p1|Drilbur, L5, M|item
|poke|p1|Shellder, L5, M|item
|poke|p1|Chinchou, L5, M|item
|poke|p1|Fletchling, L5, F|
|poke|p1|Elekid, L5, M|item
|poke|p2|Inkay, L5, M, shiny|item
|poke|p2|Snivy, L5, M, shiny|item
|poke|p2|Aipom, L5, M, shiny|item
|poke|p2|Numel, L5, F, shiny|item
|poke|p2|Pineco, L5, F, shiny|item
|poke|p2|Amaura, L5, F, shiny|item
|rule|Sleep Clause Mod: Limit one foe put to sleep
|rule|Species Clause: Limit one of each Pokémon
|rule|OHKO Clause: OHKO moves are banned
|rule|Moody Clause: Moody is banned
|rule|Evasion Moves Clause: Evasion moves are banned
|rule|Endless Battle Clause: Forcing endless battles is banned
|rule|HP Percentage Mod: HP is shown in percentages
|teampreview
|choice|team 2, team 1, team 3, team 4, team 5, team 6|team 6, team 2, team 3, team 4, team 5, team 1
|
|start
|switch|p1a: Drilbur|Drilbur, L5, M|23\/23
|switch|p2a: PerformaFrost|Amaura, L5, F, shiny|25\/25
|-ability|p1a: Drilbur|Mold Breaker
|turn|1
|choice|move earthquake|move rockpolish
|
|move|p1a: Drilbur|Earthquake|p2a: PerformaFrost
|-supereffective|p2a: PerformaFrost
|-crit|p2a: PerformaFrost
|-damage|p2a: PerformaFrost|0 fnt
|faint|p2a: PerformaFrost
|
|choice||switch 5
|
|switch|p2a: PerformaCone|Pineco, L5, F, shiny|21\/21
|turn|2
|c|★Performapal476|Omg...I can already tell how this is gunna go
|choice|move stealthrock|move stealthrock
|
|move|p1a: Drilbur|Stealth Rock|p2a: PerformaCone
|-sidestart|p2: Performapal476|move: Stealth Rock
|move|p2a: PerformaCone|Stealth Rock|p1a: Drilbur
|-sidestart|p1: congdong|move: Stealth Rock
|
|turn|3
|choice|move rockslide|move spikes
|
|move|p1a: Drilbur|Rock Slide|p2a: PerformaCone
|-supereffective|p2a: PerformaCone
|-damage|p2a: PerformaCone|9\/21
|-enditem|p2a: PerformaCone|Berry Juice
|-heal|p2a: PerformaCone|21\/21|[from] item: Berry Juice
|move|p2a: PerformaCone|Spikes|p1a: Drilbur
|-sidestart|p1: congdong|Spikes
|
|turn|4
|choice|move rapidspin|move rapidspin
|
|move|p1a: Drilbur|Rapid Spin|p2a: PerformaCone
|-crit|p2a: PerformaCone
|-damage|p2a: PerformaCone|18\/21
|-sideend|p1: congdong|Spikes|[from] move: Rapid Spin|[of] p1a: Drilbur
|-sideend|p1: congdong|Stealth Rock|[from] move: Rapid Spin|[of] p1a: Drilbur
|move|p2a: PerformaCone|Rapid Spin|p1a: Drilbur
|-damage|p1a: Drilbur|22\/23
|-sideend|p2: Performapal476|Stealth Rock|[from] move: Rapid Spin|[of] p2a: PerformaCone
|
|turn|5
|choice|move rockslide|move stealthrock
|
|move|p1a: Drilbur|Rock Slide|p2a: PerformaCone
|-supereffective|p2a: PerformaCone
|-damage|p2a: PerformaCone|8\/21
|move|p2a: PerformaCone|Stealth Rock|p1a: Drilbur
|-sidestart|p1: congdong|move: Stealth Rock
|
|turn|6
|choice|move rockslide|move rapidspin
|
|move|p1a: Drilbur|Rock Slide|p2a: PerformaCone
|-supereffective|p2a: PerformaCone
|-damage|p2a: PerformaCone|0 fnt
|faint|p2a: PerformaCone
|
|choice||switch 3
|
|switch|p2a: PerformaHand|Aipom, L5, M, shiny|22\/22
|turn|7
|choice|move stealthrock|move furyswipes
|
|move|p2a: PerformaHand|Fury Swipes|p1a: Drilbur|[miss]
|-miss|p2a: PerformaHand|p1a: Drilbur
|move|p1a: Drilbur|Stealth Rock|p2a: PerformaHand
|-sidestart|p2: Performapal476|move: Stealth Rock
|
|turn|8
|choice|move rapidspin|move furyswipes
|
|move|p2a: PerformaHand|Fury Swipes|p1a: Drilbur
|-damage|p1a: Drilbur|19\/23
|-damage|p1a: Drilbur|16\/23
|-damage|p1a: Drilbur|13\/23
|-damage|p1a: Drilbur|10\/23
|-damage|p1a: Drilbur|7\/23
|-hitcount|p1a: Drilbur|5
|move|p1a: Drilbur|Rapid Spin|p2a: PerformaHand
|-damage|p2a: PerformaHand|19\/22
|-sideend|p1: congdong|Stealth Rock|[from] move: Rapid Spin|[of] p1a: Drilbur
|
|turn|9
|choice|switch 3|move brickbreak
|
|switch|p1a: Shellder|Shellder, L5, M|19\/19
|move|p2a: PerformaHand|Brick Break|p1a: Shellder
|-damage|p1a: Shellder|13\/19
|
|turn|10
|choice|move shellsmash|move furyswipes
|
|move|p2a: PerformaHand|Fury Swipes|p1a: Shellder
|-damage|p1a: Shellder|10\/19
|-damage|p1a: Shellder|7\/19
|-enditem|p1a: Shellder|Berry Juice
|-heal|p1a: Shellder|19\/19|[from] item: Berry Juice
|-damage|p1a: Shellder|16\/19
|-damage|p1a: Shellder|13\/19
|-damage|p1a: Shellder|10\/19
|-hitcount|p1a: Shellder|5
|move|p1a: Shellder|Shell Smash|p1a: Shellder
|-unboost|p1a: Shellder|def|1
|-unboost|p1a: Shellder|spd|1
|-boost|p1a: Shellder|atk|2
|-boost|p1a: Shellder|spa|2
|-boost|p1a: Shellder|spe|2
|
|turn|11
|choice|move rockblast|move furyswipes
|
|move|p1a: Shellder|Rock Blast|p2a: PerformaHand
|-damage|p2a: PerformaHand|13\/22
|-damage|p2a: PerformaHand|7\/22
|-damage|p2a: PerformaHand|1\/22
|-damage|p2a: PerformaHand|0 fnt
|-hitcount|p2a: PerformaHand|4
|faint|p2a: PerformaHand
|
|choice||switch 2
|
|switch|p2a: PerformaHiss|Snivy, L5, M, shiny|21\/21
|-damage|p2a: PerformaHiss|19\/21|[from] Stealth Rock
|turn|12
|choice|move iciclespear|move leafstorm
|
|move|p1a: Shellder|Icicle Spear|p2a: PerformaHiss
|-supereffective|p2a: PerformaHiss
|-damage|p2a: PerformaHiss|7\/21
|-supereffective|p2a: PerformaHiss
|-damage|p2a: PerformaHiss|0 fnt
|-hitcount|p2a: PerformaHiss|2
|faint|p2a: PerformaHiss
|
|-message|Performapal476 forfeited.
|
|win|congdong
|player|p1
|player|p2
|l|Performapal476
|raw|congdong's rating: 1214 &rarr; <strong>1237<\/strong><br \/>(+23 for winning)
|raw|Performapal476's rating: 1181 &rarr; <strong>1159<\/strong><br \/>(-22 for losing)</script>
</div>
<div class="battle-log battle-log-inline"><div class="inner"><div class="battle-options"></div><div class="inner"><div class="chat"><small>congdong joined.</small></div><div class="chat"><small>Performapal476 joined.</small></div><div class=""><small>Format:</small> <br><strong>LC</strong></div><div class="rated"><strong>Rated battle</strong></div><div class=""><small><em>Sleep Clause Mod:</em> Limit one foe put to sleep</small></div><div class=""><small><em>Species Clause:</em> Limit one of each Pokémon</small></div><div class=""><small><em>OHKO Clause:</em> OHKO moves are banned</small></div><div class=""><small><em>Moody Clause:</em> Moody is banned</small></div><div class=""><small><em>Evasion Moves Clause:</em> Evasion moves are banned</small></div><div class=""><small><em>Endless Battle Clause:</em> Forcing endless battles is banned</small></div><div class=""><small><em>HP Percentage Mod:</em> HP is shown in percentages</small></div><div class="chat battle-history"><strong>congdong's team:</strong> <em style="color:#445566;display:block;">Abra / Drilbur / Shellder / Chinchou / Fletchling / Elekid</em></div><div class="chat battle-history"><strong>Performapal476's team:</strong> <em style="color:#445566;display:block;">Inkay / Snivy / Aipom / Numel / Pineco / Amaura</em></div><div class="spacer battle-history"><br></div><div class="battle-history">Battle started between congdong and Performapal476!<br></div><div class="spacer battle-history"><br></div><div class="battle-history">Go! <strong>Drilbur</strong>!<br></div><div class="spacer battle-history"><br></div><div class="battle-history">Performapal476 sent out PerformaFrost (<strong>Amaura</strong>)!<br></div><div class="battle-history"><small>[Drilbur's Mold Breaker]</small><br><small>Drilbur breaks the mold!</small><br></div><div class="spacer battle-history"><br></div><h2 class="battle-history">Turn 1</h2><div class="spacer battle-history"><br></div><div class="battle-history">Drilbur used <strong>Earthquake</strong>!<br></div><div class="battle-history"><small>It's super effective!</small><br></div><div class="battle-history"><small>A critical hit!</small><br></div><div class="battle-history"><small>(The opposing PerformaFrost lost <abbr title="−25/25">100%</abbr> of its health!)</small><br></div><div class="spacer battle-history"><br></div><div class="battle-history">The opposing PerformaFrost fainted!<br></div><div class="spacer battle-history"><br></div><div class="battle-history">Performapal476 sent out PerformaCone (<strong>Pineco</strong>)!<br></div><div class="spacer battle-history"><br></div><h2 class="battle-history">Turn 2</h2><div class="chat chatmessage-performapal476"><strong style="color:hsl(96,62%,33%)"><small>★</small><span class="username" data-name="Performapal476">Performapal476</span>:</strong> <em>Omg...I can already tell how this is gunna go</em></div><div class="spacer battle-history"><br></div><div class="battle-history">Drilbur used <strong>Stealth Rock</strong>!<br></div><div class="battle-history"><small>Pointed stones float in the air around the opposing team!</small><br></div><div class="spacer battle-history"><br></div><div class="battle-history">The opposing PerformaCone used <strong>Stealth Rock</strong>!<br></div><div class="battle-history"><small>Pointed stones float in the air around your team!</small><br></div><div class="spacer battle-history"><br></div><h2 class="battle-history">Turn 3</h2><div class="spacer battle-history"><br></div><div class="battle-history">Drilbur used <strong>Rock Slide</strong>!<br></div><div class="battle-history"><small>It's super effective!</small><br></div><div class="battle-history"><small>(The opposing PerformaCone lost <abbr title="−12/21">57.1%</abbr> of its health!)</small><br></div><div class="battle-history"><small>(The opposing PerformaCone used its Berry Juice!)</small><br></div><div class="battle-history"><small>The opposing PerformaCone restored HP using its Berry Juice!</small><br></div><div class="spacer battle-history"><br></div><div class="battle-history">The opposing PerformaCone used <strong>Spikes</strong>!<br></div><div class="battle-history"><small>Spikes were scattered on the ground all around your team!</small><br></div><div class="spacer battle-history"><br></div><h2 class="battle-history">Turn 4</h2><div class="spacer battle-history"><br></div><div class="battle-history">Drilbur used <strong>Rapid Spin</strong>!<br></div><div class="battle-history"><small>A critical hit!</small><br></div><div class="battle-history"><small>(The opposing PerformaCone lost <abbr title="−3/21">14.3%</abbr> of its health!)</small><br></div><div class="battle-history"><small>The spikes disappeared from the ground around your team!</small><br></div><div class="battle-history"><small>The pointed stones disappeared from around your team!</small><br></div><div class="spacer battle-history"><br></div><div class="battle-history">The opposing PerformaCone used <strong>Rapid Spin</strong>!<br></div><div class="battle-history"><small>(Drilbur lost <abbr title="−1/23">4.3%</abbr> of its health!)</small><br></div><div class="battle-history"><small>The pointed stones disappeared from around the opposing team!</small><br></div><div class="spacer battle-history"><br></div><h2 class="battle-history">Turn 5</h2><div class="spacer battle-history"><br></div><div class="battle-history">Drilbur used <strong>Rock Slide</strong>!<br></div><div class="battle-history"><small>It's super effective!</small><br></div><div class="battle-history"><small>(The opposing PerformaCone lost <abbr title="−10/21">47.6%</abbr> of its health!)</small><br></div><div class="spacer battle-history"><br></div><div class="battle-history">The opposing PerformaCone used <strong>Stealth Rock</strong>!<br></div><div class="battle-history"><small>Pointed stones float in the air around your team!</small><br></div><div class="spacer battle-history"><br></div><h2 class="battle-history">Turn 6</h2><div class="spacer battle-history"><br></div><div class="battle-history">Drilbur used <strong>Rock Slide</strong>!<br></div><div class="battle-history"><small>It's super effective!</small><br></div><div class="battle-history"><small>(The opposing PerformaCone lost <abbr title="−8/21">38.1%</abbr> of its health!)</small><br></div><div class="spacer battle-history"><br></div><div class="battle-history">The opposing PerformaCone fainted!<br></div><div class="spacer battle-history"><br></div><div class="battle-history">Performapal476 sent out PerformaHand (<strong>Aipom</strong>)!<br></div><div class="spacer battle-history"><br></div><h2 class="battle-history">Turn 7</h2><div class="spacer battle-history"><br></div><div class="battle-history">The opposing PerformaHand used <strong>Fury Swipes</strong>!<br></div><div class="battle-history"><small>Drilbur avoided the attack!</small><br></div><div class="spacer battle-history"><br></div><div class="battle-history">Drilbur used <strong>Stealth Rock</strong>!<br></div><div class="battle-history"><small>Pointed stones float in the air around the opposing team!</small><br></div><div class="spacer battle-history"><br></div><h2 class="battle-history">Turn 8</h2><div class="spacer battle-history"><br></div><div class="battle-history">The opposing PerformaHand used <strong>Fury Swipes</strong>!<br></div><div class="battle-history"><small>(Drilbur lost <abbr title="−3/23">13.0%</abbr> of its health!)</small><br></div><div class="battle-history"><small>(Drilbur lost <abbr title="−3/23">13.0%</abbr> of its health!)</small><br></div><div class="battle-history"><small>(Drilbur lost <abbr title="−3/23">13.0%</abbr> of its health!)</small><br></div><div class="battle-history"><small>(Drilbur lost <abbr title="−3/23">13.0%</abbr> of its health!)</small><br></div><div class="battle-history"><small>(Drilbur lost <abbr title="−3/23">13.0%</abbr> of its health!)</small><br></div><div class="battle-history"><small>Hit 5 times!</small><br></div><div class="spacer battle-history"><br></div><div class="battle-history">Drilbur used <strong>Rapid Spin</strong>!<br></div><div class="battle-history"><small>(The opposing PerformaHand lost <abbr title="−3/22">13.6%</abbr> of its health!)</small><br></div><div class="battle-history"><small>The pointed stones disappeared from around your team!</small><br></div><div class="spacer battle-history"><br></div><h2 class="battle-history">Turn 9</h2><div class="spacer battle-history"><br></div><div class="battle-history">Drilbur, come back!<br></div><div class="battle-history">Go! <strong>Shellder</strong>!<br></div><div class="spacer battle-history"><br></div><div class="battle-history">The opposing PerformaHand used <strong>Brick Break</strong>!<br></div><div class="battle-history"><small>(Shellder lost <abbr title="−6/19">31.6%</abbr> of its health!)</small><br></div><div class="spacer battle-history"><br></div><h2 class="battle-history">Turn 10</h2><div class="spacer battle-history"><br></div><div class="battle-history">The opposing PerformaHand used <strong>Fury Swipes</strong>!<br></div><div class="battle-history"><small>(Shellder lost <abbr title="−3/19">15.8%</abbr> of its health!)</small><br></div><div class="battle-history"><small>(Shellder lost <abbr title="−3/19">15.8%</abbr> of its health!)</small><br></div><div class="battle-history"><small>(Shellder used its Berry Juice!)</small><br></div><div class="battle-history"><small>Shellder restored HP using its Berry Juice!</small><br></div><div class="battle-history"><small>(Shellder lost <abbr title="−3/19">15.8%</abbr> of its health!)</small><br></div><div class="battle-history"><small>(Shellder lost <abbr title="−3/19">15.8%</abbr> of its health!)</small><br></div><div class="battle-history"><small>(Shellder lost <abbr title="−3/19">15.8%</abbr> of its health!)</small><br></div><div class="battle-history"><small>Hit 5 times!</small><br></div><div class="spacer battle-history"><br></div><div class="battle-history">Shellder used <strong>Shell Smash</strong>!<br></div><div class="battle-history"><small>Shellder's Defense fell!</small><br></div><div class="battle-history"><small>Shellder's Special Defense fell!</small><br></div><div class="battle-history"><small>Shellder's Attack rose sharply!</small><br></div><div class="battle-history"><small>Shellder's Special Attack rose sharply!</small><br></div><div class="battle-history"><small>Shellder's Speed rose sharply!</small><br></div><div class="spacer battle-history"><br></div><h2 class="battle-history">Turn 11</h2><div class="spacer battle-history"><br></div><div class="battle-history">Shellder used <strong>Rock Blast</strong>!<br></div><div class="battle-history"><small>(The opposing PerformaHand lost <abbr title="−6/22">27.3%</abbr> of its health!)</small><br></div><div class="battle-history"><small>(The opposing PerformaHand lost <abbr title="−6/22">27.3%</abbr> of its health!)</small><br></div><div class="battle-history"><small>(The opposing PerformaHand lost <abbr title="−6/22">27.3%</abbr> of its health!)</small><br></div><div class="battle-history"><small>(The opposing PerformaHand lost <abbr title="−1/22">4.5%</abbr> of its health!)</small><br></div><div class="battle-history"><small>Hit 4 times!</small><br></div><div class="spacer battle-history"><br></div><div class="battle-history">The opposing PerformaHand fainted!<br></div><div class="spacer battle-history"><br></div><div class="battle-history">Performapal476 sent out PerformaHiss (<strong>Snivy</strong>)!<br></div><div class="battle-history"><small>Pointed stones dug into the opposing PerformaHiss!</small><br></div><div class="spacer battle-history"><br></div><h2 class="battle-history">Turn 12</h2><div class="spacer battle-history"><br></div><div class="battle-history">Shellder used <strong>Icicle Spear</strong>!<br></div><div class="battle-history"><small>It's super effective!</small><br></div><div class="battle-history"><small>(The opposing PerformaHiss lost <abbr title="−12/21">57.1%</abbr> of its health!)</small><br></div><div class="battle-history"><small>It's super effective!</small><br></div><div class="battle-history"><small>(The opposing PerformaHiss lost <abbr title="−7/21">33.3%</abbr> of its health!)</small><br></div><div class="battle-history"><small>Hit 2 times!</small><br></div><div class="spacer battle-history"><br></div><div class="battle-history">The opposing PerformaHiss fainted!<br></div><div class="spacer battle-history"><br></div><div class="battle-history"><small>Performapal476 forfeited.</small><br></div><div class="spacer battle-history"><br></div><div class="battle-history"><strong>congdong</strong> won the battle!<br></div><div class="chat"><small>Performapal476 left.</small></div><div class="chat">congdong's rating: 1214 → <strong>1237</strong><br>(+23 for winning)</div><div class="chat">Performapal476's rating: 1181 → <strong>1159</strong><br>(-22 for losing)</div></div><div class="inner-preempt"></div></div></div>
</div>
<script>
let daily = Math.floor(Date.now()/1000/60/60/24);document.write('<script src="https://play.pokemonshowdown.com/js/replay-embed.js?version'+daily+'"></'+'script>');
</script>
