<!DOCTYPE html>
<meta charset="utf-8" />
<!-- version 1 -->
<title>LC replay: Hidrin vs. Keilax</title>
<style>
html,body {font-family:Verdana, sans-serif;font-size:10pt;margin:0;padding:0;}body{padding:12px 0;} .battle-log {font-family:Verdana, sans-serif;font-size:10pt;} .battle-log-inline {border:1px solid #AAAAAA;background:#EEF2F5;color:black;max-width:640px;margin:0 auto 80px;padding-bottom:5px;} .battle-log .inner {padding:4px 8px 0px 8px;} .battle-log .inner-preempt {padding:0 8px 4px 8px;} .battle-log .inner-after {margin-top:0.5em;} .battle-log h2 {margin:0.5em -8px;padding:4px 8px;border:1px solid #AAAAAA;background:#E0E7EA;border-left:0;border-right:0;font-family:Verdana, sans-serif;font-size:13pt;} .battle-log .chat {vertical-align:middle;padding:3px 0 3px 0;font-size:8pt;} .battle-log .chat strong {color:#40576A;} .battle-log .chat em {padding:1px 4px 1px 3px;color:#000000;font-style:normal;} .chat.mine {background:rgba(0,0,0,0.05);margin-left:-8px;margin-right:-8px;padding-left:8px;padding-right:8px;} .spoiler {color:#BBBBBB;background:#BBBBBB;padding:0px 3px;} .spoiler:hover, .spoiler:active, .spoiler-shown {color:#000000;background:#E2E2E2;padding:0px 3px;} .spoiler a {color:#BBBBBB;} .spoiler:hover a, .spoiler:active a, .spoiler-shown a {color:#2288CC;} .chat code, .chat .spoiler:hover code, .chat .spoiler:active code, .chat .spoiler-shown code {border:1px solid #C0C0C0;background:#EEEEEE;color:black;padding:0 2px;} .chat .spoiler code {border:1px solid #CCCCCC;background:#CCCCCC;color:#CCCCCC;} .battle-log .rated {padding:3px 4px;} .battle-log .rated strong {color:white;background:#89A;padding:1px 4px;border-radius:4px;} .spacer {margin-top:0.5em;} .message-announce {background:#6688AA;color:white;padding:1px 4px 2px;} .message-announce a, .broadcast-green a, .broadcast-blue a, .broadcast-red a {color:#DDEEFF;} .broadcast-green {background-color:#559955;color:white;padding:2px 4px;} .broadcast-blue {background-color:#6688AA;color:white;padding:2px 4px;} .infobox {border:1px solid #6688AA;padding:2px 4px;} .infobox-limited {max-height:200px;overflow:auto;overflow-x:hidden;} .broadcast-red {background-color:#AA5544;color:white;padding:2px 4px;} .message-learn-canlearn {font-weight:bold;color:#228822;text-decoration:underline;} .message-learn-cannotlearn {font-weight:bold;color:#CC2222;text-decoration:underline;} .message-effect-weak {font-weight:bold;color:#CC2222;} .message-effect-resist {font-weight:bold;color:#6688AA;} .message-effect-immune {font-weight:bold;color:#666666;} .message-learn-list {margin-top:0;margin-bottom:0;} .message-throttle-notice, .message-error {color:#992222;} .message-overflow, .chat small.message-overflow {font-size:0pt;} .message-overflow::before {font-size:9pt;content:'...';} .subtle {color:#3A4A66;}
</style>
<div class="wrapper replay-wrapper" style="max-width:1180px;margin:0 auto">
<input type="hidden" name="replayid" value="lc-539781718" />
<div class="battle"></div><div class="battle-log"></div><div class="replay-controls"></div><div class="replay-controls-2"></div>
<h1 style="font-weight:normal;text-align:center"><strong>LC</strong><br /><a href="http://pokemonshowdown.com/users/hidrin" class="subtle" target="_blank">Hidrin</a> vs. <a href="http://pokemonshowdown.com/users/keilax" class="subtle" target="_blank">Keilax</a></h1>
<script type="text/plain" class="battle-log-data">|j|Hidrin
|j|Keilax
|player|p1|Hidrin|136
|player|p2|Keilax|169
|gametype|singles
|gen|6
|tier|LC
|rated
|seed|10854,47108,37069,41439
|clearpoke
|poke|p1|Dratini, L5, M|item
|poke|p1|Pawniard, L5, F|item
|poke|p1|Abra, L5, F|item
|poke|p1|Munchlax, L5, M|item
|poke|p1|Cacnea, L5, F|item
|poke|p1|Onix, L5, M|item
|poke|p2|Ralts, L5, M|item
|poke|p2|Mareep, L5, M|item
|poke|p2|Pidove, L5, M|item
|poke|p2|Bulbasaur, L5, M|item
|poke|p2|Squirtle, L5, M|item
|poke|p2|Joltik, L5, M|item
|rule|Sleep Clause Mod: Limit one foe put to sleep
|rule|Species Clause: Limit one of each Pokémon
|rule|OHKO Clause: OHKO moves are banned
|rule|Moody Clause: Moody is banned
|rule|Evasion Moves Clause: Evasion moves are banned
|rule|Endless Battle Clause: Forcing endless battles is banned
|rule|HP Percentage Mod: HP is shown in percentages
|teampreview
|choice|team 6, team 2, team 3, team 4, team 5, team 1|team 1, team 2, team 3, team 4, team 5, team 6
|
|start
|switch|p1a: Onix|Onix, L5, M|20\/20
|switch|p2a: Valiant|Ralts, L5, M|19\/19
|turn|1
|choice|move stealthrock|move trickroom
|
|move|p1a: Onix|Stealth Rock|p2a: Valiant
|-sidestart|p2: Keilax|move: Stealth Rock
|move|p2a: Valiant|Trick Room|p2a: Valiant
|-fieldstart|move: Trick Room|[of] p2a: Valiant
|
|upkeep
|turn|2
|choice|move sandstorm|move psychic
|
|move|p2a: Valiant|Psychic|p1a: Onix
|-damage|p1a: Onix|5\/20
|-unboost|p1a: Onix|spd|1
|move|p1a: Onix|Sandstorm|p1a: Onix
|-weather|Sandstorm
|
|-weather|Sandstorm|[upkeep]
|-damage|p2a: Valiant|18\/19|[from] sandstorm
|-heal|p1a: Onix|6\/20|[from] item: Leftovers
|upkeep
|turn|3
|choice|move doubleedge|move psychic
|
|move|p2a: Valiant|Psychic|p1a: Onix
|-damage|p1a: Onix|0 fnt
|faint|p1a: Onix
|
|-weather|Sandstorm|[upkeep]
|-damage|p2a: Valiant|17\/19|[from] sandstorm
|upkeep
|choice|switch 5|
|
|switch|p1a: Cacnea|Cacnea, L5, F|21\/21
|turn|4
|choice|move swordsdance|move destinybond
|
|move|p2a: Valiant|Destiny Bond|p2a: Valiant
|-singlemove|p2a: Valiant|Destiny Bond
|move|p1a: Cacnea|Swords Dance|p1a: Cacnea
|-boost|p1a: Cacnea|atk|2
|
|-weather|Sandstorm|[upkeep]
|-damage|p2a: Valiant|16\/19|[from] sandstorm
|-damage|p1a: Cacnea|20\/21|[from] sandstorm
|upkeep
|turn|5
|choice|move suckerpunch|move destinybond
|
|move|p1a: Cacnea|Sucker Punch|p2a: Valiant|[still]
|-fail|p1a: Cacnea
|move|p2a: Valiant|Destiny Bond|p2a: Valiant
|-singlemove|p2a: Valiant|Destiny Bond
|
|-weather|Sandstorm|[upkeep]
|-damage|p2a: Valiant|15\/19|[from] sandstorm
|-damage|p1a: Cacnea|19\/21|[from] sandstorm
|-fieldend|move: Trick Room
|upkeep
|turn|6
|choice|move needlearm|move trickroom
|
|move|p1a: Cacnea|Needle Arm|p2a: Valiant
|-damage|p2a: Valiant|0 fnt
|faint|p2a: Valiant
|-activate|p2a: Valiant|move: Destiny Bond
|faint|p1a: Cacnea
|
|-weather|none
|upkeep
|choice|switch 4|switch 5
|
|switch|p2a: Shellby|Squirtle, L5, M|20\/20
|switch|p1a: Munchlax|Munchlax, L5, M|30\/30
|-damage|p2a: Shellby|18\/20|[from] Stealth Rock
|turn|7
|choice|move stockpile|move rapidspin
|
|move|p2a: Shellby|Rapid Spin|p1a: Munchlax
|-damage|p1a: Munchlax|29\/30
|-sideend|p2: Keilax|Stealth Rock|[from] move: Rapid Spin|[of] p2a: Shellby
|move|p1a: Munchlax|Stockpile|p1a: Munchlax
|-start|p1a: Munchlax|stockpile1
|-boost|p1a: Munchlax|def|1
|-boost|p1a: Munchlax|spd|1
|
|upkeep
|turn|8
|choice|move stockpile|move scald
|
|move|p2a: Shellby|Scald|p1a: Munchlax
|-damage|p1a: Munchlax|25\/30
|move|p1a: Munchlax|Stockpile|p1a: Munchlax
|-start|p1a: Munchlax|stockpile2
|-boost|p1a: Munchlax|def|1
|-boost|p1a: Munchlax|spd|1
|
|upkeep
|turn|9
|choice|move stockpile|move scald
|
|move|p2a: Shellby|Scald|p1a: Munchlax
|-damage|p1a: Munchlax|22\/30
|move|p1a: Munchlax|Stockpile|p1a: Munchlax
|-start|p1a: Munchlax|stockpile3
|-boost|p1a: Munchlax|def|1
|-boost|p1a: Munchlax|spd|1
|
|upkeep
|turn|10
|choice|move doubleedge|move scald
|
|move|p2a: Shellby|Scald|p1a: Munchlax
|-damage|p1a: Munchlax|19\/30
|move|p1a: Munchlax|Double-Edge|p2a: Shellby
|-damage|p2a: Shellby|3\/20
|-damage|p1a: Munchlax|14\/30|[from] recoil|[of] p2a: Shellby
|
|upkeep
|turn|11
|choice|move firepunch|move scald
|
|move|p2a: Shellby|Scald|p1a: Munchlax
|-damage|p1a: Munchlax|10\/30
|-status|p1a: Munchlax|brn
|move|p1a: Munchlax|Fire Punch|p2a: Shellby
|-resisted|p2a: Shellby
|-damage|p2a: Shellby|2\/20
|-status|p2a: Shellby|brn
|
|-damage|p2a: Shellby|0 fnt|[from] brn
|-damage|p1a: Munchlax|7\/30 brn|[from] brn
|upkeep
|faint|p2a: Shellby
|choice||switch 3
|
|switch|p2a: Nimbus|Pidove, L5, M|21\/21
|turn|12
|c|☆Hidrin|Yeah! Go munchlax
|choice|move gunkshot|move return
|
|move|p2a: Nimbus|Return|p1a: Munchlax
|-damage|p1a: Munchlax|1\/30 brn
|move|p1a: Munchlax|Gunk Shot|p2a: Nimbus
|-crit|p2a: Nimbus
|-damage|p2a: Nimbus|10\/21
|
|-damage|p1a: Munchlax|0 fnt|[from] brn
|upkeep
|faint|p1a: Munchlax
|choice|switch 2|
|
|switch|p1a: Pawniard|Pawniard, L5, F|21\/21
|turn|13
|c|☆Keilax|Munchlax did it's job :D
|choice|move swordsdance|move uturn
|
|move|p1a: Pawniard|Swords Dance|p1a: Pawniard
|-boost|p1a: Pawniard|atk|2
|move|p2a: Nimbus|U-turn|p1a: Pawniard
|-damage|p1a: Pawniard|14\/21
|choice||switch 2
|
|switch|p2a: Mareep|Mareep, L5, M|22\/22
|
|upkeep
|turn|14
|c|☆Hidrin|Best LC Pokemon!
|choice|move foulplay|move thunder
|
|move|p1a: Pawniard|Foul Play|p2a: Mareep
|-damage|p2a: Mareep|10\/22
|-damage|p1a: Pawniard|12\/21|[from] item: Life Orb
|move|p2a: Mareep|Thunder|p1a: Pawniard
|-crit|p1a: Pawniard
|-damage|p1a: Pawniard|0 fnt
|faint|p1a: Pawniard
|
|upkeep
|choice|switch 3|
|
|switch|p1a: Abra|Abra, L5, F|19\/19
|turn|15
|c|☆Keilax|That is honestly the first time Mareep has ever hit with Thunder.
|choice|move psychic|move toxic
|
|move|p1a: Abra|Psychic|p2a: Mareep
|-damage|p2a: Mareep|0 fnt
|faint|p2a: Mareep
|
|upkeep
|choice||switch 2
|
|switch|p2a: Nimbus|Pidove, L5, M|10\/21
|turn|16
|choice|move psychic|move nightslash
|
|move|p1a: Abra|Psychic|p2a: Nimbus
|-damage|p2a: Nimbus|0 fnt
|faint|p2a: Nimbus
|
|upkeep
|choice||switch 6
|
|switch|p2a: Joltik|Joltik, L5, M|21\/21
|turn|17
|choice|move psychic|move bugbuzz
|
|move|p1a: Abra|Psychic|p2a: Joltik
|-damage|p2a: Joltik|12\/21
|move|p2a: Joltik|Bug Buzz|p1a: Abra
|-supereffective|p1a: Abra
|-damage|p1a: Abra|0 fnt
|faint|p1a: Abra
|
|upkeep
|choice|switch 6|
|
|switch|p1a: Dratini|Dratini, L5, M|20\/20
|turn|18
|choice|move dragondance|move bugbuzz
|
|move|p1a: Dratini|Dragon Dance|p1a: Dratini
|-boost|p1a: Dratini|atk|1
|-boost|p1a: Dratini|spe|1
|move|p2a: Joltik|Bug Buzz|p1a: Dratini
|-damage|p1a: Dratini|7\/20
|-unboost|p1a: Dratini|spd|1
|
|upkeep
|turn|19
|c|☆Hidrin|Whoaaaaaaaaaa
|c|☆Hidrin|!!!
|c|☆Keilax|Joltik is surprisingly strong
|c|☆Keilax|I've always loved it, but LC has made it even better
|c|☆Hidrin|O shoot I accidentally put choice scarf
|c|☆Keilax|D:
|choice|move dragondance|move bugbuzz
|
|move|p1a: Dratini|Dragon Dance|p1a: Dratini
|-boost|p1a: Dratini|atk|1
|-boost|p1a: Dratini|spe|1
|move|p2a: Joltik|Bug Buzz|p1a: Dratini
|-damage|p1a: Dratini|0 fnt
|faint|p1a: Dratini
|
|win|Keilax
|player|p1
|player|p2
|raw|Hidrin's rating: 1000 &rarr; <strong>1000<\/strong><br \/>(+0 for losing)
|raw|Keilax's rating: 1074 &rarr; <strong>1097<\/strong><br \/>(+23 for winning)
|c|☆Hidrin|gg
|c|☆Keilax|Good battle</script>
</div>
<div class="battle-log battle-log-inline"><div class="inner"><div class="battle-options"></div><div class="inner"><div class="chat"><small>Hidrin joined.</small></div><div class="chat"><small>Keilax joined.</small></div><div class=""><small>Format:</small> <br><strong>LC</strong></div><div class="rated"><strong>Rated battle</strong></div><div class=""><small><em>Sleep Clause Mod:</em> Limit one foe put to sleep</small></div><div class=""><small><em>Species Clause:</em> Limit one of each Pokémon</small></div><div class=""><small><em>OHKO Clause:</em> OHKO moves are banned</small></div><div class=""><small><em>Moody Clause:</em> Moody is banned</small></div><div class=""><small><em>Evasion Moves Clause:</em> Evasion moves are banned</small></div><div class=""><small><em>Endless Battle Clause:</em> Forcing endless battles is banned</small></div><div class=""><small><em>HP Percentage Mod:</em> HP is shown in percentages</small></div><div class="chat battle-history"><strong>Hidrin's team:</strong> <em style="color:#445566;display:block;">Dratini / Pawniard / Abra / Munchlax / Cacnea / Onix</em></div><div class="chat battle-history"><strong>Keilax's team:</strong> <em style="color:#445566;display:block;">Ralts / Mareep / Pidove / Bulbasaur / Squirtle / Joltik</em></div><div class="spacer battle-history"><br></div><div class="battle-history">Battle started between Hidrin and Keilax!<br></div><div class="spacer battle-history"><br></div><div class="battle-history">Go! <strong>Onix</strong>!<br></div><div class="spacer battle-history"><br></div><div class="battle-history">Keilax sent out Valiant (<strong>Ralts</strong>)!<br></div><div class="spacer battle-history"><br></div><h2 class="battle-history">Turn 1</h2><div class="spacer battle-history"><br></div><div class="battle-history">Onix used <strong>Stealth Rock</strong>!<br></div><div class="battle-history"><small>Pointed stones float in the air around the opposing team!</small><br></div><div class="spacer battle-history"><br></div><div class="battle-history">The opposing Valiant used <strong>Trick Room</strong>!<br></div><div class="battle-history"><small>The opposing Valiant twisted the dimensions!</small><br></div><div class="spacer battle-history"><br></div><h2 class="battle-history">Turn 2</h2><div class="spacer battle-history"><br></div><div class="battle-history">The opposing Valiant used <strong>Psychic</strong>!<br></div><div class="battle-history"><small>(Onix lost <abbr title="−15/20">75%</abbr> of its health!)</small><br></div><div class="battle-history"><small>Onix's Special Defense fell!</small><br></div><div class="spacer battle-history"><br></div><div class="battle-history">Onix used <strong>Sandstorm</strong>!<br></div><div class="battle-history"><small>A sandstorm kicked up!</small><br></div><div class="spacer battle-history"><br></div><div class="battle-history"><small>The sandstorm is raging.</small><br></div><div class="battle-history"><small>The opposing Valiant is buffeted by the sandstorm!</small><br></div><div class="battle-history"><small>Onix restored a little HP using its Leftovers!</small><br></div><div class="spacer battle-history"><br></div><h2 class="battle-history">Turn 3</h2><div class="spacer battle-history"><br></div><div class="battle-history">The opposing Valiant used <strong>Psychic</strong>!<br></div><div class="battle-history"><small>(Onix lost <abbr title="−6/20">30%</abbr> of its health!)</small><br></div><div class="spacer battle-history"><br></div><div class="battle-history">Onix fainted!<br></div><div class="spacer battle-history"><br></div><div class="battle-history"><small>The sandstorm is raging.</small><br></div><div class="battle-history"><small>The opposing Valiant is buffeted by the sandstorm!</small><br></div><div class="spacer battle-history"><br></div><div class="battle-history">Go! <strong>Cacnea</strong>!<br></div><div class="spacer battle-history"><br></div><h2 class="battle-history">Turn 4</h2><div class="spacer battle-history"><br></div><div class="battle-history">The opposing Valiant used <strong>Destiny Bond</strong>!<br></div><div class="battle-history">The opposing Valiant is hoping to take its attacker down with it!<br></div><div class="spacer battle-history"><br></div><div class="battle-history">Cacnea used <strong>Swords Dance</strong>!<br></div><div class="battle-history"><small>Cacnea's Attack rose sharply!</small><br></div><div class="spacer battle-history"><br></div><div class="battle-history"><small>The sandstorm is raging.</small><br></div><div class="battle-history"><small>The opposing Valiant is buffeted by the sandstorm!</small><br></div><div class="battle-history"><small>Cacnea is buffeted by the sandstorm!</small><br></div><div class="spacer battle-history"><br></div><h2 class="battle-history">Turn 5</h2><div class="spacer battle-history"><br></div><div class="battle-history">Cacnea used <strong>Sucker Punch</strong>!<br></div><div class="battle-history"><small>But it failed!</small><br></div><div class="spacer battle-history"><br></div><div class="battle-history">The opposing Valiant used <strong>Destiny Bond</strong>!<br></div><div class="battle-history">The opposing Valiant is hoping to take its attacker down with it!<br></div><div class="spacer battle-history"><br></div><div class="battle-history"><small>The sandstorm is raging.</small><br></div><div class="battle-history"><small>The opposing Valiant is buffeted by the sandstorm!</small><br></div><div class="battle-history"><small>Cacnea is buffeted by the sandstorm!</small><br></div><div class="battle-history"><small>The twisted dimensions returned to normal!</small><br></div><div class="spacer battle-history"><br></div><h2 class="battle-history">Turn 6</h2><div class="spacer battle-history"><br></div><div class="battle-history">Cacnea used <strong>Needle Arm</strong>!<br></div><div class="battle-history"><small>(The opposing Valiant lost <abbr title="−15/19">78.9%</abbr> of its health!)</small><br></div><div class="spacer battle-history"><br></div><div class="battle-history">The opposing Valiant fainted!<br></div><div class="battle-history"><small>The opposing Valiant took its attacker down with it!</small><br></div><div class="spacer battle-history"><br></div><div class="battle-history">Cacnea fainted!<br></div><div class="spacer battle-history"><br></div><div class="battle-history"><small>The sandstorm subsided.</small><br></div><div class="spacer battle-history"><br></div><div class="battle-history">Keilax sent out Shellby (<strong>Squirtle</strong>)!<br></div><div class="spacer battle-history"><br></div><div class="battle-history">Go! <strong>Munchlax</strong>!<br></div><div class="battle-history"><small>Pointed stones dug into the opposing Shellby!</small><br></div><div class="spacer battle-history"><br></div><h2 class="battle-history">Turn 7</h2><div class="spacer battle-history"><br></div><div class="battle-history">The opposing Shellby used <strong>Rapid Spin</strong>!<br></div><div class="battle-history"><small>(Munchlax lost <abbr title="−1/30">3.3%</abbr> of its health!)</small><br></div><div class="battle-history"><small>The pointed stones disappeared from around the opposing team!</small><br></div><div class="spacer battle-history"><br></div><div class="battle-history">Munchlax used <strong>Stockpile</strong>!<br></div><div class="battle-history"><small>Munchlax stockpiled 1!</small><br></div><div class="battle-history"><small>Munchlax's Defense rose!</small><br></div><div class="battle-history"><small>Munchlax's Special Defense rose!</small><br></div><div class="spacer battle-history"><br></div><h2 class="battle-history">Turn 8</h2><div class="spacer battle-history"><br></div><div class="battle-history">The opposing Shellby used <strong>Scald</strong>!<br></div><div class="battle-history"><small>(Munchlax lost <abbr title="−4/30">13.3%</abbr> of its health!)</small><br></div><div class="spacer battle-history"><br></div><div class="battle-history">Munchlax used <strong>Stockpile</strong>!<br></div><div class="battle-history"><small>Munchlax stockpiled 2!</small><br></div><div class="battle-history"><small>Munchlax's Defense rose!</small><br></div><div class="battle-history"><small>Munchlax's Special Defense rose!</small><br></div><div class="spacer battle-history"><br></div><h2 class="battle-history">Turn 9</h2><div class="spacer battle-history"><br></div><div class="battle-history">The opposing Shellby used <strong>Scald</strong>!<br></div><div class="battle-history"><small>(Munchlax lost <abbr title="−3/30">10%</abbr> of its health!)</small><br></div><div class="spacer battle-history"><br></div><div class="battle-history">Munchlax used <strong>Stockpile</strong>!<br></div><div class="battle-history"><small>Munchlax stockpiled 3!</small><br></div><div class="battle-history"><small>Munchlax's Defense rose!</small><br></div><div class="battle-history"><small>Munchlax's Special Defense rose!</small><br></div><div class="spacer battle-history"><br></div><h2 class="battle-history">Turn 10</h2><div class="spacer battle-history"><br></div><div class="battle-history">The opposing Shellby used <strong>Scald</strong>!<br></div><div class="battle-history"><small>(Munchlax lost <abbr title="−3/30">10%</abbr> of its health!)</small><br></div><div class="spacer battle-history"><br></div><div class="battle-history">Munchlax used <strong>Double-Edge</strong>!<br></div><div class="battle-history"><small>(The opposing Shellby lost <abbr title="−15/20">75%</abbr> of its health!)</small><br></div><div class="battle-history"><small>Munchlax is damaged by the recoil!</small><br></div><div class="spacer battle-history"><br></div><h2 class="battle-history">Turn 11</h2><div class="spacer battle-history"><br></div><div class="battle-history">The opposing Shellby used <strong>Scald</strong>!<br></div><div class="battle-history"><small>(Munchlax lost <abbr title="−4/30">13.3%</abbr> of its health!)</small><br></div><div class="battle-history"><small>Munchlax was burned!</small><br></div><div class="spacer battle-history"><br></div><div class="battle-history">Munchlax used <strong>Fire Punch</strong>!<br></div><div class="battle-history"><small>It's not very effective...</small><br></div><div class="battle-history"><small>(The opposing Shellby lost <abbr title="−1/20">5%</abbr> of its health!)</small><br></div><div class="battle-history"><small>The opposing Shellby was burned!</small><br></div><div class="spacer battle-history"><br></div><div class="battle-history"><small>The opposing Shellby was hurt by its burn!</small><br></div><div class="battle-history"><small>Munchlax was hurt by its burn!</small><br></div><div class="spacer battle-history"><br></div><div class="battle-history">The opposing Shellby fainted!<br></div><div class="spacer battle-history"><br></div><div class="battle-history">Keilax sent out Nimbus (<strong>Pidove</strong>)!<br></div><div class="spacer battle-history"><br></div><h2 class="battle-history">Turn 12</h2><div class="chat chatmessage-hidrin"><strong style="color:hsl(294,62%,48%)"><small>☆</small><span class="username" data-name="Hidrin">Hidrin</span>:</strong> <em>Yeah! Go munchlax</em></div><div class="spacer battle-history"><br></div><div class="battle-history">The opposing Nimbus used <strong>Return</strong>!<br></div><div class="battle-history"><small>(Munchlax lost <abbr title="−6/30">20%</abbr> of its health!)</small><br></div><div class="spacer battle-history"><br></div><div class="battle-history">Munchlax used <strong>Gunk Shot</strong>!<br></div><div class="battle-history"><small>A critical hit!</small><br></div><div class="battle-history"><small>(The opposing Nimbus lost <abbr title="−11/21">52.4%</abbr> of its health!)</small><br></div><div class="spacer battle-history"><br></div><div class="battle-history"><small>Munchlax was hurt by its burn!</small><br></div><div class="spacer battle-history"><br></div><div class="battle-history">Munchlax fainted!<br></div><div class="spacer battle-history"><br></div><div class="battle-history">Go! <strong>Pawniard</strong>!<br></div><div class="spacer battle-history"><br></div><h2 class="battle-history">Turn 13</h2><div class="chat chatmessage-keilax"><strong style="color:hsl(320,41%,48.415462720242004%)"><small>☆</small><span class="username" data-name="Keilax">Keilax</span>:</strong> <em>Munchlax did it's job :D</em></div><div class="spacer battle-history"><br></div><div class="battle-history">Pawniard used <strong>Swords Dance</strong>!<br></div><div class="battle-history"><small>Pawniard's Attack rose sharply!</small><br></div><div class="spacer battle-history"><br></div><div class="battle-history">The opposing Nimbus used <strong>U-turn</strong>!<br></div><div class="battle-history"><small>(Pawniard lost <abbr title="−7/21">33.3%</abbr> of its health!)</small><br></div><div class="spacer battle-history"><br></div><div class="battle-history">The opposing Nimbus went back to Keilax!<br></div><div class="battle-history">Keilax sent out <strong>Mareep</strong>!<br></div><div class="spacer battle-history"><br></div><h2 class="battle-history">Turn 14</h2><div class="chat chatmessage-hidrin"><strong style="color:hsl(294,62%,48%)"><small>☆</small><span class="username" data-name="Hidrin">Hidrin</span>:</strong> <em>Best LC Pokemon!</em></div><div class="spacer battle-history"><br></div><div class="battle-history">Pawniard used <strong>Foul Play</strong>!<br></div><div class="battle-history"><small>(The opposing Mareep lost <abbr title="−12/22">54.5%</abbr> of its health!)</small><br></div><div class="battle-history"><small>Pawniard lost some of its HP!</small><br></div><div class="spacer battle-history"><br></div><div class="battle-history">The opposing Mareep used <strong>Thunder</strong>!<br></div><div class="battle-history"><small>A critical hit!</small><br></div><div class="battle-history"><small>(Pawniard lost <abbr title="−12/21">57.1%</abbr> of its health!)</small><br></div><div class="spacer battle-history"><br></div><div class="battle-history">Pawniard fainted!<br></div><div class="spacer battle-history"><br></div><div class="battle-history">Go! <strong>Abra</strong>!<br></div><div class="spacer battle-history"><br></div><h2 class="battle-history">Turn 15</h2><div class="chat chatmessage-keilax"><strong style="color:hsl(320,41%,48.415462720242004%)"><small>☆</small><span class="username" data-name="Keilax">Keilax</span>:</strong> <em>That is honestly the first time Mareep has ever hit with Thunder.</em></div><div class="spacer battle-history"><br></div><div class="battle-history">Abra used <strong>Psychic</strong>!<br></div><div class="battle-history"><small>(The opposing Mareep lost <abbr title="−10/22">45.5%</abbr> of its health!)</small><br></div><div class="spacer battle-history"><br></div><div class="battle-history">The opposing Mareep fainted!<br></div><div class="spacer battle-history"><br></div><div class="battle-history">Keilax sent out Nimbus (<strong>Pidove</strong>)!<br></div><div class="spacer battle-history"><br></div><h2 class="battle-history">Turn 16</h2><div class="spacer battle-history"><br></div><div class="battle-history">Abra used <strong>Psychic</strong>!<br></div><div class="battle-history"><small>(The opposing Nimbus lost <abbr title="−10/21">47.6%</abbr> of its health!)</small><br></div><div class="spacer battle-history"><br></div><div class="battle-history">The opposing Nimbus fainted!<br></div><div class="spacer battle-history"><br></div><div class="battle-history">Keilax sent out <strong>Joltik</strong>!<br></div><div class="spacer battle-history"><br></div><h2 class="battle-history">Turn 17</h2><div class="spacer battle-history"><br></div><div class="battle-history">Abra used <strong>Psychic</strong>!<br></div><div class="battle-history"><small>(The opposing Joltik lost <abbr title="−9/21">42.9%</abbr> of its health!)</small><br></div><div class="spacer battle-history"><br></div><div class="battle-history">The opposing Joltik used <strong>Bug Buzz</strong>!<br></div><div class="battle-history"><small>It's super effective!</small><br></div><div class="battle-history"><small>(Abra lost <abbr title="−19/19">100%</abbr> of its health!)</small><br></div><div class="spacer battle-history"><br></div><div class="battle-history">Abra fainted!<br></div><div class="spacer battle-history"><br></div><div class="battle-history">Go! <strong>Dratini</strong>!<br></div><div class="spacer battle-history"><br></div><h2 class="battle-history">Turn 18</h2><div class="spacer battle-history"><br></div><div class="battle-history">Dratini used <strong>Dragon Dance</strong>!<br></div><div class="battle-history"><small>Dratini's Attack rose!</small><br></div><div class="battle-history"><small>Dratini's Speed rose!</small><br></div><div class="spacer battle-history"><br></div><div class="battle-history">The opposing Joltik used <strong>Bug Buzz</strong>!<br></div><div class="battle-history"><small>(Dratini lost <abbr title="−13/20">65%</abbr> of its health!)</small><br></div><div class="battle-history"><small>Dratini's Special Defense fell!</small><br></div><div class="spacer battle-history"><br></div><h2 class="battle-history">Turn 19</h2><div class="chat chatmessage-hidrin"><strong style="color:hsl(294,62%,48%)"><small>☆</small><span class="username" data-name="Hidrin">Hidrin</span>:</strong> <em>Whoaaaaaaaaaa</em></div><div class="chat chatmessage-hidrin"><strong style="color:hsl(294,62%,48%)"><small>☆</small><span class="username" data-name="Hidrin">Hidrin</span>:</strong> <em>!!!</em></div><div class="chat chatmessage-keilax"><strong style="color:hsl(320,41%,48.415462720242004%)"><small>☆</small><span class="username" data-name="Keilax">Keilax</span>:</strong> <em>Joltik is surprisingly strong</em></div><div class="chat chatmessage-keilax"><strong style="color:hsl(320,41%,48.415462720242004%)"><small>☆</small><span class="username" data-name="Keilax">Keilax</span>:</strong> <em>I've always loved it, but LC has made it even better</em></div><div class="chat chatmessage-hidrin"><strong style="color:hsl(294,62%,48%)"><small>☆</small><span class="username" data-name="Hidrin">Hidrin</span>:</strong> <em>O shoot I accidentally put choice scarf</em></div><div class="chat chatmessage-keilax"><strong style="color:hsl(320,41%,48.415462720242004%)"><small>☆</small><span class="username" data-name="Keilax">Keilax</span>:</strong> <em>D:</em></div><div class="spacer battle-history"><br></div><div class="battle-history">Dratini used <strong>Dragon Dance</strong>!<br></div><div class="battle-history"><small>Dratini's Attack rose!</small><br></div><div class="battle-history"><small>Dratini's Speed rose!</small><br></div><div class="spacer battle-history"><br></div><div class="battle-history">The opposing Joltik used <strong>Bug Buzz</strong>!<br></div><div class="battle-history"><small>(Dratini lost <abbr title="−7/20">35%</abbr> of its health!)</small><br></div><div class="spacer battle-history"><br></div><div class="battle-history">Dratini fainted!<br></div><div class="spacer battle-history"><br></div><div class="battle-history"><strong>Keilax</strong> won the battle!<br></div><div class="chat">Hidrin's rating: 1000 → <strong>1000</strong><br>(+0 for losing)</div><div class="chat">Keilax's rating: 1074 → <strong>1097</strong><br>(+23 for winning)</div><div class="chat chatmessage-hidrin"><strong style="color:hsl(294,62%,48%)"><small>☆</small><span class="username" data-name="Hidrin">Hidrin</span>:</strong> <em>gg</em></div><div class="chat chatmessage-keilax"><strong style="color:hsl(320,41%,48.415462720242004%)"><small>☆</small><span class="username" data-name="Keilax">Keilax</span>:</strong> <em>Good battle</em></div></div><div class="inner-preempt"></div></div></div>
</div>
<script>
let daily = Math.floor(Date.now()/1000/60/60/24);document.write('<script src="https://play.pokemonshowdown.com/js/replay-embed.js?version'+daily+'"></'+'script>');
</script>
