<!DOCTYPE html>
<meta charset="utf-8" />
<!-- version 1 -->
<title>LC replay: Oaks vs. klinga</title>
<style>
html,body {font-family:Verdana, sans-serif;font-size:10pt;margin:0;padding:0;}body{padding:12px 0;} .battle-log {font-family:Verdana, sans-serif;font-size:10pt;} .battle-log-inline {border:1px solid #AAAAAA;background:#EEF2F5;color:black;max-width:640px;margin:0 auto 80px;padding-bottom:5px;} .battle-log .inner {padding:4px 8px 0px 8px;} .battle-log .inner-preempt {padding:0 8px 4px 8px;} .battle-log .inner-after {margin-top:0.5em;} .battle-log h2 {margin:0.5em -8px;padding:4px 8px;border:1px solid #AAAAAA;background:#E0E7EA;border-left:0;border-right:0;font-family:Verdana, sans-serif;font-size:13pt;} .battle-log .chat {vertical-align:middle;padding:3px 0 3px 0;font-size:8pt;} .battle-log .chat strong {color:#40576A;} .battle-log .chat em {padding:1px 4px 1px 3px;color:#000000;font-style:normal;} .chat.mine {background:rgba(0,0,0,0.05);margin-left:-8px;margin-right:-8px;padding-left:8px;padding-right:8px;} .spoiler {color:#BBBBBB;background:#BBBBBB;padding:0px 3px;} .spoiler:hover, .spoiler:active, .spoiler-shown {color:#000000;background:#E2E2E2;padding:0px 3px;} .spoiler a {color:#BBBBBB;} .spoiler:hover a, .spoiler:active a, .spoiler-shown a {color:#2288CC;} .chat code, .chat .spoiler:hover code, .chat .spoiler:active code, .chat .spoiler-shown code {border:1px solid #C0C0C0;background:#EEEEEE;color:black;padding:0 2px;} .chat .spoiler code {border:1px solid #CCCCCC;background:#CCCCCC;color:#CCCCCC;} .battle-log .rated {padding:3px 4px;} .battle-log .rated strong {color:white;background:#89A;padding:1px 4px;border-radius:4px;} .spacer {margin-top:0.5em;} .message-announce {background:#6688AA;color:white;padding:1px 4px 2px;} .message-announce a, .broadcast-green a, .broadcast-blue a, .broadcast-red a {color:#DDEEFF;} .broadcast-green {background-color:#559955;color:white;padding:2px 4px;} .broadcast-blue {background-color:#6688AA;color:white;padding:2px 4px;} .infobox {border:1px solid #6688AA;padding:2px 4px;} .infobox-limited {max-height:200px;overflow:auto;overflow-x:hidden;} .broadcast-red {background-color:#AA5544;color:white;padding:2px 4px;} .message-learn-canlearn {font-weight:bold;color:#228822;text-decoration:underline;} .message-learn-cannotlearn {font-weight:bold;color:#CC2222;text-decoration:underline;} .message-effect-weak {font-weight:bold;color:#CC2222;} .message-effect-resist {font-weight:bold;color:#6688AA;} .message-effect-immune {font-weight:bold;color:#666666;} .message-learn-list {margin-top:0;margin-bottom:0;} .message-throttle-notice, .message-error {color:#992222;} .message-overflow, .chat small.message-overflow {font-size:0pt;} .message-overflow::before {font-size:9pt;content:'...';} .subtle {color:#3A4A66;}
</style>
<div class="wrapper replay-wrapper" style="max-width:1180px;margin:0 auto">
<input type="hidden" name="replayid" value="lc-494099190" />
<div class="battle"></div><div class="battle-log"></div><div class="replay-controls"></div><div class="replay-controls-2"></div>
<h1 style="font-weight:normal;text-align:center"><strong>LC</strong><br /><a href="http://pokemonshowdown.com/users/oaks" class="subtle" target="_blank">Oaks</a> vs. <a href="http://pokemonshowdown.com/users/klinga" class="subtle" target="_blank">klinga</a></h1>
<script type="text/plain" class="battle-log-data">|j|Oaks
|j|klinga
|player|p1|Oaks|169
|player|p2|klinga|1
|gametype|singles
|gen|6
|tier|LC
|seed|21134,57841,3826,39376
|clearpoke
|poke|p1|Gastly, L5, F|item
|poke|p1|Geodude, L5, F|item
|poke|p1|Snivy, L5, F|item
|poke|p1|Oshawott, L5, F|item
|poke|p1|Binacle, L5, F|item
|poke|p1|Whismur, L5, F|item
|poke|p2|Bagon, L5, F, shiny|item
|poke|p2|Mienfoo, L5, M|item
|poke|p2|Sandshrew, L5, M|item
|poke|p2|Swablu, L5, M, shiny|item
|poke|p2|Happiny, L5, F|item
|poke|p2|Tyrunt, L5, M|item
|rule|Sleep Clause Mod: Limit one foe put to sleep
|rule|Species Clause: Limit one of each Pokémon
|rule|OHKO Clause: OHKO moves are banned
|rule|Moody Clause: Moody is banned
|rule|Evasion Moves Clause: Evasion moves are banned
|rule|Endless Battle Clause: Forcing endless battles is banned
|rule|HP Percentage Mod: HP is shown in percentages
|teampreview
|c|★klinga|gl hf
|choice|team 2, team 1, team 3, team 4, team 5, team 6|team 2, team 1, team 3, team 4, team 5, team 6
|
|start
|switch|p1a: Geodude|Geodude, L5, F|20\/20
|switch|p2a: Mienfoo|Mienfoo, L5, M|21\/21
|turn|1
|c|★Oaks|yt
|choice|move counter|move uturn
|
|move|p2a: Mienfoo|U-turn|p1a: Geodude
|-damage|p1a: Geodude|14\/20
|choice||switch 3
|
|switch|p2a: Sandshrew|Sandshrew, L5, M|24\/24
|move|p1a: Geodude|Counter|p2a: Sandshrew
|-damage|p2a: Sandshrew|12\/24
|-enditem|p2a: Sandshrew|Berry Juice
|-heal|p2a: Sandshrew|24\/24|[from] item: Berry Juice
|
|upkeep
|turn|2
|choice|move stealthrock|move knockoff
|
|move|p2a: Sandshrew|Knock Off|p1a: Geodude
|-damage|p1a: Geodude|6\/20
|-enditem|p1a: Geodude|Berry Juice|[from] move: Knock Off|[of] p2a: Sandshrew
|move|p1a: Geodude|Stealth Rock|p2a: Sandshrew
|-sidestart|p2: klinga|move: Stealth Rock
|
|upkeep
|turn|3
|choice|move earthquake|move rapidspin
|
|move|p2a: Sandshrew|Rapid Spin|p1a: Geodude
|-resisted|p1a: Geodude
|-damage|p1a: Geodude|5\/20
|-sideend|p2: klinga|Stealth Rock|[from] move: Rapid Spin|[of] p2a: Sandshrew
|move|p1a: Geodude|Earthquake|p2a: Sandshrew
|-damage|p2a: Sandshrew|8\/24
|
|upkeep
|turn|4
|choice|switch 3|move knockoff
|
|switch|p1a: Snivy|Snivy, L5, F|21\/21
|move|p2a: Sandshrew|Knock Off|p1a: Snivy
|-damage|p1a: Snivy|10\/21
|-enditem|p1a: Snivy|Berry Juice|[from] move: Knock Off|[of] p2a: Sandshrew
|
|upkeep
|turn|5
|choice|move leafstorm|switch 4
|
|switch|p2a: Swablu|Swablu, L5, M, shiny|24\/24
|move|p1a: Snivy|Leaf Storm|p2a: Swablu
|-resisted|p2a: Swablu
|-damage|p2a: Swablu|18\/24
|-boost|p1a: Snivy|spa|2
|
|upkeep
|turn|6
|choice|move twister|move aerialace
|
|move|p1a: Snivy|Twister|p2a: Swablu
|-damage|p2a: Swablu|12\/24
|-enditem|p2a: Swablu|Berry Juice
|-heal|p2a: Swablu|24\/24|[from] item: Berry Juice
|move|p2a: Swablu|Aerial Ace|p1a: Snivy
|-supereffective|p1a: Snivy
|-damage|p1a: Snivy|0 fnt
|faint|p1a: Snivy
|
|upkeep
|choice|switch 5|
|
|switch|p1a: Binacle|Binacle, L5, F|20\/20
|turn|7
|choice|move shellsmash|move cottonguard
|
|move|p1a: Binacle|Shell Smash|p1a: Binacle
|-unboost|p1a: Binacle|def|1
|-unboost|p1a: Binacle|spd|1
|-boost|p1a: Binacle|atk|2
|-boost|p1a: Binacle|spa|2
|-boost|p1a: Binacle|spe|2
|move|p2a: Swablu|Cotton Guard|p2a: Swablu
|-boost|p2a: Swablu|def|3
|
|upkeep
|turn|8
|choice|move shellsmash|move dragonrush
|
|move|p1a: Binacle|Shell Smash|p1a: Binacle
|-unboost|p1a: Binacle|def|1
|-unboost|p1a: Binacle|spd|1
|-boost|p1a: Binacle|atk|2
|-boost|p1a: Binacle|spa|2
|-boost|p1a: Binacle|spe|2
|move|p2a: Swablu|Dragon Rush|p1a: Binacle
|-damage|p1a: Binacle|6\/20
|
|upkeep
|turn|9
|choice|move icebeam|move dragonrush
|
|move|p1a: Binacle|Ice Beam|p2a: Swablu
|-supereffective|p2a: Swablu
|-damage|p2a: Swablu|0 fnt
|faint|p2a: Swablu
|
|upkeep
|choice||switch 5
|
|switch|p2a: Happiny|Happiny, L5, F|29\/29
|turn|10
|choice|move razorshell|move waterpulse
|
|move|p1a: Binacle|Razor Shell|p2a: Happiny
|-damage|p2a: Happiny|0 fnt
|faint|p2a: Happiny
|
|upkeep
|choice||switch 4
|
|switch|p2a: Sandshrew|Sandshrew, L5, M|8\/24
|turn|11
|choice|move icebeam|move earthquake
|
|move|p1a: Binacle|Ice Beam|p2a: Sandshrew
|-supereffective|p2a: Sandshrew
|-damage|p2a: Sandshrew|0 fnt
|faint|p2a: Sandshrew
|
|upkeep
|choice||switch 3
|
|switch|p2a: Mienfoo|Mienfoo, L5, M|21\/21
|turn|12
|choice|move razorshell|move drainpunch
|
|move|p1a: Binacle|Razor Shell|p2a: Mienfoo
|-damage|p2a: Mienfoo|0 fnt
|faint|p2a: Mienfoo
|
|upkeep
|choice||switch 6
|
|switch|p2a: Tyrunt|Tyrunt, L5, M|22\/22
|turn|13
|choice|move icebeam|move outrage
|
|move|p1a: Binacle|Ice Beam|p2a: Tyrunt
|-supereffective|p2a: Tyrunt
|-damage|p2a: Tyrunt|0 fnt
|faint|p2a: Tyrunt
|
|upkeep
|choice||switch 2
|
|switch|p2a: Bagon|Bagon, L5, F, shiny|22\/22
|turn|14
|choice|move icebeam|move brickbreak
|
|move|p1a: Binacle|Ice Beam|p2a: Bagon
|-supereffective|p2a: Bagon
|-damage|p2a: Bagon|0 fnt
|faint|p2a: Bagon
|
|win|Oaks
|player|p1
|player|p2
|c|★Oaks|:P
|c|★Oaks|LC is trash</script>
</div>
<div class="battle-log battle-log-inline"><div class="inner"><div class="battle-options"></div><div class="inner"><div class="chat"><small>Oaks joined.</small></div><div class="chat"><small>klinga joined.</small></div><div class=""><small>Format:</small> <br><strong>LC</strong></div><div class=""><small><em>Sleep Clause Mod:</em> Limit one foe put to sleep</small></div><div class=""><small><em>Species Clause:</em> Limit one of each Pokémon</small></div><div class=""><small><em>OHKO Clause:</em> OHKO moves are banned</small></div><div class=""><small><em>Moody Clause:</em> Moody is banned</small></div><div class=""><small><em>Evasion Moves Clause:</em> Evasion moves are banned</small></div><div class=""><small><em>Endless Battle Clause:</em> Forcing endless battles is banned</small></div><div class=""><small><em>HP Percentage Mod:</em> HP is shown in percentages</small></div><div class="chat battle-history"><strong>Oaks's team:</strong> <em style="color:#445566;display:block;">Gastly / Geodude / Snivy / Oshawott / Binacle / Whismur</em></div><div class="chat battle-history"><strong>klinga's team:</strong> <em style="color:#445566;display:block;">Bagon / Mienfoo / Sandshrew / Swablu / Happiny / Tyrunt</em></div><div class="chat chatmessage-klinga"><strong style="color:hsl(35,71%,46.279594236067055%)"><small>★</small><span class="username" data-name="klinga">klinga</span>:</strong> <em>gl hf</em></div><div class="spacer battle-history"><br></div><div class="battle-history">Battle started between Oaks and klinga!<br></div><div class="spacer battle-history"><br></div><div class="battle-history">Go! <strong>Geodude</strong>!<br></div><div class="spacer battle-history"><br></div><div class="battle-history">klinga sent out <strong>Mienfoo</strong>!<br></div><div class="spacer battle-history"><br></div><h2 class="battle-history">Turn 1</h2><div class="chat chatmessage-oaks"><strong style="color:hsl(356,56%,51.19260510630965%)"><small>★</small><span class="username" data-name="Oaks">Oaks</span>:</strong> <em>yt</em></div><div class="spacer battle-history"><br></div><div class="battle-history">The opposing Mienfoo used <strong>U-turn</strong>!<br></div><div class="battle-history"><small>(Geodude lost <abbr title="−6/20">30%</abbr> of its health!)</small><br></div><div class="spacer battle-history"><br></div><div class="battle-history">The opposing Mienfoo went back to klinga!<br></div><div class="battle-history">klinga sent out <strong>Sandshrew</strong>!<br></div><div class="spacer battle-history"><br></div><div class="battle-history">Geodude used <strong>Counter</strong>!<br></div><div class="battle-history"><small>(The opposing Sandshrew lost <abbr title="−12/24">50%</abbr> of its health!)</small><br></div><div class="battle-history"><small>(The opposing Sandshrew used its Berry Juice!)</small><br></div><div class="battle-history"><small>The opposing Sandshrew restored HP using its Berry Juice!</small><br></div><div class="spacer battle-history"><br></div><h2 class="battle-history">Turn 2</h2><div class="spacer battle-history"><br></div><div class="battle-history">The opposing Sandshrew used <strong>Knock Off</strong>!<br></div><div class="battle-history"><small>(Geodude lost <abbr title="−8/20">40%</abbr> of its health!)</small><br></div><div class="battle-history"><small>The opposing Sandshrew knocked off Geodude's Berry Juice!</small><br></div><div class="spacer battle-history"><br></div><div class="battle-history">Geodude used <strong>Stealth Rock</strong>!<br></div><div class="battle-history"><small>Pointed stones float in the air around the opposing team!</small><br></div><div class="spacer battle-history"><br></div><h2 class="battle-history">Turn 3</h2><div class="spacer battle-history"><br></div><div class="battle-history">The opposing Sandshrew used <strong>Rapid Spin</strong>!<br></div><div class="battle-history"><small>It's not very effective...</small><br></div><div class="battle-history"><small>(Geodude lost <abbr title="−1/20">5%</abbr> of its health!)</small><br></div><div class="battle-history"><small>The pointed stones disappeared from around the opposing team!</small><br></div><div class="spacer battle-history"><br></div><div class="battle-history">Geodude used <strong>Earthquake</strong>!<br></div><div class="battle-history"><small>(The opposing Sandshrew lost <abbr title="−16/24">66.7%</abbr> of its health!)</small><br></div><div class="spacer battle-history"><br></div><h2 class="battle-history">Turn 4</h2><div class="spacer battle-history"><br></div><div class="battle-history">Geodude, come back!<br></div><div class="battle-history">Go! <strong>Snivy</strong>!<br></div><div class="spacer battle-history"><br></div><div class="battle-history">The opposing Sandshrew used <strong>Knock Off</strong>!<br></div><div class="battle-history"><small>(Snivy lost <abbr title="−11/21">52.4%</abbr> of its health!)</small><br></div><div class="battle-history"><small>The opposing Sandshrew knocked off Snivy's Berry Juice!</small><br></div><div class="spacer battle-history"><br></div><h2 class="battle-history">Turn 5</h2><div class="spacer battle-history"><br></div><div class="battle-history">klinga withdrew Sandshrew!<br></div><div class="battle-history">klinga sent out <strong>Swablu</strong>!<br></div><div class="spacer battle-history"><br></div><div class="battle-history">Snivy used <strong>Leaf Storm</strong>!<br></div><div class="battle-history"><small>It's not very effective...</small><br></div><div class="battle-history"><small>(The opposing Swablu lost <abbr title="−6/24">25%</abbr> of its health!)</small><br></div><div class="battle-history"><small>Snivy's Special Attack rose sharply!</small><br></div><div class="spacer battle-history"><br></div><h2 class="battle-history">Turn 6</h2><div class="spacer battle-history"><br></div><div class="battle-history">Snivy used <strong>Twister</strong>!<br></div><div class="battle-history"><small>(The opposing Swablu lost <abbr title="−6/24">25%</abbr> of its health!)</small><br></div><div class="battle-history"><small>(The opposing Swablu used its Berry Juice!)</small><br></div><div class="battle-history"><small>The opposing Swablu restored HP using its Berry Juice!</small><br></div><div class="spacer battle-history"><br></div><div class="battle-history">The opposing Swablu used <strong>Aerial Ace</strong>!<br></div><div class="battle-history"><small>It's super effective!</small><br></div><div class="battle-history"><small>(Snivy lost <abbr title="−10/21">47.6%</abbr> of its health!)</small><br></div><div class="spacer battle-history"><br></div><div class="battle-history">Snivy fainted!<br></div><div class="spacer battle-history"><br></div><div class="battle-history">Go! <strong>Binacle</strong>!<br></div><div class="spacer battle-history"><br></div><h2 class="battle-history">Turn 7</h2><div class="spacer battle-history"><br></div><div class="battle-history">Binacle used <strong>Shell Smash</strong>!<br></div><div class="battle-history"><small>Binacle's Defense fell!</small><br></div><div class="battle-history"><small>Binacle's Special Defense fell!</small><br></div><div class="battle-history"><small>Binacle's Attack rose sharply!</small><br></div><div class="battle-history"><small>Binacle's Special Attack rose sharply!</small><br></div><div class="battle-history"><small>Binacle's Speed rose sharply!</small><br></div><div class="spacer battle-history"><br></div><div class="battle-history">The opposing Swablu used <strong>Cotton Guard</strong>!<br></div><div class="battle-history"><small>The opposing Swablu's Defense rose drastically!</small><br></div><div class="spacer battle-history"><br></div><h2 class="battle-history">Turn 8</h2><div class="spacer battle-history"><br></div><div class="battle-history">Binacle used <strong>Shell Smash</strong>!<br></div><div class="battle-history"><small>Binacle's Defense fell!</small><br></div><div class="battle-history"><small>Binacle's Special Defense fell!</small><br></div><div class="battle-history"><small>Binacle's Attack rose sharply!</small><br></div><div class="battle-history"><small>Binacle's Special Attack rose sharply!</small><br></div><div class="battle-history"><small>Binacle's Speed rose sharply!</small><br></div><div class="spacer battle-history"><br></div><div class="battle-history">The opposing Swablu used <strong>Dragon Rush</strong>!<br></div><div class="battle-history"><small>(Binacle lost <abbr title="−14/20">70%</abbr> of its health!)</small><br></div><div class="spacer battle-history"><br></div><h2 class="battle-history">Turn 9</h2><div class="spacer battle-history"><br></div><div class="battle-history">Binacle used <strong>Ice Beam</strong>!<br></div><div class="battle-history"><small>It's super effective!</small><br></div><div class="battle-history"><small>(The opposing Swablu lost <abbr title="−24/24">100%</abbr> of its health!)</small><br></div><div class="spacer battle-history"><br></div><div class="battle-history">The opposing Swablu fainted!<br></div><div class="spacer battle-history"><br></div><div class="battle-history">klinga sent out <strong>Happiny</strong>!<br></div><div class="spacer battle-history"><br></div><h2 class="battle-history">Turn 10</h2><div class="spacer battle-history"><br></div><div class="battle-history">Binacle used <strong>Razor Shell</strong>!<br></div><div class="battle-history"><small>(The opposing Happiny lost <abbr title="−29/29">100%</abbr> of its health!)</small><br></div><div class="spacer battle-history"><br></div><div class="battle-history">The opposing Happiny fainted!<br></div><div class="spacer battle-history"><br></div><div class="battle-history">klinga sent out <strong>Sandshrew</strong>!<br></div><div class="spacer battle-history"><br></div><h2 class="battle-history">Turn 11</h2><div class="spacer battle-history"><br></div><div class="battle-history">Binacle used <strong>Ice Beam</strong>!<br></div><div class="battle-history"><small>It's super effective!</small><br></div><div class="battle-history"><small>(The opposing Sandshrew lost <abbr title="−8/24">33.3%</abbr> of its health!)</small><br></div><div class="spacer battle-history"><br></div><div class="battle-history">The opposing Sandshrew fainted!<br></div><div class="spacer battle-history"><br></div><div class="battle-history">klinga sent out <strong>Mienfoo</strong>!<br></div><div class="spacer battle-history"><br></div><h2 class="battle-history">Turn 12</h2><div class="spacer battle-history"><br></div><div class="battle-history">Binacle used <strong>Razor Shell</strong>!<br></div><div class="battle-history"><small>(The opposing Mienfoo lost <abbr title="−21/21">100%</abbr> of its health!)</small><br></div><div class="spacer battle-history"><br></div><div class="battle-history">The opposing Mienfoo fainted!<br></div><div class="spacer battle-history"><br></div><div class="battle-history">klinga sent out <strong>Tyrunt</strong>!<br></div><div class="spacer battle-history"><br></div><h2 class="battle-history">Turn 13</h2><div class="spacer battle-history"><br></div><div class="battle-history">Binacle used <strong>Ice Beam</strong>!<br></div><div class="battle-history"><small>It's super effective!</small><br></div><div class="battle-history"><small>(The opposing Tyrunt lost <abbr title="−22/22">100%</abbr> of its health!)</small><br></div><div class="spacer battle-history"><br></div><div class="battle-history">The opposing Tyrunt fainted!<br></div><div class="spacer battle-history"><br></div><div class="battle-history">klinga sent out <strong>Bagon</strong>!<br></div><div class="spacer battle-history"><br></div><h2 class="battle-history">Turn 14</h2><div class="spacer battle-history"><br></div><div class="battle-history">Binacle used <strong>Ice Beam</strong>!<br></div><div class="battle-history"><small>It's super effective!</small><br></div><div class="battle-history"><small>(The opposing Bagon lost <abbr title="−22/22">100%</abbr> of its health!)</small><br></div><div class="spacer battle-history"><br></div><div class="battle-history">The opposing Bagon fainted!<br></div><div class="spacer battle-history"><br></div><div class="battle-history"><strong>Oaks</strong> won the battle!<br></div><div class="chat chatmessage-oaks"><strong style="color:hsl(356,56%,51.19260510630965%)"><small>★</small><span class="username" data-name="Oaks">Oaks</span>:</strong> <em>:P</em></div><div class="chat chatmessage-oaks"><strong style="color:hsl(356,56%,51.19260510630965%)"><small>★</small><span class="username" data-name="Oaks">Oaks</span>:</strong> <em>LC is trash</em></div></div><div class="inner-preempt"></div></div></div>
</div>
<script>
let daily = Math.floor(Date.now()/1000/60/60/24);document.write('<script src="https://play.pokemonshowdown.com/js/replay-embed.js?version'+daily+'"></'+'script>');
</script>
