<!DOCTYPE html>
<meta charset="utf-8" />
<!-- version 1 -->
<title>LC replay: Niatar vs. halloyoshi</title>
<style>
html,body {font-family:Verdana, sans-serif;font-size:10pt;margin:0;padding:0;}body{padding:12px 0;} .battle-log {font-family:Verdana, sans-serif;font-size:10pt;} .battle-log-inline {border:1px solid #AAAAAA;background:#EEF2F5;color:black;max-width:640px;margin:0 auto 80px;padding-bottom:5px;} .battle-log .inner {padding:4px 8px 0px 8px;} .battle-log .inner-preempt {padding:0 8px 4px 8px;} .battle-log .inner-after {margin-top:0.5em;} .battle-log h2 {margin:0.5em -8px;padding:4px 8px;border:1px solid #AAAAAA;background:#E0E7EA;border-left:0;border-right:0;font-family:Verdana, sans-serif;font-size:13pt;} .battle-log .chat {vertical-align:middle;padding:3px 0 3px 0;font-size:8pt;} .battle-log .chat strong {color:#40576A;} .battle-log .chat em {padding:1px 4px 1px 3px;color:#000000;font-style:normal;} .chat.mine {background:rgba(0,0,0,0.05);margin-left:-8px;margin-right:-8px;padding-left:8px;padding-right:8px;} .spoiler {color:#BBBBBB;background:#BBBBBB;padding:0px 3px;} .spoiler:hover, .spoiler:active, .spoiler-shown {color:#000000;background:#E2E2E2;padding:0px 3px;} .spoiler a {color:#BBBBBB;} .spoiler:hover a, .spoiler:active a, .spoiler-shown a {color:#2288CC;} .chat code, .chat .spoiler:hover code, .chat .spoiler:active code, .chat .spoiler-shown code {border:1px solid #C0C0C0;background:#EEEEEE;color:black;padding:0 2px;} .chat .spoiler code {border:1px solid #CCCCCC;background:#CCCCCC;color:#CCCCCC;} .battle-log .rated {padding:3px 4px;} .battle-log .rated strong {color:white;background:#89A;padding:1px 4px;border-radius:4px;} .spacer {margin-top:0.5em;} .message-announce {background:#6688AA;color:white;padding:1px 4px 2px;} .message-announce a, .broadcast-green a, .broadcast-blue a, .broadcast-red a {color:#DDEEFF;} .broadcast-green {background-color:#559955;color:white;padding:2px 4px;} .broadcast-blue {background-color:#6688AA;color:white;padding:2px 4px;} .infobox {border:1px solid #6688AA;padding:2px 4px;} .infobox-limited {max-height:200px;overflow:auto;overflow-x:hidden;} .broadcast-red {background-color:#AA5544;color:white;padding:2px 4px;} .message-learn-canlearn {font-weight:bold;color:#228822;text-decoration:underline;} .message-learn-cannotlearn {font-weight:bold;color:#CC2222;text-decoration:underline;} .message-effect-weak {font-weight:bold;color:#CC2222;} .message-effect-resist {font-weight:bold;color:#6688AA;} .message-effect-immune {font-weight:bold;color:#666666;} .message-learn-list {margin-top:0;margin-bottom:0;} .message-throttle-notice, .message-error {color:#992222;} .message-overflow, .chat small.message-overflow {font-size:0pt;} .message-overflow::before {font-size:9pt;content:'...';} .subtle {color:#3A4A66;}
</style>
<div class="wrapper replay-wrapper" style="max-width:1180px;margin:0 auto">
<input type="hidden" name="replayid" value="lc-495440815" />
<div class="battle"></div><div class="battle-log"></div><div class="replay-controls"></div><div class="replay-controls-2"></div>
<h1 style="font-weight:normal;text-align:center"><strong>LC</strong><br /><a href="http://pokemonshowdown.com/users/niatar" class="subtle" target="_blank">Niatar</a> vs. <a href="http://pokemonshowdown.com/users/halloyoshi" class="subtle" target="_blank">halloyoshi</a></h1>
<script type="text/plain" class="battle-log-data">|j|Niatar
|j|halloyoshi
|player|p1|Niatar|269
|player|p2|halloyoshi|265
|gametype|singles
|gen|6
|tier|LC
|seed|27959,2729,57092,52919
|clearpoke
|poke|p1|Magby, L5, F|item
|poke|p1|Cottonee, L5, M, shiny|item
|poke|p1|Carvanha, L5, M|item
|poke|p1|Frillish, L5, F, shiny|item
|poke|p1|Ferroseed, L5, M|item
|poke|p1|Litwick, L5, M|item
|poke|p2|Diglett, L5, M|item
|poke|p2|Archen, L5, M|item
|poke|p2|Pawniard, L5, M|item
|poke|p2|Spritzee, L5, M|item
|poke|p2|Shellder, L5, M|item
|poke|p2|Mienfoo, L5, M|item
|rule|Sleep Clause Mod: Limit one foe put to sleep
|rule|Species Clause: Limit one of each Pokémon
|rule|OHKO Clause: OHKO moves are banned
|rule|Moody Clause: Moody is banned
|rule|Evasion Moves Clause: Evasion moves are banned
|rule|Endless Battle Clause: Forcing endless battles is banned
|rule|HP Percentage Mod: HP is shown in percentages
|teampreview
|choice|team 5, team 2, team 3, team 4, team 1, team 6|team 6, team 2, team 3, team 4, team 5, team 1
|
|start
|switch|p1a: Ferroseed|Ferroseed, L5, M|23\/23
|switch|p2a: Mienfoo|Mienfoo, L5, M|23\/23
|turn|1
|choice|move stealthrock|move knockoff
|
|move|p2a: Mienfoo|Knock Off|p1a: Ferroseed
|-damage|p1a: Ferroseed|18\/23
|-damage|p2a: Mienfoo|21\/23|[from] ability: Iron Barbs|[of] p1a: Ferroseed
|-enditem|p1a: Ferroseed|Eviolite|[from] move: Knock Off|[of] p2a: Mienfoo
|move|p1a: Ferroseed|Stealth Rock|p2a: Mienfoo
|-sidestart|p2: halloyoshi|move: Stealth Rock
|
|upkeep
|turn|2
|choice|switch 4|move drainpunch
|
|switch|p1a: Frillish|Frillish, L5, F, shiny|25\/25
|move|p2a: Mienfoo|Drain Punch|p1a: Frillish
|-immune|p1a: Frillish|[msg]
|
|upkeep
|turn|3
|choice|move willowisp|move knockoff
|
|move|p2a: Mienfoo|Knock Off|p1a: Frillish
|-supereffective|p1a: Frillish
|-damage|p1a: Frillish|11\/25
|-enditem|p1a: Frillish|Eviolite|[from] move: Knock Off|[of] p2a: Mienfoo
|move|p1a: Frillish|Will-O-Wisp|p2a: Mienfoo
|-status|p2a: Mienfoo|brn
|
|-damage|p2a: Mienfoo|19\/23 brn|[from] brn
|upkeep
|turn|4
|choice|move recover|move knockoff
|
|move|p2a: Mienfoo|Knock Off|p1a: Frillish
|-supereffective|p1a: Frillish
|-damage|p1a: Frillish|4\/25
|move|p1a: Frillish|Recover|p1a: Frillish
|-heal|p1a: Frillish|17\/25
|
|-damage|p2a: Mienfoo|17\/23 brn|[from] brn
|upkeep
|turn|5
|choice|move recover|move uturn
|
|move|p2a: Mienfoo|U-turn|p1a: Frillish
|-resisted|p1a: Frillish
|-damage|p1a: Frillish|16\/25
|choice||switch 3
|
|switch|p2a: Pawniard|Pawniard, L5, M|21\/21
|-damage|p2a: Pawniard|20\/21|[from] Stealth Rock
|move|p1a: Frillish|Recover|p1a: Frillish
|-heal|p1a: Frillish|25\/25
|
|upkeep
|turn|6
|choice|move willowisp|move knockoff
|
|move|p2a: Pawniard|Knock Off|p1a: Frillish
|-supereffective|p1a: Frillish
|-damage|p1a: Frillish|1\/25
|move|p1a: Frillish|Will-O-Wisp|p2a: Pawniard
|-status|p2a: Pawniard|brn
|
|-damage|p2a: Pawniard|18\/21 brn|[from] brn
|upkeep
|turn|7
|choice|move hex|move knockoff
|
|move|p2a: Pawniard|Knock Off|p1a: Frillish
|-supereffective|p1a: Frillish
|-damage|p1a: Frillish|0 fnt
|faint|p1a: Frillish
|
|-damage|p2a: Pawniard|16\/21 brn|[from] brn
|upkeep
|choice|switch 2|
|
|switch|p1a: Cottonee|Cottonee, L5, M, shiny|22\/22
|turn|8
|choice|move dazzlinggleam|move ironhead
|
|move|p2a: Pawniard|Iron Head|p1a: Cottonee
|-supereffective|p1a: Cottonee
|-damage|p1a: Cottonee|15\/22
|move|p1a: Cottonee|Dazzling Gleam|p2a: Pawniard
|-damage|p2a: Pawniard|10\/21 brn
|
|-damage|p2a: Pawniard|8\/21 brn|[from] brn
|upkeep
|turn|9
|choice|move dazzlinggleam|move ironhead
|
|move|p2a: Pawniard|Iron Head|p1a: Cottonee
|-supereffective|p1a: Cottonee
|-damage|p1a: Cottonee|8\/22
|move|p1a: Cottonee|Dazzling Gleam|p2a: Pawniard
|-damage|p2a: Pawniard|2\/21 brn
|
|-damage|p2a: Pawniard|0 fnt|[from] brn
|upkeep
|faint|p2a: Pawniard
|choice||switch 2
|
|switch|p2a: Archen|Archen, L5, M|23\/23
|-damage|p2a: Archen|18\/23|[from] Stealth Rock
|turn|10
|choice|switch 4|move stoneedge
|
|switch|p1a: Ferroseed|Ferroseed, L5, M|18\/23
|move|p2a: Archen|Stone Edge|p1a: Ferroseed
|-resisted|p1a: Ferroseed
|-crit|p1a: Ferroseed
|-damage|p1a: Ferroseed|10\/23
|
|upkeep
|turn|11
|choice|move thunderwave|move earthquake
|
|move|p2a: Archen|Earthquake|p1a: Ferroseed
|-damage|p1a: Ferroseed|3\/23
|move|p1a: Ferroseed|Thunder Wave|p2a: Archen
|-status|p2a: Archen|par
|
|upkeep
|turn|12
|choice|move knockoff|move earthquake
|
|move|p1a: Ferroseed|Knock Off|p2a: Archen
|-damage|p2a: Archen|13\/23 par
|-enditem|p2a: Archen|Eviolite|[from] move: Knock Off|[of] p1a: Ferroseed
|move|p2a: Archen|Earthquake|p1a: Ferroseed
|-crit|p1a: Ferroseed
|-damage|p1a: Ferroseed|0 fnt
|faint|p1a: Ferroseed
|
|upkeep
|choice|switch 3|
|
|switch|p1a: Carvanha|Carvanha, L5, M|21\/21
|turn|13
|choice|move waterfall|move stoneedge
|
|move|p1a: Carvanha|Waterfall|p2a: Archen
|-supereffective|p2a: Archen
|-damage|p2a: Archen|0 fnt
|-damage|p1a: Carvanha|19\/21|[from] item: Life Orb
|faint|p2a: Archen
|
|-ability|p1a: Carvanha|Speed Boost|boost
|-boost|p1a: Carvanha|spe|1
|upkeep
|choice||switch 4
|
|switch|p2a: Spritzee|Spritzee, L5, M|27\/27
|-damage|p2a: Spritzee|24\/27|[from] Stealth Rock
|turn|14
|choice|switch 6|move moonblast
|
|switch|p1a: Litwick|Litwick, L5, M|24\/24
|move|p2a: Spritzee|Moonblast|p1a: Litwick
|-resisted|p1a: Litwick
|-damage|p1a: Litwick|20\/24
|
|upkeep
|turn|15
|choice|move fireblast|switch 3
|
|switch|p2a: Mienfoo|Mienfoo, L5, M|23\/23 brn
|-damage|p2a: Mienfoo|22\/23 brn|[from] Stealth Rock
|move|p1a: Litwick|Fire Blast|p2a: Mienfoo
|-damage|p2a: Mienfoo|12\/23 brn
|
|-damage|p2a: Mienfoo|10\/23 brn|[from] brn
|upkeep
|turn|16
|choice|move trickroom|move knockoff
|
|move|p2a: Mienfoo|Knock Off|p1a: Litwick
|-supereffective|p1a: Litwick
|-damage|p1a: Litwick|14\/24
|-enditem|p1a: Litwick|Eviolite|[from] move: Knock Off|[of] p2a: Mienfoo
|move|p1a: Litwick|Trick Room|p1a: Litwick
|-fieldstart|move: Trick Room|[of] p1a: Litwick
|
|-damage|p2a: Mienfoo|8\/23 brn|[from] brn
|upkeep
|turn|17
|choice|move hex|move knockoff
|
|move|p1a: Litwick|Hex|p2a: Mienfoo
|-damage|p2a: Mienfoo|0 fnt
|faint|p2a: Mienfoo
|
|upkeep
|choice||switch 3
|
|switch|p2a: Spritzee|Spritzee, L5, M|24\/27
|-damage|p2a: Spritzee|21\/27|[from] Stealth Rock
|turn|18
|choice|move fireblast|move calmmind
|
|move|p1a: Litwick|Fire Blast|p2a: Spritzee|[miss]
|-miss|p1a: Litwick|p2a: Spritzee
|move|p2a: Spritzee|Calm Mind|p2a: Spritzee
|-boost|p2a: Spritzee|spa|1
|-boost|p2a: Spritzee|spd|1
|
|upkeep
|turn|19
|choice|move fireblast|move wish
|
|move|p1a: Litwick|Fire Blast|p2a: Spritzee
|-damage|p2a: Spritzee|14\/27
|move|p2a: Spritzee|Wish|p2a: Spritzee
|
|upkeep
|turn|20
|choice|switch 4|move calmmind
|
|switch|p1a: Cottonee|Cottonee, L5, M, shiny|8\/22
|move|p2a: Spritzee|Calm Mind|p2a: Spritzee
|-boost|p2a: Spritzee|spa|1
|-boost|p2a: Spritzee|spd|1
|
|-heal|p2a: Spritzee|27\/27|[from] move: Wish|[wisher] Spritzee
|-fieldend|move: Trick Room
|upkeep
|turn|21
|choice|move encore|move moonblast
|
|move|p1a: Cottonee|Encore|p2a: Spritzee
|-activate|p2a: Spritzee|ability: Aroma Veil|[of] p2a: Spritzee
|move|p2a: Spritzee|Moonblast|p1a: Cottonee
|-damage|p1a: Cottonee|0 fnt
|faint|p1a: Cottonee
|
|upkeep
|choice|switch 5|
|
|switch|p1a: Magby|Magby, L5, F|22\/22
|turn|22
|choice|move bellydrum|move wish
|
|move|p1a: Magby|Belly Drum|p1a: Magby
|-damage|p1a: Magby|11\/22
|-setboost|p1a: Magby|atk|6|[from] move: Belly Drum
|-enditem|p1a: Magby|Berry Juice
|-heal|p1a: Magby|22\/22|[from] item: Berry Juice
|move|p2a: Spritzee|Wish|p2a: Spritzee
|
|upkeep
|turn|23
|choice|move firepunch|move moonblast
|
|move|p1a: Magby|Fire Punch|p2a: Spritzee
|-damage|p2a: Spritzee|2\/27
|move|p2a: Spritzee|Moonblast|p1a: Magby
|-resisted|p1a: Magby
|-damage|p1a: Magby|10\/22
|
|-heal|p2a: Spritzee|15\/27|[from] move: Wish|[wisher] Spritzee
|upkeep
|turn|24
|choice|move firepunch|move moonblast
|
|move|p1a: Magby|Fire Punch|p2a: Spritzee
|-damage|p2a: Spritzee|0 fnt
|faint|p2a: Spritzee
|
|upkeep
|choice||switch 5
|
|switch|p2a: Shellder|Shellder, L5, M|20\/20
|-damage|p2a: Shellder|18\/20|[from] Stealth Rock
|turn|25
|choice|move thunderpunch|move rockblast
|
|move|p1a: Magby|Thunder Punch|p2a: Shellder
|-supereffective|p2a: Shellder
|-damage|p2a: Shellder|0 fnt
|faint|p2a: Shellder
|
|upkeep
|choice||switch 6
|
|switch|p2a: Diglett|Diglett, L5, M|18\/18
|-damage|p2a: Diglett|17\/18|[from] Stealth Rock
|turn|26
|choice|move machpunch|move earthquake
|
|move|p1a: Magby|Mach Punch|p2a: Diglett
|-damage|p2a: Diglett|0 fnt
|faint|p2a: Diglett
|
|win|Niatar
|player|p1
|player|p2
|l|halloyoshi</script>
</div>
<div class="battle-log battle-log-inline"><div class="inner"><div class="battle-options"></div><div class="inner"><div class="chat"><small>Niatar joined.</small></div><div class="chat"><small>halloyoshi joined.</small></div><div class=""><small>Format:</small> <br><strong>LC</strong></div><div class=""><small><em>Sleep Clause Mod:</em> Limit one foe put to sleep</small></div><div class=""><small><em>Species Clause:</em> Limit one of each Pokémon</small></div><div class=""><small><em>OHKO Clause:</em> OHKO moves are banned</small></div><div class=""><small><em>Moody Clause:</em> Moody is banned</small></div><div class=""><small><em>Evasion Moves Clause:</em> Evasion moves are banned</small></div><div class=""><small><em>Endless Battle Clause:</em> Forcing endless battles is banned</small></div><div class=""><small><em>HP Percentage Mod:</em> HP is shown in percentages</small></div><div class="chat battle-history"><strong>Niatar's team:</strong> <em style="color:#445566;display:block;">Magby / Cottonee / Carvanha / Frillish / Ferroseed / Litwick</em></div><div class="chat battle-history"><strong>halloyoshi's team:</strong> <em style="color:#445566;display:block;">Diglett / Archen / Pawniard / Spritzee / Shellder / Mienfoo</em></div><div class="spacer battle-history"><br></div><div class="battle-history">Battle started between Niatar and halloyoshi!<br></div><div class="spacer battle-history"><br></div><div class="battle-history">Go! <strong>Ferroseed</strong>!<br></div><div class="spacer battle-history"><br></div><div class="battle-history">halloyoshi sent out <strong>Mienfoo</strong>!<br></div><div class="spacer battle-history"><br></div><h2 class="battle-history">Turn 1</h2><div class="spacer battle-history"><br></div><div class="battle-history">The opposing Mienfoo used <strong>Knock Off</strong>!<br></div><div class="battle-history"><small>(Ferroseed lost <abbr title="−5/23">21.7%</abbr> of its health!)</small><br></div><div class="battle-history"><small>[Ferroseed's Iron Barbs]</small><br><small>The opposing Mienfoo was hurt!</small><br></div><div class="battle-history"><small>The opposing Mienfoo knocked off Ferroseed's Eviolite!</small><br></div><div class="spacer battle-history"><br></div><div class="battle-history">Ferroseed used <strong>Stealth Rock</strong>!<br></div><div class="battle-history"><small>Pointed stones float in the air around the opposing team!</small><br></div><div class="spacer battle-history"><br></div><h2 class="battle-history">Turn 2</h2><div class="spacer battle-history"><br></div><div class="battle-history">Ferroseed, come back!<br></div><div class="battle-history">Go! <strong>Frillish</strong>!<br></div><div class="spacer battle-history"><br></div><div class="battle-history">The opposing Mienfoo used <strong>Drain Punch</strong>!<br></div><div class="battle-history"><small>It doesn't affect Frillish...</small><br></div><div class="spacer battle-history"><br></div><h2 class="battle-history">Turn 3</h2><div class="spacer battle-history"><br></div><div class="battle-history">The opposing Mienfoo used <strong>Knock Off</strong>!<br></div><div class="battle-history"><small>It's super effective!</small><br></div><div class="battle-history"><small>(Frillish lost <abbr title="−14/25">56.0%</abbr> of its health!)</small><br></div><div class="battle-history"><small>The opposing Mienfoo knocked off Frillish's Eviolite!</small><br></div><div class="spacer battle-history"><br></div><div class="battle-history">Frillish used <strong>Will-O-Wisp</strong>!<br></div><div class="battle-history"><small>The opposing Mienfoo was burned!</small><br></div><div class="spacer battle-history"><br></div><div class="battle-history"><small>The opposing Mienfoo was hurt by its burn!</small><br></div><div class="spacer battle-history"><br></div><h2 class="battle-history">Turn 4</h2><div class="spacer battle-history"><br></div><div class="battle-history">The opposing Mienfoo used <strong>Knock Off</strong>!<br></div><div class="battle-history"><small>It's super effective!</small><br></div><div class="battle-history"><small>(Frillish lost <abbr title="−7/25">28.0%</abbr> of its health!)</small><br></div><div class="spacer battle-history"><br></div><div class="battle-history">Frillish used <strong>Recover</strong>!<br></div><div class="battle-history"><small>Frillish restored its HP.</small><br></div><div class="spacer battle-history"><br></div><div class="battle-history"><small>The opposing Mienfoo was hurt by its burn!</small><br></div><div class="spacer battle-history"><br></div><h2 class="battle-history">Turn 5</h2><div class="spacer battle-history"><br></div><div class="battle-history">The opposing Mienfoo used <strong>U-turn</strong>!<br></div><div class="battle-history"><small>It's not very effective...</small><br></div><div class="battle-history"><small>(Frillish lost <abbr title="−1/25">4%</abbr> of its health!)</small><br></div><div class="spacer battle-history"><br></div><div class="battle-history">The opposing Mienfoo went back to halloyoshi!<br></div><div class="battle-history">halloyoshi sent out <strong>Pawniard</strong>!<br></div><div class="battle-history"><small>Pointed stones dug into the opposing Pawniard!</small><br></div><div class="spacer battle-history"><br></div><div class="battle-history">Frillish used <strong>Recover</strong>!<br></div><div class="battle-history"><small>Frillish restored its HP.</small><br></div><div class="spacer battle-history"><br></div><h2 class="battle-history">Turn 6</h2><div class="spacer battle-history"><br></div><div class="battle-history">The opposing Pawniard used <strong>Knock Off</strong>!<br></div><div class="battle-history"><small>It's super effective!</small><br></div><div class="battle-history"><small>(Frillish lost <abbr title="−24/25">96%</abbr> of its health!)</small><br></div><div class="spacer battle-history"><br></div><div class="battle-history">Frillish used <strong>Will-O-Wisp</strong>!<br></div><div class="battle-history"><small>The opposing Pawniard was burned!</small><br></div><div class="spacer battle-history"><br></div><div class="battle-history"><small>The opposing Pawniard was hurt by its burn!</small><br></div><div class="spacer battle-history"><br></div><h2 class="battle-history">Turn 7</h2><div class="spacer battle-history"><br></div><div class="battle-history">The opposing Pawniard used <strong>Knock Off</strong>!<br></div><div class="battle-history"><small>It's super effective!</small><br></div><div class="battle-history"><small>(Frillish lost <abbr title="−1/25">4%</abbr> of its health!)</small><br></div><div class="spacer battle-history"><br></div><div class="battle-history">Frillish fainted!<br></div><div class="spacer battle-history"><br></div><div class="battle-history"><small>The opposing Pawniard was hurt by its burn!</small><br></div><div class="spacer battle-history"><br></div><div class="battle-history">Go! <strong>Cottonee</strong>!<br></div><div class="spacer battle-history"><br></div><h2 class="battle-history">Turn 8</h2><div class="spacer battle-history"><br></div><div class="battle-history">The opposing Pawniard used <strong>Iron Head</strong>!<br></div><div class="battle-history"><small>It's super effective!</small><br></div><div class="battle-history"><small>(Cottonee lost <abbr title="−7/22">31.8%</abbr> of its health!)</small><br></div><div class="spacer battle-history"><br></div><div class="battle-history">Cottonee used <strong>Dazzling Gleam</strong>!<br></div><div class="battle-history"><small>(The opposing Pawniard lost <abbr title="−6/21">28.6%</abbr> of its health!)</small><br></div><div class="spacer battle-history"><br></div><div class="battle-history"><small>The opposing Pawniard was hurt by its burn!</small><br></div><div class="spacer battle-history"><br></div><h2 class="battle-history">Turn 9</h2><div class="spacer battle-history"><br></div><div class="battle-history">The opposing Pawniard used <strong>Iron Head</strong>!<br></div><div class="battle-history"><small>It's super effective!</small><br></div><div class="battle-history"><small>(Cottonee lost <abbr title="−7/22">31.8%</abbr> of its health!)</small><br></div><div class="spacer battle-history"><br></div><div class="battle-history">Cottonee used <strong>Dazzling Gleam</strong>!<br></div><div class="battle-history"><small>(The opposing Pawniard lost <abbr title="−6/21">28.6%</abbr> of its health!)</small><br></div><div class="spacer battle-history"><br></div><div class="battle-history"><small>The opposing Pawniard was hurt by its burn!</small><br></div><div class="spacer battle-history"><br></div><div class="battle-history">The opposing Pawniard fainted!<br></div><div class="spacer battle-history"><br></div><div class="battle-history">halloyoshi sent out <strong>Archen</strong>!<br></div><div class="battle-history"><small>Pointed stones dug into the opposing Archen!</small><br></div><div class="spacer battle-history"><br></div><h2 class="battle-history">Turn 10</h2><div class="spacer battle-history"><br></div><div class="battle-history">Cottonee, come back!<br></div><div class="battle-history">Go! <strong>Ferroseed</strong>!<br></div><div class="spacer battle-history"><br></div><div class="battle-history">The opposing Archen used <strong>Stone Edge</strong>!<br></div><div class="battle-history"><small>It's not very effective...</small><br></div><div class="battle-history"><small>A critical hit!</small><br></div><div class="battle-history"><small>(Ferroseed lost <abbr title="−8/23">34.8%</abbr> of its health!)</small><br></div><div class="spacer battle-history"><br></div><h2 class="battle-history">Turn 11</h2><div class="spacer battle-history"><br></div><div class="battle-history">The opposing Archen used <strong>Earthquake</strong>!<br></div><div class="battle-history"><small>(Ferroseed lost <abbr title="−7/23">30.4%</abbr> of its health!)</small><br></div><div class="spacer battle-history"><br></div><div class="battle-history">Ferroseed used <strong>Thunder Wave</strong>!<br></div><div class="battle-history"><small>The opposing Archen is paralyzed! It may be unable to move!</small><br></div><div class="spacer battle-history"><br></div><h2 class="battle-history">Turn 12</h2><div class="spacer battle-history"><br></div><div class="battle-history">Ferroseed used <strong>Knock Off</strong>!<br></div><div class="battle-history"><small>(The opposing Archen lost <abbr title="−5/23">21.7%</abbr> of its health!)</small><br></div><div class="battle-history"><small>Ferroseed knocked off the opposing Archen's Eviolite!</small><br></div><div class="spacer battle-history"><br></div><div class="battle-history">The opposing Archen used <strong>Earthquake</strong>!<br></div><div class="battle-history"><small>A critical hit!</small><br></div><div class="battle-history"><small>(Ferroseed lost <abbr title="−3/23">13.0%</abbr> of its health!)</small><br></div><div class="spacer battle-history"><br></div><div class="battle-history">Ferroseed fainted!<br></div><div class="spacer battle-history"><br></div><div class="battle-history">Go! <strong>Carvanha</strong>!<br></div><div class="spacer battle-history"><br></div><h2 class="battle-history">Turn 13</h2><div class="spacer battle-history"><br></div><div class="battle-history">Carvanha used <strong>Waterfall</strong>!<br></div><div class="battle-history"><small>It's super effective!</small><br></div><div class="battle-history"><small>(The opposing Archen lost <abbr title="−13/23">56.5%</abbr> of its health!)</small><br></div><div class="battle-history"><small>Carvanha lost some of its HP!</small><br></div><div class="spacer battle-history"><br></div><div class="battle-history">The opposing Archen fainted!<br></div><div class="spacer battle-history"><br></div><div class="battle-history"><small>[Carvanha's Speed Boost]</small><br></div><div class="battle-history"><small>Carvanha's Speed rose!</small><br></div><div class="spacer battle-history"><br></div><div class="battle-history">halloyoshi sent out <strong>Spritzee</strong>!<br></div><div class="battle-history"><small>Pointed stones dug into the opposing Spritzee!</small><br></div><div class="spacer battle-history"><br></div><h2 class="battle-history">Turn 14</h2><div class="spacer battle-history"><br></div><div class="battle-history">Carvanha, come back!<br></div><div class="battle-history">Go! <strong>Litwick</strong>!<br></div><div class="spacer battle-history"><br></div><div class="battle-history">The opposing Spritzee used <strong>Moonblast</strong>!<br></div><div class="battle-history"><small>It's not very effective...</small><br></div><div class="battle-history"><small>(Litwick lost <abbr title="−4/24">16.7%</abbr> of its health!)</small><br></div><div class="spacer battle-history"><br></div><h2 class="battle-history">Turn 15</h2><div class="spacer battle-history"><br></div><div class="battle-history">halloyoshi withdrew Spritzee!<br></div><div class="battle-history">halloyoshi sent out <strong>Mienfoo</strong>!<br></div><div class="battle-history"><small>Pointed stones dug into the opposing Mienfoo!</small><br></div><div class="spacer battle-history"><br></div><div class="battle-history">Litwick used <strong>Fire Blast</strong>!<br></div><div class="battle-history"><small>(The opposing Mienfoo lost <abbr title="−10/23">43.5%</abbr> of its health!)</small><br></div><div class="spacer battle-history"><br></div><div class="battle-history"><small>The opposing Mienfoo was hurt by its burn!</small><br></div><div class="spacer battle-history"><br></div><h2 class="battle-history">Turn 16</h2><div class="spacer battle-history"><br></div><div class="battle-history">The opposing Mienfoo used <strong>Knock Off</strong>!<br></div><div class="battle-history"><small>It's super effective!</small><br></div><div class="battle-history"><small>(Litwick lost <abbr title="−6/24">25%</abbr> of its health!)</small><br></div><div class="battle-history"><small>The opposing Mienfoo knocked off Litwick's Eviolite!</small><br></div><div class="spacer battle-history"><br></div><div class="battle-history">Litwick used <strong>Trick Room</strong>!<br></div><div class="battle-history"><small>Litwick twisted the dimensions!</small><br></div><div class="spacer battle-history"><br></div><div class="battle-history"><small>The opposing Mienfoo was hurt by its burn!</small><br></div><div class="spacer battle-history"><br></div><h2 class="battle-history">Turn 17</h2><div class="spacer battle-history"><br></div><div class="battle-history">Litwick used <strong>Hex</strong>!<br></div><div class="battle-history"><small>(The opposing Mienfoo lost <abbr title="−8/23">34.8%</abbr> of its health!)</small><br></div><div class="spacer battle-history"><br></div><div class="battle-history">The opposing Mienfoo fainted!<br></div><div class="spacer battle-history"><br></div><div class="battle-history">halloyoshi sent out <strong>Spritzee</strong>!<br></div><div class="battle-history"><small>Pointed stones dug into the opposing Spritzee!</small><br></div><div class="spacer battle-history"><br></div><h2 class="battle-history">Turn 18</h2><div class="spacer battle-history"><br></div><div class="battle-history">Litwick used <strong>Fire Blast</strong>!<br></div><div class="battle-history"><small>The opposing Spritzee avoided the attack!</small><br></div><div class="spacer battle-history"><br></div><div class="battle-history">The opposing Spritzee used <strong>Calm Mind</strong>!<br></div><div class="battle-history"><small>The opposing Spritzee's Special Attack rose!</small><br></div><div class="battle-history"><small>The opposing Spritzee's Special Defense rose!</small><br></div><div class="spacer battle-history"><br></div><h2 class="battle-history">Turn 19</h2><div class="spacer battle-history"><br></div><div class="battle-history">Litwick used <strong>Fire Blast</strong>!<br></div><div class="battle-history"><small>(The opposing Spritzee lost <abbr title="−7/27">25.9%</abbr> of its health!)</small><br></div><div class="spacer battle-history"><br></div><div class="battle-history">The opposing Spritzee used <strong>Wish</strong>!<br></div><div class="spacer battle-history"><br></div><h2 class="battle-history">Turn 20</h2><div class="spacer battle-history"><br></div><div class="battle-history">Litwick, come back!<br></div><div class="battle-history">Go! <strong>Cottonee</strong>!<br></div><div class="spacer battle-history"><br></div><div class="battle-history">The opposing Spritzee used <strong>Calm Mind</strong>!<br></div><div class="battle-history"><small>The opposing Spritzee's Special Attack rose!</small><br></div><div class="battle-history"><small>The opposing Spritzee's Special Defense rose!</small><br></div><div class="spacer battle-history"><br></div><div class="battle-history"><small>Spritzee's wish came true!</small><br></div><div class="battle-history"><small>The twisted dimensions returned to normal!</small><br></div><div class="spacer battle-history"><br></div><h2 class="battle-history">Turn 21</h2><div class="spacer battle-history"><br></div><div class="battle-history">Cottonee used <strong>Encore</strong>!<br></div><div class="battle-history"><small>[The opposing Spritzee's Aroma Veil]</small><br><small>The opposing Spritzee is protected by an aromatic veil!</small><br></div><div class="spacer battle-history"><br></div><div class="battle-history">The opposing Spritzee used <strong>Moonblast</strong>!<br></div><div class="battle-history"><small>(Cottonee lost <abbr title="−8/22">36.4%</abbr> of its health!)</small><br></div><div class="spacer battle-history"><br></div><div class="battle-history">Cottonee fainted!<br></div><div class="spacer battle-history"><br></div><div class="battle-history">Go! <strong>Magby</strong>!<br></div><div class="spacer battle-history"><br></div><h2 class="battle-history">Turn 22</h2><div class="spacer battle-history"><br></div><div class="battle-history">Magby used <strong>Belly Drum</strong>!<br></div><div class="battle-history"><small>(Magby lost <abbr title="−11/22">50%</abbr> of its health!)</small><br></div><div class="battle-history"><small>Magby cut its own HP and maximized its Attack!</small><br></div><div class="battle-history"><small>(Magby used its Berry Juice!)</small><br></div><div class="battle-history"><small>Magby restored HP using its Berry Juice!</small><br></div><div class="spacer battle-history"><br></div><div class="battle-history">The opposing Spritzee used <strong>Wish</strong>!<br></div><div class="spacer battle-history"><br></div><h2 class="battle-history">Turn 23</h2><div class="spacer battle-history"><br></div><div class="battle-history">Magby used <strong>Fire Punch</strong>!<br></div><div class="battle-history"><small>(The opposing Spritzee lost <abbr title="−25/27">92.6%</abbr> of its health!)</small><br></div><div class="spacer battle-history"><br></div><div class="battle-history">The opposing Spritzee used <strong>Moonblast</strong>!<br></div><div class="battle-history"><small>It's not very effective...</small><br></div><div class="battle-history"><small>(Magby lost <abbr title="−12/22">54.5%</abbr> of its health!)</small><br></div><div class="spacer battle-history"><br></div><div class="battle-history"><small>Spritzee's wish came true!</small><br></div><div class="spacer battle-history"><br></div><h2 class="battle-history">Turn 24</h2><div class="spacer battle-history"><br></div><div class="battle-history">Magby used <strong>Fire Punch</strong>!<br></div><div class="battle-history"><small>(The opposing Spritzee lost <abbr title="−15/27">55.6%</abbr> of its health!)</small><br></div><div class="spacer battle-history"><br></div><div class="battle-history">The opposing Spritzee fainted!<br></div><div class="spacer battle-history"><br></div><div class="battle-history">halloyoshi sent out <strong>Shellder</strong>!<br></div><div class="battle-history"><small>Pointed stones dug into the opposing Shellder!</small><br></div><div class="spacer battle-history"><br></div><h2 class="battle-history">Turn 25</h2><div class="spacer battle-history"><br></div><div class="battle-history">Magby used <strong>Thunder Punch</strong>!<br></div><div class="battle-history"><small>It's super effective!</small><br></div><div class="battle-history"><small>(The opposing Shellder lost <abbr title="−18/20">90%</abbr> of its health!)</small><br></div><div class="spacer battle-history"><br></div><div class="battle-history">The opposing Shellder fainted!<br></div><div class="spacer battle-history"><br></div><div class="battle-history">halloyoshi sent out <strong>Diglett</strong>!<br></div><div class="battle-history"><small>Pointed stones dug into the opposing Diglett!</small><br></div><div class="spacer battle-history"><br></div><h2 class="battle-history">Turn 26</h2><div class="spacer battle-history"><br></div><div class="battle-history">Magby used <strong>Mach Punch</strong>!<br></div><div class="battle-history"><small>(The opposing Diglett lost <abbr title="−17/18">94.4%</abbr> of its health!)</small><br></div><div class="spacer battle-history"><br></div><div class="battle-history">The opposing Diglett fainted!<br></div><div class="spacer battle-history"><br></div><div class="battle-history"><strong>Niatar</strong> won the battle!<br></div><div class="chat"><small>halloyoshi left.</small></div></div><div class="inner-preempt"></div></div></div>
</div>
<script>
let daily = Math.floor(Date.now()/1000/60/60/24);document.write('<script src="https://play.pokemonshowdown.com/js/replay-embed.js?version'+daily+'"></'+'script>');
</script>
