<!DOCTYPE html>
<meta charset="utf-8" />
<!-- version 1 -->
<title>LC replay: mixi vs. Joqq</title>
<style>
html,body {font-family:Verdana, sans-serif;font-size:10pt;margin:0;padding:0;}body{padding:12px 0;} .battle-log {font-family:Verdana, sans-serif;font-size:10pt;} .battle-log-inline {border:1px solid #AAAAAA;background:#EEF2F5;color:black;max-width:640px;margin:0 auto 80px;padding-bottom:5px;} .battle-log .inner {padding:4px 8px 0px 8px;} .battle-log .inner-preempt {padding:0 8px 4px 8px;} .battle-log .inner-after {margin-top:0.5em;} .battle-log h2 {margin:0.5em -8px;padding:4px 8px;border:1px solid #AAAAAA;background:#E0E7EA;border-left:0;border-right:0;font-family:Verdana, sans-serif;font-size:13pt;} .battle-log .chat {vertical-align:middle;padding:3px 0 3px 0;font-size:8pt;} .battle-log .chat strong {color:#40576A;} .battle-log .chat em {padding:1px 4px 1px 3px;color:#000000;font-style:normal;} .chat.mine {background:rgba(0,0,0,0.05);margin-left:-8px;margin-right:-8px;padding-left:8px;padding-right:8px;} .spoiler {color:#BBBBBB;background:#BBBBBB;padding:0px 3px;} .spoiler:hover, .spoiler:active, .spoiler-shown {color:#000000;background:#E2E2E2;padding:0px 3px;} .spoiler a {color:#BBBBBB;} .spoiler:hover a, .spoiler:active a, .spoiler-shown a {color:#2288CC;} .chat code, .chat .spoiler:hover code, .chat .spoiler:active code, .chat .spoiler-shown code {border:1px solid #C0C0C0;background:#EEEEEE;color:black;padding:0 2px;} .chat .spoiler code {border:1px solid #CCCCCC;background:#CCCCCC;color:#CCCCCC;} .battle-log .rated {padding:3px 4px;} .battle-log .rated strong {color:white;background:#89A;padding:1px 4px;border-radius:4px;} .spacer {margin-top:0.5em;} .message-announce {background:#6688AA;color:white;padding:1px 4px 2px;} .message-announce a, .broadcast-green a, .broadcast-blue a, .broadcast-red a {color:#DDEEFF;} .broadcast-green {background-color:#559955;color:white;padding:2px 4px;} .broadcast-blue {background-color:#6688AA;color:white;padding:2px 4px;} .infobox {border:1px solid #6688AA;padding:2px 4px;} .infobox-limited {max-height:200px;overflow:auto;overflow-x:hidden;} .broadcast-red {background-color:#AA5544;color:white;padding:2px 4px;} .message-learn-canlearn {font-weight:bold;color:#228822;text-decoration:underline;} .message-learn-cannotlearn {font-weight:bold;color:#CC2222;text-decoration:underline;} .message-effect-weak {font-weight:bold;color:#CC2222;} .message-effect-resist {font-weight:bold;color:#6688AA;} .message-effect-immune {font-weight:bold;color:#666666;} .message-learn-list {margin-top:0;margin-bottom:0;} .message-throttle-notice, .message-error {color:#992222;} .message-overflow, .chat small.message-overflow {font-size:0pt;} .message-overflow::before {font-size:9pt;content:'...';} .subtle {color:#3A4A66;}
</style>
<div class="wrapper replay-wrapper" style="max-width:1180px;margin:0 auto">
<input type="hidden" name="replayid" value="lc-486315502" />
<div class="battle"></div><div class="battle-log"></div><div class="replay-controls"></div><div class="replay-controls-2"></div>
<h1 style="font-weight:normal;text-align:center"><strong>LC</strong><br /><a href="http://pokemonshowdown.com/users/mixi" class="subtle" target="_blank">mixi</a> vs. <a href="http://pokemonshowdown.com/users/joqq" class="subtle" target="_blank">Joqq</a></h1>
<script type="text/plain" class="battle-log-data">|j|mixi
|j|Joqq
|player|p1|mixi|161
|player|p2|Joqq|176
|gametype|singles
|gen|6
|tier|LC
|seed|27877,35317,40195,32813
|clearpoke
|poke|p1|Spritzee, L5, M|item
|poke|p1|Ferroseed, L5, M|item
|poke|p1|Tentacool, L5, F|item
|poke|p1|Tyrunt, L5, F|item
|poke|p1|Eevee, L5, F|item
|poke|p1|Makuhita, L5, M|item
|poke|p2|Abra, L5, M|item
|poke|p2|Hippopotas, L5, F|item
|poke|p2|Drilbur, L5, M|item
|poke|p2|Lileep, L5, F|item
|poke|p2|Froakie, L5, F|item
|poke|p2|Glameow, L5, F|item
|rule|Sleep Clause Mod: Limit one foe put to sleep
|rule|Species Clause: Limit one of each Pokémon
|rule|OHKO Clause: OHKO moves are banned
|rule|Moody Clause: Moody is banned
|rule|Evasion Moves Clause: Evasion moves are banned
|rule|Endless Battle Clause: Forcing endless battles is banned
|rule|HP Percentage Mod: HP is shown in percentages
|teampreview
|c|★mixi|gl hf man
|c|★Joqq|u2
|choice|team 2, team 1, team 3, team 4, team 5, team 6|team 6, team 2, team 3, team 4, team 5, team 1
|
|start
|switch|p1a: tier2|Ferroseed, L5, M|20\/20
|switch|p2a: Glameow|Glameow, L5, F|21\/21
|turn|1
|choice|move leechseed|move wakeupslap
|
|move|p2a: Glameow|Wake-Up Slap|p1a: tier2
|-supereffective|p1a: tier2
|-crit|p1a: tier2
|-damage|p1a: tier2|0 fnt
|-damage|p2a: Glameow|19\/21|[from] ability: Iron Barbs|[of] p1a: tier2
|-damage|p2a: Glameow|16\/21|[from] item: Rocky Helmet|[of] p1a: tier2
|-damage|p2a: Glameow|14\/21|[from] item: Life Orb
|faint|p1a: tier2
|
|choice|switch 4|
|
|switch|p1a: tier4|Tyrunt, L5, F|22\/22
|turn|2
|c|★Joqq|sorry about that
|c|★mixi|np thats tthe game
|choice|move dragondance|switch 2
|
|switch|p2a: Hippopotas|Hippopotas, L5, F|26\/26
|-weather|Sandstorm|[from] ability: Sand Stream|[of] p2a: Hippopotas
|move|p1a: tier4|Dragon Dance|p1a: tier4
|-boost|p1a: tier4|atk|1
|-boost|p1a: tier4|spe|1
|
|-weather|Sandstorm|[upkeep]
|turn|3
|choice|move icefang|move earthquake
|
|move|p1a: tier4|Ice Fang|p2a: Hippopotas
|-supereffective|p2a: Hippopotas
|-damage|p2a: Hippopotas|14\/26
|-status|p2a: Hippopotas|frz
|cant|p2a: Hippopotas|frz
|
|-weather|Sandstorm|[upkeep]
|turn|4
|c|★mixi|lol
|c|★mixi|sry
|choice|move dragondance|move earthquake
|
|move|p1a: tier4|Dragon Dance|p1a: tier4
|-boost|p1a: tier4|atk|1
|-boost|p1a: tier4|spe|1
|cant|p2a: Hippopotas|frz
|
|-weather|Sandstorm|[upkeep]
|turn|5
|c|★Joqq|well
|c|★Joqq|gg?
|c|★mixi|i guess lol
|choice|move icefang|move earthquake
|
|move|p1a: tier4|Ice Fang|p2a: Hippopotas
|-supereffective|p2a: Hippopotas
|-damage|p2a: Hippopotas|0 fnt
|faint|p2a: Hippopotas
|
|-weather|Sandstorm|[upkeep]
|choice||switch 2
|
|switch|p2a: Glameow|Glameow, L5, F|14\/21
|turn|6
|choice|move icefang|move fakeout
|
|move|p2a: Glameow|Fake Out|p1a: tier4
|-resisted|p1a: tier4
|-crit|p1a: tier4
|-damage|p1a: tier4|17\/22
|-damage|p2a: Glameow|12\/21|[from] item: Life Orb
|cant|p1a: tier4|flinch
|
|-weather|none
|turn|7
|choice|move icefang|move quickattack
|
|move|p2a: Glameow|Quick Attack|p1a: tier4
|-resisted|p1a: tier4
|-damage|p1a: tier4|13\/22
|-damage|p2a: Glameow|10\/21|[from] item: Life Orb
|move|p1a: tier4|Ice Fang|p2a: Glameow
|-damage|p2a: Glameow|0 fnt
|faint|p2a: Glameow
|
|choice||switch 5
|
|switch|p2a: Froakie|Froakie, L5, F|20\/20
|turn|8
|choice|move outrage|move surf
|
|move|p1a: tier4|Outrage|p2a: Froakie
|-enditem|p2a: Froakie|Focus Sash
|-damage|p2a: Froakie|1\/20
|move|p2a: Froakie|Surf|p1a: tier4
|-damage|p1a: tier4|0 fnt
|faint|p1a: tier4
|
|choice|switch 5|
|
|switch|p1a: tier5|Eevee, L5, F|22\/22
|turn|9
|choice|move quickattack|move surf
|
|move|p1a: tier5|Quick Attack|p2a: Froakie
|-damage|p2a: Froakie|0 fnt
|-damage|p1a: tier5|20\/22|[from] item: Life Orb
|faint|p2a: Froakie
|
|choice||switch 4
|
|switch|p2a: Lileep|Lileep, L5, F|26\/26
|turn|10
|choice|switch 6|move toxic
|
|switch|p1a: tier6|Makuhita, L5, M|26\/26
|move|p2a: Lileep|Toxic|p1a: tier6
|-status|p1a: tier6|tox
|
|-damage|p1a: tier6|25\/26 tox|[from] psn
|turn|11
|choice|move icepunch|move recover
|
|move|p1a: tier6|Ice Punch|p2a: Lileep
|-supereffective|p2a: Lileep
|-damage|p2a: Lileep|12\/26
|move|p2a: Lileep|Recover|p2a: Lileep
|-heal|p2a: Lileep|25\/26
|
|-damage|p1a: tier6|23\/26 tox|[from] psn
|turn|12
|choice|move closecombat|move recover
|
|move|p2a: Lileep|Recover|p2a: Lileep
|-heal|p2a: Lileep|26\/26
|move|p1a: tier6|Close Combat|p2a: Lileep
|-supereffective|p2a: Lileep
|-damage|p2a: Lileep|0 fnt
|-unboost|p1a: tier6|def|1
|-unboost|p1a: tier6|spd|1
|faint|p2a: Lileep
|
|-damage|p1a: tier6|20\/26 tox|[from] psn
|choice||switch 6
|
|switch|p2a: Abra|Abra, L5, M|19\/19
|turn|13
|choice|switch 2|move substitute
|
|switch|p1a: tier1|Spritzee, L5, M|25\/25
|move|p2a: Abra|Substitute|p2a: Abra
|-start|p2a: Abra|Substitute
|-damage|p2a: Abra|15\/19
|
|turn|14
|choice|move moonblast|move psyshock
|
|move|p2a: Abra|Psyshock|p1a: tier1
|-crit|p1a: tier1
|-damage|p1a: tier1|9\/25
|move|p1a: tier1|Moonblast|p2a: Abra
|-end|p2a: Abra|Substitute
|
|turn|15
|choice|move wish|move psyshock
|
|move|p2a: Abra|Psyshock|p1a: tier1
|-damage|p1a: tier1|0 fnt
|faint|p1a: tier1
|
|choice|switch 2|
|
|switch|p1a: tier6|Makuhita, L5, M|20\/26 tox
|turn|16
|choice|move fakeout|move psyshock
|
|move|p1a: tier6|Fake Out|p2a: Abra
|-damage|p2a: Abra|6\/19
|cant|p2a: Abra|flinch
|
|-damage|p1a: tier6|19\/26 tox|[from] psn
|turn|17
|choice|move knockoff|move psyshock
|
|move|p2a: Abra|Psyshock|p1a: tier6
|-supereffective|p1a: tier6
|-damage|p1a: tier6|0 fnt
|faint|p1a: tier6
|
|choice|switch 6|
|
|switch|p1a: tier5|Eevee, L5, F|20\/22
|turn|18
|choice|move quickattack|move psyshock
|
|move|p1a: tier5|Quick Attack|p2a: Abra
|-damage|p2a: Abra|0 fnt
|-damage|p1a: tier5|18\/22|[from] item: Life Orb
|faint|p2a: Abra
|
|choice||switch 3
|
|switch|p2a: Drilbur|Drilbur, L5, M|22\/22
|-ability|p2a: Drilbur|Mold Breaker
|turn|19
|choice|move quickattack|move earthquake
|
|move|p1a: tier5|Quick Attack|p2a: Drilbur
|-damage|p2a: Drilbur|9\/22
|-damage|p1a: tier5|16\/22|[from] item: Life Orb
|move|p2a: Drilbur|Earthquake|p1a: tier5
|-damage|p1a: tier5|0 fnt
|faint|p1a: tier5
|
|choice|switch 3|
|
|switch|p1a: tier3|Tentacool, L5, F|23\/23
|turn|20
|choice|move scald|move earthquake
|
|move|p2a: Drilbur|Earthquake|p1a: tier3
|-supereffective|p1a: tier3
|-damage|p1a: tier3|0 fnt
|faint|p1a: tier3
|
|win|Joqq
|player|p1
|player|p2
|c|★mixi|lol you got it
|c|★Joqq|gg
|c|★mixi|gg man
|l|mixi</script>
</div>
<div class="battle-log battle-log-inline"><div class="inner"><div class="battle-options"></div><div class="inner"><div class="chat"><small>mixi joined.</small></div><div class="chat"><small>Joqq joined.</small></div><div class=""><small>Format:</small> <br><strong>LC</strong></div><div class=""><small><em>Sleep Clause Mod:</em> Limit one foe put to sleep</small></div><div class=""><small><em>Species Clause:</em> Limit one of each Pokémon</small></div><div class=""><small><em>OHKO Clause:</em> OHKO moves are banned</small></div><div class=""><small><em>Moody Clause:</em> Moody is banned</small></div><div class=""><small><em>Evasion Moves Clause:</em> Evasion moves are banned</small></div><div class=""><small><em>Endless Battle Clause:</em> Forcing endless battles is banned</small></div><div class=""><small><em>HP Percentage Mod:</em> HP is shown in percentages</small></div><div class="chat battle-history"><strong>mixi's team:</strong> <em style="color:#445566;display:block;">Spritzee / Ferroseed / Tentacool / Tyrunt / Eevee / Makuhita</em></div><div class="chat battle-history"><strong>Joqq's team:</strong> <em style="color:#445566;display:block;">Abra / Hippopotas / Drilbur / Lileep / Froakie / Glameow</em></div><div class="chat chatmessage-mixi"><strong style="color:hsl(128,72%,38.22879644599714%)"><small>★</small><span class="username" data-name="mixi">mixi</span>:</strong> <em>gl hf man</em></div><div class="chat chatmessage-joqq"><strong style="color:hsl(40,88%,41.23285895181796%)"><small>★</small><span class="username" data-name="Joqq">Joqq</span>:</strong> <em>u2</em></div><div class="spacer battle-history"><br></div><div class="battle-history">Battle started between mixi and Joqq!<br></div><div class="spacer battle-history"><br></div><div class="battle-history">Go! tier2 (<strong>Ferroseed</strong>)!<br></div><div class="spacer battle-history"><br></div><div class="battle-history">Joqq sent out <strong>Glameow</strong>!<br></div><div class="spacer battle-history"><br></div><h2 class="battle-history">Turn 1</h2><div class="spacer battle-history"><br></div><div class="battle-history">The opposing Glameow used <strong>Wake-Up Slap</strong>!<br></div><div class="battle-history"><small>It's super effective!</small><br></div><div class="battle-history"><small>A critical hit!</small><br></div><div class="battle-history"><small>(tier2 lost <abbr title="−20/20">100%</abbr> of its health!)</small><br></div><div class="battle-history"><small>[tier2's Iron Barbs]</small><br><small>The opposing Glameow was hurt!</small><br></div><div class="battle-history"><small>The opposing Glameow was hurt by the Rocky Helmet!</small><br></div><div class="battle-history"><small>The opposing Glameow lost some of its HP!</small><br></div><div class="spacer battle-history"><br></div><div class="battle-history">tier2 fainted!<br></div><div class="spacer battle-history"><br></div><div class="battle-history">Go! tier4 (<strong>Tyrunt</strong>)!<br></div><div class="spacer battle-history"><br></div><h2 class="battle-history">Turn 2</h2><div class="chat chatmessage-joqq"><strong style="color:hsl(40,88%,41.23285895181796%)"><small>★</small><span class="username" data-name="Joqq">Joqq</span>:</strong> <em>sorry about that</em></div><div class="chat chatmessage-mixi"><strong style="color:hsl(128,72%,38.22879644599714%)"><small>★</small><span class="username" data-name="mixi">mixi</span>:</strong> <em>np thats tthe game</em></div><div class="spacer battle-history"><br></div><div class="battle-history">Joqq withdrew Glameow!<br></div><div class="battle-history">Joqq sent out <strong>Hippopotas</strong>!<br></div><div class="battle-history"><small>[The opposing Hippopotas's Sand Stream]</small><br><small>A sandstorm kicked up!</small><br></div><div class="spacer battle-history"><br></div><div class="battle-history">tier4 used <strong>Dragon Dance</strong>!<br></div><div class="battle-history"><small>tier4's Attack rose!</small><br></div><div class="battle-history"><small>tier4's Speed rose!</small><br></div><div class="spacer battle-history"><br></div><div class="battle-history"><small>The sandstorm is raging.</small><br></div><div class="spacer battle-history"><br></div><h2 class="battle-history">Turn 3</h2><div class="spacer battle-history"><br></div><div class="battle-history">tier4 used <strong>Ice Fang</strong>!<br></div><div class="battle-history"><small>It's super effective!</small><br></div><div class="battle-history"><small>(The opposing Hippopotas lost <abbr title="−12/26">46.2%</abbr> of its health!)</small><br></div><div class="battle-history"><small>The opposing Hippopotas was frozen solid!</small><br></div><div class="spacer battle-history"><br></div><div class="battle-history">The opposing Hippopotas is frozen solid!<br></div><div class="spacer battle-history"><br></div><div class="battle-history"><small>The sandstorm is raging.</small><br></div><div class="spacer battle-history"><br></div><h2 class="battle-history">Turn 4</h2><div class="chat chatmessage-mixi"><strong style="color:hsl(128,72%,38.22879644599714%)"><small>★</small><span class="username" data-name="mixi">mixi</span>:</strong> <em>lol</em></div><div class="chat chatmessage-mixi"><strong style="color:hsl(128,72%,38.22879644599714%)"><small>★</small><span class="username" data-name="mixi">mixi</span>:</strong> <em>sry</em></div><div class="spacer battle-history"><br></div><div class="battle-history">tier4 used <strong>Dragon Dance</strong>!<br></div><div class="battle-history"><small>tier4's Attack rose!</small><br></div><div class="battle-history"><small>tier4's Speed rose!</small><br></div><div class="spacer battle-history"><br></div><div class="battle-history">The opposing Hippopotas is frozen solid!<br></div><div class="spacer battle-history"><br></div><div class="battle-history"><small>The sandstorm is raging.</small><br></div><div class="spacer battle-history"><br></div><h2 class="battle-history">Turn 5</h2><div class="chat chatmessage-joqq"><strong style="color:hsl(40,88%,41.23285895181796%)"><small>★</small><span class="username" data-name="Joqq">Joqq</span>:</strong> <em>well</em></div><div class="chat chatmessage-joqq"><strong style="color:hsl(40,88%,41.23285895181796%)"><small>★</small><span class="username" data-name="Joqq">Joqq</span>:</strong> <em>gg?</em></div><div class="chat chatmessage-mixi"><strong style="color:hsl(128,72%,38.22879644599714%)"><small>★</small><span class="username" data-name="mixi">mixi</span>:</strong> <em>i guess lol</em></div><div class="spacer battle-history"><br></div><div class="battle-history">tier4 used <strong>Ice Fang</strong>!<br></div><div class="battle-history"><small>It's super effective!</small><br></div><div class="battle-history"><small>(The opposing Hippopotas lost <abbr title="−14/26">53.8%</abbr> of its health!)</small><br></div><div class="spacer battle-history"><br></div><div class="battle-history">The opposing Hippopotas fainted!<br></div><div class="spacer battle-history"><br></div><div class="battle-history"><small>The sandstorm is raging.</small><br></div><div class="spacer battle-history"><br></div><div class="battle-history">Joqq sent out <strong>Glameow</strong>!<br></div><div class="spacer battle-history"><br></div><h2 class="battle-history">Turn 6</h2><div class="spacer battle-history"><br></div><div class="battle-history">The opposing Glameow used <strong>Fake Out</strong>!<br></div><div class="battle-history"><small>It's not very effective...</small><br></div><div class="battle-history"><small>A critical hit!</small><br></div><div class="battle-history"><small>(tier4 lost <abbr title="−5/22">22.7%</abbr> of its health!)</small><br></div><div class="battle-history"><small>The opposing Glameow lost some of its HP!</small><br></div><div class="spacer battle-history"><br></div><div class="battle-history">tier4 flinched and couldn't move!<br></div><div class="spacer battle-history"><br></div><div class="battle-history"><small>The sandstorm subsided.</small><br></div><div class="spacer battle-history"><br></div><h2 class="battle-history">Turn 7</h2><div class="spacer battle-history"><br></div><div class="battle-history">The opposing Glameow used <strong>Quick Attack</strong>!<br></div><div class="battle-history"><small>It's not very effective...</small><br></div><div class="battle-history"><small>(tier4 lost <abbr title="−4/22">18.2%</abbr> of its health!)</small><br></div><div class="battle-history"><small>The opposing Glameow lost some of its HP!</small><br></div><div class="spacer battle-history"><br></div><div class="battle-history">tier4 used <strong>Ice Fang</strong>!<br></div><div class="battle-history"><small>(The opposing Glameow lost <abbr title="−10/21">47.6%</abbr> of its health!)</small><br></div><div class="spacer battle-history"><br></div><div class="battle-history">The opposing Glameow fainted!<br></div><div class="spacer battle-history"><br></div><div class="battle-history">Joqq sent out <strong>Froakie</strong>!<br></div><div class="spacer battle-history"><br></div><h2 class="battle-history">Turn 8</h2><div class="spacer battle-history"><br></div><div class="battle-history">tier4 used <strong>Outrage</strong>!<br></div><div class="battle-history"><small>The opposing Froakie hung on using its Focus Sash!</small><br></div><div class="battle-history"><small>(The opposing Froakie lost <abbr title="−19/20">95%</abbr> of its health!)</small><br></div><div class="spacer battle-history"><br></div><div class="battle-history">The opposing Froakie used <strong>Surf</strong>!<br></div><div class="battle-history"><small>(tier4 lost <abbr title="−13/22">59.1%</abbr> of its health!)</small><br></div><div class="spacer battle-history"><br></div><div class="battle-history">tier4 fainted!<br></div><div class="spacer battle-history"><br></div><div class="battle-history">Go! tier5 (<strong>Eevee</strong>)!<br></div><div class="spacer battle-history"><br></div><h2 class="battle-history">Turn 9</h2><div class="spacer battle-history"><br></div><div class="battle-history">tier5 used <strong>Quick Attack</strong>!<br></div><div class="battle-history"><small>(The opposing Froakie lost <abbr title="−1/20">5%</abbr> of its health!)</small><br></div><div class="battle-history"><small>tier5 lost some of its HP!</small><br></div><div class="spacer battle-history"><br></div><div class="battle-history">The opposing Froakie fainted!<br></div><div class="spacer battle-history"><br></div><div class="battle-history">Joqq sent out <strong>Lileep</strong>!<br></div><div class="spacer battle-history"><br></div><h2 class="battle-history">Turn 10</h2><div class="spacer battle-history"><br></div><div class="battle-history">tier5, come back!<br></div><div class="battle-history">Go! tier6 (<strong>Makuhita</strong>)!<br></div><div class="spacer battle-history"><br></div><div class="battle-history">The opposing Lileep used <strong>Toxic</strong>!<br></div><div class="battle-history"><small>tier6 was badly poisoned!</small><br></div><div class="spacer battle-history"><br></div><div class="battle-history"><small>tier6 was hurt by poison!</small><br></div><div class="spacer battle-history"><br></div><h2 class="battle-history">Turn 11</h2><div class="spacer battle-history"><br></div><div class="battle-history">tier6 used <strong>Ice Punch</strong>!<br></div><div class="battle-history"><small>It's super effective!</small><br></div><div class="battle-history"><small>(The opposing Lileep lost <abbr title="−14/26">53.8%</abbr> of its health!)</small><br></div><div class="spacer battle-history"><br></div><div class="battle-history">The opposing Lileep used <strong>Recover</strong>!<br></div><div class="battle-history"><small>The opposing Lileep restored its HP.</small><br></div><div class="spacer battle-history"><br></div><div class="battle-history"><small>tier6 was hurt by poison!</small><br></div><div class="spacer battle-history"><br></div><h2 class="battle-history">Turn 12</h2><div class="spacer battle-history"><br></div><div class="battle-history">The opposing Lileep used <strong>Recover</strong>!<br></div><div class="battle-history"><small>The opposing Lileep restored its HP.</small><br></div><div class="spacer battle-history"><br></div><div class="battle-history">tier6 used <strong>Close Combat</strong>!<br></div><div class="battle-history"><small>It's super effective!</small><br></div><div class="battle-history"><small>(The opposing Lileep lost <abbr title="−26/26">100%</abbr> of its health!)</small><br></div><div class="battle-history"><small>tier6's Defense fell!</small><br></div><div class="battle-history"><small>tier6's Special Defense fell!</small><br></div><div class="spacer battle-history"><br></div><div class="battle-history">The opposing Lileep fainted!<br></div><div class="spacer battle-history"><br></div><div class="battle-history"><small>tier6 was hurt by poison!</small><br></div><div class="spacer battle-history"><br></div><div class="battle-history">Joqq sent out <strong>Abra</strong>!<br></div><div class="spacer battle-history"><br></div><h2 class="battle-history">Turn 13</h2><div class="spacer battle-history"><br></div><div class="battle-history">tier6, come back!<br></div><div class="battle-history">Go! tier1 (<strong>Spritzee</strong>)!<br></div><div class="spacer battle-history"><br></div><div class="battle-history">The opposing Abra used <strong>Substitute</strong>!<br></div><div class="battle-history"><small>The opposing Abra put in a substitute!</small><br></div><div class="battle-history"><small>(The opposing Abra lost <abbr title="−4/19">21.1%</abbr> of its health!)</small><br></div><div class="spacer battle-history"><br></div><h2 class="battle-history">Turn 14</h2><div class="spacer battle-history"><br></div><div class="battle-history">The opposing Abra used <strong>Psyshock</strong>!<br></div><div class="battle-history"><small>A critical hit!</small><br></div><div class="battle-history"><small>(tier1 lost <abbr title="−16/25">64%</abbr> of its health!)</small><br></div><div class="spacer battle-history"><br></div><div class="battle-history">tier1 used <strong>Moonblast</strong>!<br></div><div class="battle-history"><small>The opposing Abra's substitute faded!</small><br></div><div class="spacer battle-history"><br></div><h2 class="battle-history">Turn 15</h2><div class="spacer battle-history"><br></div><div class="battle-history">The opposing Abra used <strong>Psyshock</strong>!<br></div><div class="battle-history"><small>(tier1 lost <abbr title="−9/25">36%</abbr> of its health!)</small><br></div><div class="spacer battle-history"><br></div><div class="battle-history">tier1 fainted!<br></div><div class="spacer battle-history"><br></div><div class="battle-history">Go! tier6 (<strong>Makuhita</strong>)!<br></div><div class="spacer battle-history"><br></div><h2 class="battle-history">Turn 16</h2><div class="spacer battle-history"><br></div><div class="battle-history">tier6 used <strong>Fake Out</strong>!<br></div><div class="battle-history"><small>(The opposing Abra lost <abbr title="−9/19">47.4%</abbr> of its health!)</small><br></div><div class="spacer battle-history"><br></div><div class="battle-history">The opposing Abra flinched and couldn't move!<br></div><div class="spacer battle-history"><br></div><div class="battle-history"><small>tier6 was hurt by poison!</small><br></div><div class="spacer battle-history"><br></div><h2 class="battle-history">Turn 17</h2><div class="spacer battle-history"><br></div><div class="battle-history">The opposing Abra used <strong>Psyshock</strong>!<br></div><div class="battle-history"><small>It's super effective!</small><br></div><div class="battle-history"><small>(tier6 lost <abbr title="−19/26">73.1%</abbr> of its health!)</small><br></div><div class="spacer battle-history"><br></div><div class="battle-history">tier6 fainted!<br></div><div class="spacer battle-history"><br></div><div class="battle-history">Go! tier5 (<strong>Eevee</strong>)!<br></div><div class="spacer battle-history"><br></div><h2 class="battle-history">Turn 18</h2><div class="spacer battle-history"><br></div><div class="battle-history">tier5 used <strong>Quick Attack</strong>!<br></div><div class="battle-history"><small>(The opposing Abra lost <abbr title="−6/19">31.6%</abbr> of its health!)</small><br></div><div class="battle-history"><small>tier5 lost some of its HP!</small><br></div><div class="spacer battle-history"><br></div><div class="battle-history">The opposing Abra fainted!<br></div><div class="spacer battle-history"><br></div><div class="battle-history">Joqq sent out <strong>Drilbur</strong>!<br></div><div class="battle-history"><small>[The opposing Drilbur's Mold Breaker]</small><br><small>The opposing Drilbur breaks the mold!</small><br></div><div class="spacer battle-history"><br></div><h2 class="battle-history">Turn 19</h2><div class="spacer battle-history"><br></div><div class="battle-history">tier5 used <strong>Quick Attack</strong>!<br></div><div class="battle-history"><small>(The opposing Drilbur lost <abbr title="−13/22">59.1%</abbr> of its health!)</small><br></div><div class="battle-history"><small>tier5 lost some of its HP!</small><br></div><div class="spacer battle-history"><br></div><div class="battle-history">The opposing Drilbur used <strong>Earthquake</strong>!<br></div><div class="battle-history"><small>(tier5 lost <abbr title="−16/22">72.7%</abbr> of its health!)</small><br></div><div class="spacer battle-history"><br></div><div class="battle-history">tier5 fainted!<br></div><div class="spacer battle-history"><br></div><div class="battle-history">Go! tier3 (<strong>Tentacool</strong>)!<br></div><div class="spacer battle-history"><br></div><h2 class="battle-history">Turn 20</h2><div class="spacer battle-history"><br></div><div class="battle-history">The opposing Drilbur used <strong>Earthquake</strong>!<br></div><div class="battle-history"><small>It's super effective!</small><br></div><div class="battle-history"><small>(tier3 lost <abbr title="−23/23">100%</abbr> of its health!)</small><br></div><div class="spacer battle-history"><br></div><div class="battle-history">tier3 fainted!<br></div><div class="spacer battle-history"><br></div><div class="battle-history"><strong>Joqq</strong> won the battle!<br></div><div class="chat chatmessage-mixi"><strong style="color:hsl(128,72%,38.22879644599714%)"><small>★</small><span class="username" data-name="mixi">mixi</span>:</strong> <em>lol you got it</em></div><div class="chat chatmessage-joqq"><strong style="color:hsl(40,88%,41.23285895181796%)"><small>★</small><span class="username" data-name="Joqq">Joqq</span>:</strong> <em>gg</em></div><div class="chat chatmessage-mixi"><strong style="color:hsl(128,72%,38.22879644599714%)"><small>★</small><span class="username" data-name="mixi">mixi</span>:</strong> <em>gg man</em></div><div class="chat"><small>mixi left.</small></div></div><div class="inner-preempt"></div></div></div>
</div>
<script>
let daily = Math.floor(Date.now()/1000/60/60/24);document.write('<script src="https://play.pokemonshowdown.com/js/replay-embed.js?version'+daily+'"></'+'script>');
</script>
