<!DOCTYPE html>
<meta charset="utf-8" />
<!-- version 1 -->
<title>LC replay: F1eshy vs. Alfred Quaeda</title>
<style>
html,body {font-family:Verdana, sans-serif;font-size:10pt;margin:0;padding:0;}body{padding:12px 0;} .battle-log {font-family:Verdana, sans-serif;font-size:10pt;} .battle-log-inline {border:1px solid #AAAAAA;background:#EEF2F5;color:black;max-width:640px;margin:0 auto 80px;padding-bottom:5px;} .battle-log .inner {padding:4px 8px 0px 8px;} .battle-log .inner-preempt {padding:0 8px 4px 8px;} .battle-log .inner-after {margin-top:0.5em;} .battle-log h2 {margin:0.5em -8px;padding:4px 8px;border:1px solid #AAAAAA;background:#E0E7EA;border-left:0;border-right:0;font-family:Verdana, sans-serif;font-size:13pt;} .battle-log .chat {vertical-align:middle;padding:3px 0 3px 0;font-size:8pt;} .battle-log .chat strong {color:#40576A;} .battle-log .chat em {padding:1px 4px 1px 3px;color:#000000;font-style:normal;} .chat.mine {background:rgba(0,0,0,0.05);margin-left:-8px;margin-right:-8px;padding-left:8px;padding-right:8px;} .spoiler {color:#BBBBBB;background:#BBBBBB;padding:0px 3px;} .spoiler:hover, .spoiler:active, .spoiler-shown {color:#000000;background:#E2E2E2;padding:0px 3px;} .spoiler a {color:#BBBBBB;} .spoiler:hover a, .spoiler:active a, .spoiler-shown a {color:#2288CC;} .chat code, .chat .spoiler:hover code, .chat .spoiler:active code, .chat .spoiler-shown code {border:1px solid #C0C0C0;background:#EEEEEE;color:black;padding:0 2px;} .chat .spoiler code {border:1px solid #CCCCCC;background:#CCCCCC;color:#CCCCCC;} .battle-log .rated {padding:3px 4px;} .battle-log .rated strong {color:white;background:#89A;padding:1px 4px;border-radius:4px;} .spacer {margin-top:0.5em;} .message-announce {background:#6688AA;color:white;padding:1px 4px 2px;} .message-announce a, .broadcast-green a, .broadcast-blue a, .broadcast-red a {color:#DDEEFF;} .broadcast-green {background-color:#559955;color:white;padding:2px 4px;} .broadcast-blue {background-color:#6688AA;color:white;padding:2px 4px;} .infobox {border:1px solid #6688AA;padding:2px 4px;} .infobox-limited {max-height:200px;overflow:auto;overflow-x:hidden;} .broadcast-red {background-color:#AA5544;color:white;padding:2px 4px;} .message-learn-canlearn {font-weight:bold;color:#228822;text-decoration:underline;} .message-learn-cannotlearn {font-weight:bold;color:#CC2222;text-decoration:underline;} .message-effect-weak {font-weight:bold;color:#CC2222;} .message-effect-resist {font-weight:bold;color:#6688AA;} .message-effect-immune {font-weight:bold;color:#666666;} .message-learn-list {margin-top:0;margin-bottom:0;} .message-throttle-notice, .message-error {color:#992222;} .message-overflow, .chat small.message-overflow {font-size:0pt;} .message-overflow::before {font-size:9pt;content:'...';} .subtle {color:#3A4A66;}
</style>
<div class="wrapper replay-wrapper" style="max-width:1180px;margin:0 auto">
<input type="hidden" name="replayid" value="lc-491017243" />
<div class="battle"></div><div class="battle-log"></div><div class="replay-controls"></div><div class="replay-controls-2"></div>
<h1 style="font-weight:normal;text-align:center"><strong>LC</strong><br /><a href="http://pokemonshowdown.com/users/f1eshy" class="subtle" target="_blank">F1eshy</a> vs. <a href="http://pokemonshowdown.com/users/alfredquaeda" class="subtle" target="_blank">Alfred Quaeda</a></h1>
<script type="text/plain" class="battle-log-data">|j|F1eshy
|j|Alfred Quaeda
|player|p1|F1eshy|260
|player|p2|Alfred Quaeda|275
|gametype|singles
|gen|6
|tier|LC
|rated
|seed|50452,193,63878,27394
|clearpoke
|poke|p1|Machop, L5, F|item
|poke|p1|Snubbull, L5, M|item
|poke|p1|Meowth, L5, F, shiny|item
|poke|p1|Lickitung, L5, M, shiny|item
|poke|p1|Krabby, L5, M, shiny|item
|poke|p1|Magby, L5, F, shiny|item
|poke|p2|Ponyta, L5, F|item
|poke|p2|Archen, L5, M|item
|poke|p2|Tirtouga, L5, M|item
|poke|p2|Gastly, L5, M, shiny|item
|poke|p2|Porygon, L5|item
|poke|p2|Pawniard, L5, M, shiny|item
|rule|Sleep Clause Mod: Limit one foe put to sleep
|rule|Species Clause: Limit one of each Pokémon
|rule|OHKO Clause: OHKO moves are banned
|rule|Moody Clause: Moody is banned
|rule|Evasion Moves Clause: Evasion moves are banned
|rule|Endless Battle Clause: Forcing endless battles is banned
|rule|HP Percentage Mod: HP is shown in percentages
|teampreview
|choice|team 4, team 2, team 3, team 1, team 5, team 6|team 5, team 2, team 3, team 4, team 1, team 6
|
|start
|switch|p1a: Lemon Party|Lickitung, L5, M, shiny|26\/26
|switch|p2a: Porygon|Porygon, L5|23\/23
|-ability|p2a: Porygon|Cloud Nine|[from] ability: Trace|[of] p1a: Lemon Party
|-ability|p2a: Porygon|Cloud Nine
|-ability|p1a: Lemon Party|Cloud Nine
|turn|1
|choice|move zenheadbutt|move trick
|
|move|p2a: Porygon|Trick|p1a: Lemon Party
|-activate|p2a: Porygon|move: Trick|[of] p1a: Lemon Party
|-item|p1a: Lemon Party|Choice Scarf|[from] move: Trick
|-item|p2a: Porygon|Eviolite|[from] move: Trick
|move|p1a: Lemon Party|Zen Headbutt|p2a: Porygon
|-damage|p2a: Porygon|18\/23
|
|turn|2
|choice|switch 3|move thunderwave
|
|switch|p1a: DAT'S RIGHT|Meowth, L5, F, shiny|21\/21
|move|p2a: Porygon|Thunder Wave|p1a: DAT'S RIGHT
|-status|p1a: DAT'S RIGHT|par
|
|turn|3
|choice|move fakeout|move triattack
|
|move|p1a: DAT'S RIGHT|Fake Out|p2a: Porygon
|-damage|p2a: Porygon|13\/23
|-damage|p1a: DAT'S RIGHT|19\/21 par|[from] item: Life Orb
|cant|p2a: Porygon|flinch
|
|turn|4
|choice|move protect|move triattack
|
|move|p1a: DAT'S RIGHT|Protect|p1a: DAT'S RIGHT
|-singleturn|p1a: DAT'S RIGHT|Protect
|move|p2a: Porygon|Tri Attack|p1a: DAT'S RIGHT
|-activate|p1a: DAT'S RIGHT|move: Protect
|
|turn|5
|choice|move lastresort|move triattack
|
|move|p2a: Porygon|Tri Attack|p1a: DAT'S RIGHT
|-damage|p1a: DAT'S RIGHT|4\/21 par
|move|p1a: DAT'S RIGHT|Last Resort|p2a: Porygon
|-crit|p2a: Porygon
|-damage|p2a: Porygon|0 fnt
|-damage|p1a: DAT'S RIGHT|2\/21 par|[from] item: Life Orb
|faint|p2a: Porygon
|
|choice||switch 6
|
|switch|p2a: Pawniard|Pawniard, L5, M, shiny|21\/21
|turn|6
|choice|move protect|move knockoff
|
|cant|p1a: DAT'S RIGHT|par
|move|p2a: Pawniard|Knock Off|p1a: DAT'S RIGHT
|-damage|p1a: DAT'S RIGHT|0 fnt
|-enditem|p1a: DAT'S RIGHT|Life Orb|[from] move: Knock Off|[of] p2a: Pawniard
|faint|p1a: DAT'S RIGHT
|
|choice|switch 6|
|
|switch|p1a: Ducky|Magby, L5, F, shiny|21\/21
|turn|7
|choice|move confuseray|switch 3
|
|switch|p2a: Tirtouga|Tirtouga, L5, M|21\/21
|move|p1a: Ducky|Confuse Ray|p2a: Tirtouga
|-start|p2a: Tirtouga|confusion
|
|turn|8
|choice|move protect|move substitute
|
|move|p1a: Ducky|Protect|p1a: Ducky
|-singleturn|p1a: Ducky|Protect
|-activate|p2a: Tirtouga|confusion
|-damage|p2a: Tirtouga|18\/21|[from] confusion
|
|turn|9
|choice|move toxic|move substitute
|
|move|p1a: Ducky|Toxic|p2a: Tirtouga
|-status|p2a: Tirtouga|tox
|-end|p2a: Tirtouga|confusion
|move|p2a: Tirtouga|Substitute|p2a: Tirtouga
|-start|p2a: Tirtouga|Substitute
|-damage|p2a: Tirtouga|13\/21 tox
|
|-damage|p2a: Tirtouga|12\/21 tox|[from] psn
|turn|10
|choice|move lavaplume|move shellsmash
|
|move|p1a: Ducky|Lava Plume|p2a: Tirtouga
|-resisted|p2a: Tirtouga
|-activate|p2a: Tirtouga|move: Substitute|[damage]
|move|p2a: Tirtouga|Shell Smash|p2a: Tirtouga
|-unboost|p2a: Tirtouga|def|1
|-unboost|p2a: Tirtouga|spd|1
|-boost|p2a: Tirtouga|atk|2
|-boost|p2a: Tirtouga|spa|2
|-boost|p2a: Tirtouga|spe|2
|
|-damage|p2a: Tirtouga|10\/21 tox|[from] psn
|turn|11
|choice|move protect|move waterfall
|
|move|p1a: Ducky|Protect|p1a: Ducky
|-singleturn|p1a: Ducky|Protect
|move|p2a: Tirtouga|Waterfall|p1a: Ducky
|-activate|p1a: Ducky|move: Protect
|
|-damage|p2a: Tirtouga|7\/21 tox|[from] psn
|turn|12
|choice|switch 3|move waterfall
|
|switch|p1a: Lemon Party|Lickitung, L5, M, shiny|26\/26
|-ability|p1a: Lemon Party|Cloud Nine
|move|p2a: Tirtouga|Waterfall|p1a: Lemon Party
|-damage|p1a: Lemon Party|10\/26
|
|-damage|p2a: Tirtouga|3\/21 tox|[from] psn
|turn|13
|choice|switch 5|move waterfall
|
|switch|p1a: Big Meaty Claws|Krabby, L5, M, shiny|20\/20
|move|p2a: Tirtouga|Waterfall|p1a: Big Meaty Claws
|-resisted|p1a: Big Meaty Claws
|-damage|p1a: Big Meaty Claws|11\/20
|
|-damage|p2a: Tirtouga|0 fnt|[from] psn
|faint|p2a: Tirtouga
|choice||switch 5
|
|switch|p2a: Ponyta|Ponyta, L5, F|21\/21
|turn|14
|choice|move crabhammer|move wildcharge
|
|move|p1a: Big Meaty Claws|Crabhammer|p2a: Ponyta|[miss]
|-miss|p1a: Big Meaty Claws|p2a: Ponyta
|move|p2a: Ponyta|Wild Charge|p1a: Big Meaty Claws
|-supereffective|p1a: Big Meaty Claws
|-damage|p1a: Big Meaty Claws|0 fnt
|-damage|p2a: Ponyta|18\/21|[from] recoil|[of] p1a: Big Meaty Claws
|faint|p1a: Big Meaty Claws
|
|choice|switch 3|
|
|switch|p1a: Ducky|Magby, L5, F, shiny|21\/21
|turn|15
|choice|move confuseray|move toxic
|
|move|p2a: Ponyta|Toxic|p1a: Ducky
|-status|p1a: Ducky|tox
|move|p1a: Ducky|Confuse Ray|p2a: Ponyta
|-start|p2a: Ponyta|confusion
|
|-damage|p1a: Ducky|20\/21 tox|[from] psn
|turn|16
|choice|move toxic|switch 4
|
|switch|p2a: Gastly|Gastly, L5, M, shiny|19\/19
|move|p1a: Ducky|Toxic|p2a: Gastly
|-immune|p2a: Gastly|[msg]
|
|-damage|p1a: Ducky|18\/21 tox|[from] psn
|turn|17
|choice|move confuseray|move hex
|
|move|p2a: Gastly|Hex|p1a: Ducky
|-damage|p1a: Ducky|6\/21 tox
|move|p1a: Ducky|Confuse Ray|p2a: Gastly
|-start|p2a: Gastly|confusion
|
|-damage|p1a: Ducky|3\/21 tox|[from] psn
|turn|18
|choice|switch 5|switch 4
|
|switch|p2a: Ponyta|Ponyta, L5, F|18\/21
|switch|p1a: Lemon Party|Lickitung, L5, M, shiny|10\/26
|-ability|p1a: Lemon Party|Cloud Nine
|
|turn|19
|choice|move rest|move flareblitz
|
|move|p2a: Ponyta|Flare Blitz|p1a: Lemon Party
|-damage|p1a: Lemon Party|0 fnt
|-damage|p2a: Ponyta|15\/21|[from] recoil|[of] p1a: Lemon Party
|faint|p1a: Lemon Party
|
|choice|switch 2|
|
|switch|p1a: Flan|Snubbull, L5, M|25\/25
|-ability|p1a: Flan|Intimidate|boost
|-unboost|p2a: Ponyta|atk|1
|turn|20
|choice|move thunderwave|move flareblitz
|
|move|p2a: Ponyta|Flare Blitz|p1a: Flan
|-damage|p1a: Flan|18\/25
|-damage|p2a: Ponyta|13\/21|[from] recoil|[of] p1a: Flan
|move|p1a: Flan|Thunder Wave|p2a: Ponyta
|-status|p2a: Ponyta|par
|
|turn|21
|choice|move healbell|move toxic
|
|move|p1a: Flan|Heal Bell|p1a: Flan
|-activate|p1a: Flan|move: Heal Bell
|-curestatus|p1: Ducky|tox|[msg]
|move|p2a: Ponyta|Toxic|p1a: Flan
|-status|p1a: Flan|tox
|
|-damage|p1a: Flan|17\/25 tox|[from] psn
|turn|22
|choice|move healbell|switch 3
|
|switch|p2a: Pawniard|Pawniard, L5, M, shiny|21\/21
|move|p1a: Flan|Heal Bell|p1a: Flan
|-activate|p1a: Flan|move: Heal Bell
|-curestatus|p1a: Flan|tox|[msg]
|
|turn|23
|choice|switch 5|move ironhead
|
|switch|p1a: Ducky|Magby, L5, F, shiny|3\/21
|move|p2a: Pawniard|Iron Head|p1a: Ducky
|-resisted|p1a: Ducky
|-damage|p1a: Ducky|0 fnt
|-status|p2a: Pawniard|brn|[from] ability: Flame Body|[of] p1a: Ducky
|faint|p1a: Ducky
|
|-damage|p2a: Pawniard|19\/21 brn|[from] brn
|choice|switch 4|
|
|switch|p1a: North Star|Machop, L5, F|24\/24
|turn|24
|choice|move dynamicpunch|switch 4
|
|switch|p2a: Gastly|Gastly, L5, M, shiny|19\/19
|move|p1a: North Star|Dynamic Punch|p2a: Gastly
|-immune|p2a: Gastly|[msg]
|
|turn|25
|choice|switch 5|move willowisp
|
|switch|p1a: Flan|Snubbull, L5, M|17\/25
|-ability|p1a: Flan|Intimidate|boost
|-unboost|p2a: Gastly|atk|1
|move|p2a: Gastly|Will-O-Wisp|p1a: Flan
|-status|p1a: Flan|brn
|
|-damage|p1a: Flan|14\/25 brn|[from] brn
|turn|26
|choice|move thunderwave|move disable
|
|move|p2a: Gastly|Disable|p1a: Flan
|-fail|p1a: Flan
|move|p1a: Flan|Thunder Wave|p2a: Gastly
|-status|p2a: Gastly|par
|
|-damage|p1a: Flan|11\/25 brn|[from] brn
|turn|27
|choice|move healbell|move hex
|
|move|p1a: Flan|Heal Bell|p1a: Flan
|-activate|p1a: Flan|move: Heal Bell
|-curestatus|p1a: Flan|brn|[msg]
|move|p2a: Gastly|Hex|p1a: Flan
|-damage|p1a: Flan|2\/25
|
|turn|28
|choice|move crunch|move hex
|
|move|p1a: Flan|Crunch|p2a: Gastly
|-supereffective|p2a: Gastly
|-damage|p2a: Gastly|5\/19 par
|-unboost|p2a: Gastly|def|1
|cant|p2a: Gastly|par
|
|turn|29
|choice|move crunch|move hex
|
|move|p1a: Flan|Crunch|p2a: Gastly
|-supereffective|p2a: Gastly
|-damage|p2a: Gastly|0 fnt
|faint|p2a: Gastly
|
|choice||switch 4
|
|switch|p2a: Pawniard|Pawniard, L5, M, shiny|19\/21 brn
|turn|30
|choice|move playrough|move brickbreak
|
|move|p2a: Pawniard|Brick Break|p1a: Flan
|-resisted|p1a: Flan
|-crit|p1a: Flan
|-damage|p1a: Flan|0 fnt
|faint|p1a: Flan
|
|-damage|p2a: Pawniard|17\/21 brn|[from] brn
|choice|switch 5|
|
|switch|p1a: North Star|Machop, L5, F|24\/24
|turn|31
|choice|move dynamicpunch|move brickbreak
|
|move|p2a: Pawniard|Brick Break|p1a: North Star
|-damage|p1a: North Star|19\/24
|move|p1a: North Star|Dynamic Punch|p2a: Pawniard
|-supereffective|p2a: Pawniard
|-damage|p2a: Pawniard|0 fnt
|faint|p2a: Pawniard
|
|choice||switch 3
|
|switch|p2a: Ponyta|Ponyta, L5, F|13\/21 par
|turn|32
|choice|move dynamicpunch|move flareblitz
|
|move|p1a: North Star|Dynamic Punch|p2a: Ponyta
|-damage|p2a: Ponyta|1\/21 par
|-start|p2a: Ponyta|confusion
|-activate|p2a: Ponyta|confusion
|move|p2a: Ponyta|Flare Blitz|p1a: North Star
|-damage|p1a: North Star|1\/24
|-damage|p2a: Ponyta|0 fnt|[from] recoil|[of] p1a: North Star
|faint|p2a: Ponyta
|
|choice||switch 2
|
|switch|p2a: Archen|Archen, L5, M|22\/22
|turn|33
|choice|move dynamicpunch|move acrobatics
|
|move|p1a: North Star|Dynamic Punch|p2a: Archen
|-damage|p2a: Archen|6\/22
|-start|p2a: Archen|confusion
|-enditem|p2a: Archen|Berry Juice
|-heal|p2a: Archen|22\/22|[from] item: Berry Juice
|-activate|p2a: Archen|confusion
|-damage|p2a: Archen|16\/22|[from] confusion
|
|turn|34
|choice|move dynamicpunch|move acrobatics
|
|move|p1a: North Star|Dynamic Punch|p2a: Archen
|-damage|p2a: Archen|0 fnt
|faint|p2a: Archen
|
|win|F1eshy
|player|p1
|player|p2
|l|Alfred Quaeda</script>
</div>
<div class="battle-log battle-log-inline"><div class="inner"><div class="battle-options"></div><div class="inner"><div class="chat"><small>F1eshy joined.</small></div><div class="chat"><small>Alfred Quaeda joined.</small></div><div class=""><small>Format:</small> <br><strong>LC</strong></div><div class="rated"><strong>Rated battle</strong></div><div class=""><small><em>Sleep Clause Mod:</em> Limit one foe put to sleep</small></div><div class=""><small><em>Species Clause:</em> Limit one of each Pokémon</small></div><div class=""><small><em>OHKO Clause:</em> OHKO moves are banned</small></div><div class=""><small><em>Moody Clause:</em> Moody is banned</small></div><div class=""><small><em>Evasion Moves Clause:</em> Evasion moves are banned</small></div><div class=""><small><em>Endless Battle Clause:</em> Forcing endless battles is banned</small></div><div class=""><small><em>HP Percentage Mod:</em> HP is shown in percentages</small></div><div class="chat battle-history"><strong>F1eshy's team:</strong> <em style="color:#445566;display:block;">Machop / Snubbull / Meowth / Lickitung / Krabby / Magby</em></div><div class="chat battle-history"><strong>Alfred Quaeda's team:</strong> <em style="color:#445566;display:block;">Ponyta / Archen / Tirtouga / Gastly / Porygon / Pawniard</em></div><div class="spacer battle-history"><br></div><div class="battle-history">Battle started between F1eshy and Alfred Quaeda!<br></div><div class="spacer battle-history"><br></div><div class="battle-history">Go! Lemon Party (<strong>Lickitung</strong>)!<br></div><div class="spacer battle-history"><br></div><div class="battle-history">Alfred Quaeda sent out <strong>Porygon</strong>!<br></div><div class="battle-history"><small>[The opposing Porygon's Trace]</small><br><small>[The opposing Porygon's Cloud Nine]</small><br><small>The opposing Porygon traced Lemon Party's Cloud Nine!</small><br></div><div class="battle-history"><small>[The opposing Porygon's Cloud Nine]</small><br><small>The effects of the weather disappeared.</small><br></div><div class="battle-history"><small>[Lemon Party's Cloud Nine]</small><br><small>The effects of the weather disappeared.</small><br></div><div class="spacer battle-history"><br></div><h2 class="battle-history">Turn 1</h2><div class="spacer battle-history"><br></div><div class="battle-history">The opposing Porygon used <strong>Trick</strong>!<br></div><div class="battle-history"><small>The opposing Porygon switched items with its target!</small><br></div><div class="battle-history"><small>Lemon Party obtained one Choice Scarf.</small><br></div><div class="battle-history"><small>The opposing Porygon obtained one Eviolite.</small><br></div><div class="spacer battle-history"><br></div><div class="battle-history">Lemon Party used <strong>Zen Headbutt</strong>!<br></div><div class="battle-history"><small>(The opposing Porygon lost <abbr title="−5/23">21.7%</abbr> of its health!)</small><br></div><div class="spacer battle-history"><br></div><h2 class="battle-history">Turn 2</h2><div class="spacer battle-history"><br></div><div class="battle-history">Lemon Party, come back!<br></div><div class="battle-history">Go! DAT'S RIGHT (<strong>Meowth</strong>)!<br></div><div class="spacer battle-history"><br></div><div class="battle-history">The opposing Porygon used <strong>Thunder Wave</strong>!<br></div><div class="battle-history"><small>DAT'S RIGHT is paralyzed! It may be unable to move!</small><br></div><div class="spacer battle-history"><br></div><h2 class="battle-history">Turn 3</h2><div class="spacer battle-history"><br></div><div class="battle-history">DAT'S RIGHT used <strong>Fake Out</strong>!<br></div><div class="battle-history"><small>(The opposing Porygon lost <abbr title="−5/23">21.7%</abbr> of its health!)</small><br></div><div class="battle-history"><small>DAT'S RIGHT lost some of its HP!</small><br></div><div class="spacer battle-history"><br></div><div class="battle-history">The opposing Porygon flinched and couldn't move!<br></div><div class="spacer battle-history"><br></div><h2 class="battle-history">Turn 4</h2><div class="spacer battle-history"><br></div><div class="battle-history">DAT'S RIGHT used <strong>Protect</strong>!<br></div><div class="battle-history"><small>DAT'S RIGHT protected itself!</small><br></div><div class="spacer battle-history"><br></div><div class="battle-history">The opposing Porygon used <strong>Tri Attack</strong>!<br></div><div class="battle-history"><small>DAT'S RIGHT protected itself!</small><br></div><div class="spacer battle-history"><br></div><h2 class="battle-history">Turn 5</h2><div class="spacer battle-history"><br></div><div class="battle-history">The opposing Porygon used <strong>Tri Attack</strong>!<br></div><div class="battle-history"><small>(DAT'S RIGHT lost <abbr title="−15/21">71.4%</abbr> of its health!)</small><br></div><div class="spacer battle-history"><br></div><div class="battle-history">DAT'S RIGHT used <strong>Last Resort</strong>!<br></div><div class="battle-history"><small>A critical hit!</small><br></div><div class="battle-history"><small>(The opposing Porygon lost <abbr title="−13/23">56.5%</abbr> of its health!)</small><br></div><div class="battle-history"><small>DAT'S RIGHT lost some of its HP!</small><br></div><div class="spacer battle-history"><br></div><div class="battle-history">The opposing Porygon fainted!<br></div><div class="spacer battle-history"><br></div><div class="battle-history">Alfred Quaeda sent out <strong>Pawniard</strong>!<br></div><div class="spacer battle-history"><br></div><h2 class="battle-history">Turn 6</h2><div class="spacer battle-history"><br></div><div class="battle-history">DAT'S RIGHT is paralyzed! It can't move!<br></div><div class="spacer battle-history"><br></div><div class="battle-history">The opposing Pawniard used <strong>Knock Off</strong>!<br></div><div class="battle-history"><small>(DAT'S RIGHT lost <abbr title="−2/21">9.5%</abbr> of its health!)</small><br></div><div class="battle-history"><small>The opposing Pawniard knocked off DAT'S RIGHT's Life Orb!</small><br></div><div class="spacer battle-history"><br></div><div class="battle-history">DAT'S RIGHT fainted!<br></div><div class="spacer battle-history"><br></div><div class="battle-history">Go! Ducky (<strong>Magby</strong>)!<br></div><div class="spacer battle-history"><br></div><h2 class="battle-history">Turn 7</h2><div class="spacer battle-history"><br></div><div class="battle-history">Alfred Quaeda withdrew Pawniard!<br></div><div class="battle-history">Alfred Quaeda sent out <strong>Tirtouga</strong>!<br></div><div class="spacer battle-history"><br></div><div class="battle-history">Ducky used <strong>Confuse Ray</strong>!<br></div><div class="battle-history"><small>The opposing Tirtouga became confused!</small><br></div><div class="spacer battle-history"><br></div><h2 class="battle-history">Turn 8</h2><div class="spacer battle-history"><br></div><div class="battle-history">Ducky used <strong>Protect</strong>!<br></div><div class="battle-history"><small>Ducky protected itself!</small><br></div><div class="spacer battle-history"><br></div><div class="battle-history"><small>The opposing Tirtouga is confused!</small><br></div><div class="battle-history">It hurt itself in its confusion!<br></div><div class="spacer battle-history"><br></div><h2 class="battle-history">Turn 9</h2><div class="spacer battle-history"><br></div><div class="battle-history">Ducky used <strong>Toxic</strong>!<br></div><div class="battle-history"><small>The opposing Tirtouga was badly poisoned!</small><br></div><div class="battle-history"><small>The opposing Tirtouga snapped out of its confusion!</small><br></div><div class="spacer battle-history"><br></div><div class="battle-history">The opposing Tirtouga used <strong>Substitute</strong>!<br></div><div class="battle-history"><small>The opposing Tirtouga put in a substitute!</small><br></div><div class="battle-history"><small>(The opposing Tirtouga lost <abbr title="−5/21">23.8%</abbr> of its health!)</small><br></div><div class="spacer battle-history"><br></div><div class="battle-history"><small>The opposing Tirtouga was hurt by poison!</small><br></div><div class="spacer battle-history"><br></div><h2 class="battle-history">Turn 10</h2><div class="spacer battle-history"><br></div><div class="battle-history">Ducky used <strong>Lava Plume</strong>!<br></div><div class="battle-history"><small>It's not very effective...</small><br></div><div class="battle-history"><small>The substitute took damage for the opposing Tirtouga!</small><br></div><div class="spacer battle-history"><br></div><div class="battle-history">The opposing Tirtouga used <strong>Shell Smash</strong>!<br></div><div class="battle-history"><small>The opposing Tirtouga's Defense fell!</small><br></div><div class="battle-history"><small>The opposing Tirtouga's Special Defense fell!</small><br></div><div class="battle-history"><small>The opposing Tirtouga's Attack rose sharply!</small><br></div><div class="battle-history"><small>The opposing Tirtouga's Special Attack rose sharply!</small><br></div><div class="battle-history"><small>The opposing Tirtouga's Speed rose sharply!</small><br></div><div class="spacer battle-history"><br></div><div class="battle-history"><small>The opposing Tirtouga was hurt by poison!</small><br></div><div class="spacer battle-history"><br></div><h2 class="battle-history">Turn 11</h2><div class="spacer battle-history"><br></div><div class="battle-history">Ducky used <strong>Protect</strong>!<br></div><div class="battle-history"><small>Ducky protected itself!</small><br></div><div class="spacer battle-history"><br></div><div class="battle-history">The opposing Tirtouga used <strong>Waterfall</strong>!<br></div><div class="battle-history"><small>Ducky protected itself!</small><br></div><div class="spacer battle-history"><br></div><div class="battle-history"><small>The opposing Tirtouga was hurt by poison!</small><br></div><div class="spacer battle-history"><br></div><h2 class="battle-history">Turn 12</h2><div class="spacer battle-history"><br></div><div class="battle-history">Ducky, come back!<br></div><div class="battle-history">Go! Lemon Party (<strong>Lickitung</strong>)!<br></div><div class="battle-history"><small>[Lemon Party's Cloud Nine]</small><br><small>The effects of the weather disappeared.</small><br></div><div class="spacer battle-history"><br></div><div class="battle-history">The opposing Tirtouga used <strong>Waterfall</strong>!<br></div><div class="battle-history"><small>(Lemon Party lost <abbr title="−16/26">61.5%</abbr> of its health!)</small><br></div><div class="spacer battle-history"><br></div><div class="battle-history"><small>The opposing Tirtouga was hurt by poison!</small><br></div><div class="spacer battle-history"><br></div><h2 class="battle-history">Turn 13</h2><div class="spacer battle-history"><br></div><div class="battle-history">Lemon Party, come back!<br></div><div class="battle-history">Go! Big Meaty Claws (<strong>Krabby</strong>)!<br></div><div class="spacer battle-history"><br></div><div class="battle-history">The opposing Tirtouga used <strong>Waterfall</strong>!<br></div><div class="battle-history"><small>It's not very effective...</small><br></div><div class="battle-history"><small>(Big Meaty Claws lost <abbr title="−9/20">45%</abbr> of its health!)</small><br></div><div class="spacer battle-history"><br></div><div class="battle-history"><small>The opposing Tirtouga was hurt by poison!</small><br></div><div class="spacer battle-history"><br></div><div class="battle-history">The opposing Tirtouga fainted!<br></div><div class="spacer battle-history"><br></div><div class="battle-history">Alfred Quaeda sent out <strong>Ponyta</strong>!<br></div><div class="spacer battle-history"><br></div><h2 class="battle-history">Turn 14</h2><div class="spacer battle-history"><br></div><div class="battle-history">Big Meaty Claws used <strong>Crabhammer</strong>!<br></div><div class="battle-history"><small>The opposing Ponyta avoided the attack!</small><br></div><div class="spacer battle-history"><br></div><div class="battle-history">The opposing Ponyta used <strong>Wild Charge</strong>!<br></div><div class="battle-history"><small>It's super effective!</small><br></div><div class="battle-history"><small>(Big Meaty Claws lost <abbr title="−11/20">55.0%</abbr> of its health!)</small><br></div><div class="battle-history"><small>The opposing Ponyta is damaged by the recoil!</small><br></div><div class="spacer battle-history"><br></div><div class="battle-history">Big Meaty Claws fainted!<br></div><div class="spacer battle-history"><br></div><div class="battle-history">Go! Ducky (<strong>Magby</strong>)!<br></div><div class="spacer battle-history"><br></div><h2 class="battle-history">Turn 15</h2><div class="spacer battle-history"><br></div><div class="battle-history">The opposing Ponyta used <strong>Toxic</strong>!<br></div><div class="battle-history"><small>Ducky was badly poisoned!</small><br></div><div class="spacer battle-history"><br></div><div class="battle-history">Ducky used <strong>Confuse Ray</strong>!<br></div><div class="battle-history"><small>The opposing Ponyta became confused!</small><br></div><div class="spacer battle-history"><br></div><div class="battle-history"><small>Ducky was hurt by poison!</small><br></div><div class="spacer battle-history"><br></div><h2 class="battle-history">Turn 16</h2><div class="spacer battle-history"><br></div><div class="battle-history">Alfred Quaeda withdrew Ponyta!<br></div><div class="battle-history">Alfred Quaeda sent out <strong>Gastly</strong>!<br></div><div class="spacer battle-history"><br></div><div class="battle-history">Ducky used <strong>Toxic</strong>!<br></div><div class="battle-history"><small>It doesn't affect the opposing Gastly...</small><br></div><div class="spacer battle-history"><br></div><div class="battle-history"><small>Ducky was hurt by poison!</small><br></div><div class="spacer battle-history"><br></div><h2 class="battle-history">Turn 17</h2><div class="spacer battle-history"><br></div><div class="battle-history">The opposing Gastly used <strong>Hex</strong>!<br></div><div class="battle-history"><small>(Ducky lost <abbr title="−12/21">57.1%</abbr> of its health!)</small><br></div><div class="spacer battle-history"><br></div><div class="battle-history">Ducky used <strong>Confuse Ray</strong>!<br></div><div class="battle-history"><small>The opposing Gastly became confused!</small><br></div><div class="spacer battle-history"><br></div><div class="battle-history"><small>Ducky was hurt by poison!</small><br></div><div class="spacer battle-history"><br></div><h2 class="battle-history">Turn 18</h2><div class="spacer battle-history"><br></div><div class="battle-history">Alfred Quaeda withdrew Gastly!<br></div><div class="battle-history">Alfred Quaeda sent out <strong>Ponyta</strong>!<br></div><div class="spacer battle-history"><br></div><div class="battle-history">Ducky, come back!<br></div><div class="battle-history">Go! Lemon Party (<strong>Lickitung</strong>)!<br></div><div class="battle-history"><small>[Lemon Party's Cloud Nine]</small><br><small>The effects of the weather disappeared.</small><br></div><div class="spacer battle-history"><br></div><h2 class="battle-history">Turn 19</h2><div class="spacer battle-history"><br></div><div class="battle-history">The opposing Ponyta used <strong>Flare Blitz</strong>!<br></div><div class="battle-history"><small>(Lemon Party lost <abbr title="−10/26">38.5%</abbr> of its health!)</small><br></div><div class="battle-history"><small>The opposing Ponyta is damaged by the recoil!</small><br></div><div class="spacer battle-history"><br></div><div class="battle-history">Lemon Party fainted!<br></div><div class="spacer battle-history"><br></div><div class="battle-history">Go! Flan (<strong>Snubbull</strong>)!<br></div><div class="battle-history"><small>[Flan's Intimidate]</small><br></div><div class="battle-history"><small>The opposing Ponyta's Attack fell!</small><br></div><div class="spacer battle-history"><br></div><h2 class="battle-history">Turn 20</h2><div class="spacer battle-history"><br></div><div class="battle-history">The opposing Ponyta used <strong>Flare Blitz</strong>!<br></div><div class="battle-history"><small>(Flan lost <abbr title="−7/25">28.0%</abbr> of its health!)</small><br></div><div class="battle-history"><small>The opposing Ponyta is damaged by the recoil!</small><br></div><div class="spacer battle-history"><br></div><div class="battle-history">Flan used <strong>Thunder Wave</strong>!<br></div><div class="battle-history"><small>The opposing Ponyta is paralyzed! It may be unable to move!</small><br></div><div class="spacer battle-history"><br></div><h2 class="battle-history">Turn 21</h2><div class="spacer battle-history"><br></div><div class="battle-history">Flan used <strong>Heal Bell</strong>!<br></div><div class="battle-history"><small>A bell chimed!</small><br></div><div class="battle-history"><small>Ducky was cured of its poisoning.</small><br></div><div class="spacer battle-history"><br></div><div class="battle-history">The opposing Ponyta used <strong>Toxic</strong>!<br></div><div class="battle-history"><small>Flan was badly poisoned!</small><br></div><div class="spacer battle-history"><br></div><div class="battle-history"><small>Flan was hurt by poison!</small><br></div><div class="spacer battle-history"><br></div><h2 class="battle-history">Turn 22</h2><div class="spacer battle-history"><br></div><div class="battle-history">Alfred Quaeda withdrew Ponyta!<br></div><div class="battle-history">Alfred Quaeda sent out <strong>Pawniard</strong>!<br></div><div class="spacer battle-history"><br></div><div class="battle-history">Flan used <strong>Heal Bell</strong>!<br></div><div class="battle-history"><small>A bell chimed!</small><br></div><div class="battle-history"><small>Flan was cured of its poisoning.</small><br></div><div class="spacer battle-history"><br></div><h2 class="battle-history">Turn 23</h2><div class="spacer battle-history"><br></div><div class="battle-history">Flan, come back!<br></div><div class="battle-history">Go! Ducky (<strong>Magby</strong>)!<br></div><div class="spacer battle-history"><br></div><div class="battle-history">The opposing Pawniard used <strong>Iron Head</strong>!<br></div><div class="battle-history"><small>It's not very effective...</small><br></div><div class="battle-history"><small>(Ducky lost <abbr title="−3/21">14.3%</abbr> of its health!)</small><br></div><div class="battle-history"><small>[Ducky's Flame Body]</small><br><small>The opposing Pawniard was burned!</small><br></div><div class="spacer battle-history"><br></div><div class="battle-history">Ducky fainted!<br></div><div class="spacer battle-history"><br></div><div class="battle-history"><small>The opposing Pawniard was hurt by its burn!</small><br></div><div class="spacer battle-history"><br></div><div class="battle-history">Go! North Star (<strong>Machop</strong>)!<br></div><div class="spacer battle-history"><br></div><h2 class="battle-history">Turn 24</h2><div class="spacer battle-history"><br></div><div class="battle-history">Alfred Quaeda withdrew Pawniard!<br></div><div class="battle-history">Alfred Quaeda sent out <strong>Gastly</strong>!<br></div><div class="spacer battle-history"><br></div><div class="battle-history">North Star used <strong>Dynamic Punch</strong>!<br></div><div class="battle-history"><small>It doesn't affect the opposing Gastly...</small><br></div><div class="spacer battle-history"><br></div><h2 class="battle-history">Turn 25</h2><div class="spacer battle-history"><br></div><div class="battle-history">North Star, come back!<br></div><div class="battle-history">Go! Flan (<strong>Snubbull</strong>)!<br></div><div class="battle-history"><small>[Flan's Intimidate]</small><br></div><div class="battle-history"><small>The opposing Gastly's Attack fell!</small><br></div><div class="spacer battle-history"><br></div><div class="battle-history">The opposing Gastly used <strong>Will-O-Wisp</strong>!<br></div><div class="battle-history"><small>Flan was burned!</small><br></div><div class="spacer battle-history"><br></div><div class="battle-history"><small>Flan was hurt by its burn!</small><br></div><div class="spacer battle-history"><br></div><h2 class="battle-history">Turn 26</h2><div class="spacer battle-history"><br></div><div class="battle-history">The opposing Gastly used <strong>Disable</strong>!<br></div><div class="battle-history"><small>But it failed!</small><br></div><div class="spacer battle-history"><br></div><div class="battle-history">Flan used <strong>Thunder Wave</strong>!<br></div><div class="battle-history"><small>The opposing Gastly is paralyzed! It may be unable to move!</small><br></div><div class="spacer battle-history"><br></div><div class="battle-history"><small>Flan was hurt by its burn!</small><br></div><div class="spacer battle-history"><br></div><h2 class="battle-history">Turn 27</h2><div class="spacer battle-history"><br></div><div class="battle-history">Flan used <strong>Heal Bell</strong>!<br></div><div class="battle-history"><small>A bell chimed!</small><br></div><div class="battle-history"><small>Flan's burn was healed.</small><br></div><div class="spacer battle-history"><br></div><div class="battle-history">The opposing Gastly used <strong>Hex</strong>!<br></div><div class="battle-history"><small>(Flan lost <abbr title="−9/25">36%</abbr> of its health!)</small><br></div><div class="spacer battle-history"><br></div><h2 class="battle-history">Turn 28</h2><div class="spacer battle-history"><br></div><div class="battle-history">Flan used <strong>Crunch</strong>!<br></div><div class="battle-history"><small>It's super effective!</small><br></div><div class="battle-history"><small>(The opposing Gastly lost <abbr title="−14/19">73.7%</abbr> of its health!)</small><br></div><div class="battle-history"><small>The opposing Gastly's Defense fell!</small><br></div><div class="spacer battle-history"><br></div><div class="battle-history">The opposing Gastly is paralyzed! It can't move!<br></div><div class="spacer battle-history"><br></div><h2 class="battle-history">Turn 29</h2><div class="spacer battle-history"><br></div><div class="battle-history">Flan used <strong>Crunch</strong>!<br></div><div class="battle-history"><small>It's super effective!</small><br></div><div class="battle-history"><small>(The opposing Gastly lost <abbr title="−5/19">26.3%</abbr> of its health!)</small><br></div><div class="spacer battle-history"><br></div><div class="battle-history">The opposing Gastly fainted!<br></div><div class="spacer battle-history"><br></div><div class="battle-history">Alfred Quaeda sent out <strong>Pawniard</strong>!<br></div><div class="spacer battle-history"><br></div><h2 class="battle-history">Turn 30</h2><div class="spacer battle-history"><br></div><div class="battle-history">The opposing Pawniard used <strong>Brick Break</strong>!<br></div><div class="battle-history"><small>It's not very effective...</small><br></div><div class="battle-history"><small>A critical hit!</small><br></div><div class="battle-history"><small>(Flan lost <abbr title="−2/25">8%</abbr> of its health!)</small><br></div><div class="spacer battle-history"><br></div><div class="battle-history">Flan fainted!<br></div><div class="spacer battle-history"><br></div><div class="battle-history"><small>The opposing Pawniard was hurt by its burn!</small><br></div><div class="spacer battle-history"><br></div><div class="battle-history">Go! North Star (<strong>Machop</strong>)!<br></div><div class="spacer battle-history"><br></div><h2 class="battle-history">Turn 31</h2><div class="spacer battle-history"><br></div><div class="battle-history">The opposing Pawniard used <strong>Brick Break</strong>!<br></div><div class="battle-history"><small>(North Star lost <abbr title="−5/24">20.8%</abbr> of its health!)</small><br></div><div class="spacer battle-history"><br></div><div class="battle-history">North Star used <strong>Dynamic Punch</strong>!<br></div><div class="battle-history"><small>It's super effective!</small><br></div><div class="battle-history"><small>(The opposing Pawniard lost <abbr title="−17/21">81.0%</abbr> of its health!)</small><br></div><div class="spacer battle-history"><br></div><div class="battle-history">The opposing Pawniard fainted!<br></div><div class="spacer battle-history"><br></div><div class="battle-history">Alfred Quaeda sent out <strong>Ponyta</strong>!<br></div><div class="spacer battle-history"><br></div><h2 class="battle-history">Turn 32</h2><div class="spacer battle-history"><br></div><div class="battle-history">North Star used <strong>Dynamic Punch</strong>!<br></div><div class="battle-history"><small>(The opposing Ponyta lost <abbr title="−12/21">57.1%</abbr> of its health!)</small><br></div><div class="battle-history"><small>The opposing Ponyta became confused!</small><br></div><div class="spacer battle-history"><br></div><div class="battle-history"><small>The opposing Ponyta is confused!</small><br></div><div class="battle-history">The opposing Ponyta used <strong>Flare Blitz</strong>!<br></div><div class="battle-history"><small>(North Star lost <abbr title="−18/24">75%</abbr> of its health!)</small><br></div><div class="battle-history"><small>The opposing Ponyta is damaged by the recoil!</small><br></div><div class="spacer battle-history"><br></div><div class="battle-history">The opposing Ponyta fainted!<br></div><div class="spacer battle-history"><br></div><div class="battle-history">Alfred Quaeda sent out <strong>Archen</strong>!<br></div><div class="spacer battle-history"><br></div><h2 class="battle-history">Turn 33</h2><div class="spacer battle-history"><br></div><div class="battle-history">North Star used <strong>Dynamic Punch</strong>!<br></div><div class="battle-history"><small>(The opposing Archen lost <abbr title="−16/22">72.7%</abbr> of its health!)</small><br></div><div class="battle-history"><small>The opposing Archen became confused!</small><br></div><div class="battle-history"><small>(The opposing Archen used its Berry Juice!)</small><br></div><div class="battle-history"><small>The opposing Archen restored HP using its Berry Juice!</small><br></div><div class="spacer battle-history"><br></div><div class="battle-history"><small>The opposing Archen is confused!</small><br></div><div class="battle-history">It hurt itself in its confusion!<br></div><div class="spacer battle-history"><br></div><h2 class="battle-history">Turn 34</h2><div class="spacer battle-history"><br></div><div class="battle-history">North Star used <strong>Dynamic Punch</strong>!<br></div><div class="battle-history"><small>(The opposing Archen lost <abbr title="−16/22">72.7%</abbr> of its health!)</small><br></div><div class="spacer battle-history"><br></div><div class="battle-history">The opposing Archen fainted!<br></div><div class="spacer battle-history"><br></div><div class="battle-history"><strong>F1eshy</strong> won the battle!<br></div><div class="chat"><small>Alfred Quaeda left.</small></div></div><div class="inner-preempt"></div></div></div>
</div>
<script>
let daily = Math.floor(Date.now()/1000/60/60/24);document.write('<script src="https://play.pokemonshowdown.com/js/replay-embed.js?version'+daily+'"></'+'script>');
</script>
