<!DOCTYPE html>
<meta charset="utf-8" />
<!-- version 1 -->
<title>LC replay: VortexNinja853 vs. Ashreleasedgreninj</title>
<style>
html,body {font-family:Verdana, sans-serif;font-size:10pt;margin:0;padding:0;}body{padding:12px 0;} .battle-log {font-family:Verdana, sans-serif;font-size:10pt;} .battle-log-inline {border:1px solid #AAAAAA;background:#EEF2F5;color:black;max-width:640px;margin:0 auto 80px;padding-bottom:5px;} .battle-log .inner {padding:4px 8px 0px 8px;} .battle-log .inner-preempt {padding:0 8px 4px 8px;} .battle-log .inner-after {margin-top:0.5em;} .battle-log h2 {margin:0.5em -8px;padding:4px 8px;border:1px solid #AAAAAA;background:#E0E7EA;border-left:0;border-right:0;font-family:Verdana, sans-serif;font-size:13pt;} .battle-log .chat {vertical-align:middle;padding:3px 0 3px 0;font-size:8pt;} .battle-log .chat strong {color:#40576A;} .battle-log .chat em {padding:1px 4px 1px 3px;color:#000000;font-style:normal;} .chat.mine {background:rgba(0,0,0,0.05);margin-left:-8px;margin-right:-8px;padding-left:8px;padding-right:8px;} .spoiler {color:#BBBBBB;background:#BBBBBB;padding:0px 3px;} .spoiler:hover, .spoiler:active, .spoiler-shown {color:#000000;background:#E2E2E2;padding:0px 3px;} .spoiler a {color:#BBBBBB;} .spoiler:hover a, .spoiler:active a, .spoiler-shown a {color:#2288CC;} .chat code, .chat .spoiler:hover code, .chat .spoiler:active code, .chat .spoiler-shown code {border:1px solid #C0C0C0;background:#EEEEEE;color:black;padding:0 2px;} .chat .spoiler code {border:1px solid #CCCCCC;background:#CCCCCC;color:#CCCCCC;} .battle-log .rated {padding:3px 4px;} .battle-log .rated strong {color:white;background:#89A;padding:1px 4px;border-radius:4px;} .spacer {margin-top:0.5em;} .message-announce {background:#6688AA;color:white;padding:1px 4px 2px;} .message-announce a, .broadcast-green a, .broadcast-blue a, .broadcast-red a {color:#DDEEFF;} .broadcast-green {background-color:#559955;color:white;padding:2px 4px;} .broadcast-blue {background-color:#6688AA;color:white;padding:2px 4px;} .infobox {border:1px solid #6688AA;padding:2px 4px;} .infobox-limited {max-height:200px;overflow:auto;overflow-x:hidden;} .broadcast-red {background-color:#AA5544;color:white;padding:2px 4px;} .message-learn-canlearn {font-weight:bold;color:#228822;text-decoration:underline;} .message-learn-cannotlearn {font-weight:bold;color:#CC2222;text-decoration:underline;} .message-effect-weak {font-weight:bold;color:#CC2222;} .message-effect-resist {font-weight:bold;color:#6688AA;} .message-effect-immune {font-weight:bold;color:#666666;} .message-learn-list {margin-top:0;margin-bottom:0;} .message-throttle-notice, .message-error {color:#992222;} .message-overflow, .chat small.message-overflow {font-size:0pt;} .message-overflow::before {font-size:9pt;content:'...';} .subtle {color:#3A4A66;}
</style>
<div class="wrapper replay-wrapper" style="max-width:1180px;margin:0 auto">
<input type="hidden" name="replayid" value="lc-484473688" />
<div class="battle"></div><div class="battle-log"></div><div class="replay-controls"></div><div class="replay-controls-2"></div>
<h1 style="font-weight:normal;text-align:center"><strong>LC</strong><br /><a href="http://pokemonshowdown.com/users/vortexninja853" class="subtle" target="_blank">VortexNinja853</a> vs. <a href="http://pokemonshowdown.com/users/ashreleasedgreninj" class="subtle" target="_blank">Ashreleasedgreninj</a></h1>
<script type="text/plain" class="battle-log-data">|j|VortexNinja853
|j|Ashreleasedgreninj
|player|p1|VortexNinja853|87
|player|p2|Ashreleasedgreninj|92
|gametype|singles
|gen|6
|tier|LC
|rated
|seed|3543,40956,55961,48635
|clearpoke
|poke|p1|Mankey, L5, F, shiny|item
|poke|p1|Tynamo, L5, M|item
|poke|p1|Abra, L5, F|item
|poke|p1|Trapinch, L5, M, shiny|item
|poke|p1|Chimchar, L5, F|item
|poke|p1|Mantyke, L5, F|item
|poke|p2|Inkay, L5, M|item
|poke|p2|Snivy, L5, F, shiny|item
|poke|p2|Aipom, L5, M|item
|poke|p2|Amaura, L5, F, shiny|item
|poke|p2|Chimchar, L5, M|item
|poke|p2|Aron, L5, M, shiny|item
|rule|Sleep Clause Mod: Limit one foe put to sleep
|rule|Species Clause: Limit one of each Pokémon
|rule|OHKO Clause: OHKO moves are banned
|rule|Moody Clause: Moody is banned
|rule|Evasion Moves Clause: Evasion moves are banned
|rule|Endless Battle Clause: Forcing endless battles is banned
|rule|HP Percentage Mod: HP is shown in percentages
|teampreview
|c|★Ashreleasedgreninj|Hi
|c|★VortexNinja853|hi
|choice|team 1, team 2, team 3, team 4, team 5, team 6|team 6, team 2, team 3, team 4, team 5, team 1
|
|start
|switch|p1a: Mankey|Mankey, L5, F, shiny|20\/20
|switch|p2a: Orin|Aron, L5, M, shiny|24\/24
|turn|1
|choice|move crosschop|move heavyslam
|
|move|p1a: Mankey|Cross Chop|p2a: Orin
|-supereffective|p2a: Orin
|-damage|p2a: Orin|0 fnt
|-damage|p1a: Mankey|18\/20|[from] item: Life Orb
|faint|p2a: Orin
|
|choice||switch 6
|
|switch|p2a: Okay|Inkay, L5, M|25\/25
|turn|2
|choice|move seedbomb|move superpower
|
|move|p1a: Mankey|Seed Bomb|p2a: Okay
|-damage|p2a: Okay|19\/25
|-damage|p1a: Mankey|16\/20|[from] item: Life Orb
|move|p2a: Okay|Superpower|p1a: Mankey
|-damage|p1a: Mankey|5\/20
|-boost|p2a: Okay|atk|1
|-boost|p2a: Okay|def|1
|
|turn|3
|choice|move firepunch|move superpower
|
|move|p1a: Mankey|Fire Punch|p2a: Okay
|-damage|p2a: Okay|14\/25
|-status|p2a: Okay|brn
|-damage|p1a: Mankey|3\/20|[from] item: Life Orb
|move|p2a: Okay|Superpower|p1a: Mankey
|-damage|p1a: Mankey|0 fnt
|-boost|p2a: Okay|atk|1
|-boost|p2a: Okay|def|1
|faint|p1a: Mankey
|
|-damage|p2a: Okay|11\/25 brn|[from] brn
|choice|switch 5|
|
|switch|p1a: Chimchar|Chimchar, L5, F|24\/24
|turn|4
|choice|move poweruppunch|move superpower
|
|move|p1a: Chimchar|Power-Up Punch|p2a: Okay
|-damage|p2a: Okay|9\/25 brn
|-boost|p1a: Chimchar|atk|1
|move|p2a: Okay|Superpower|p1a: Chimchar
|-crit|p1a: Chimchar
|-damage|p1a: Chimchar|13\/24
|-boost|p2a: Okay|atk|1
|-boost|p2a: Okay|def|1
|
|-damage|p2a: Okay|6\/25 brn|[from] brn
|turn|5
|choice|move poweruppunch|move destinybond
|
|move|p1a: Chimchar|Power-Up Punch|p2a: Okay
|-damage|p2a: Okay|4\/25 brn
|-boost|p1a: Chimchar|atk|1
|move|p2a: Okay|Destiny Bond|p2a: Okay
|-singlemove|p2a: Okay|Destiny Bond
|
|-damage|p2a: Okay|1\/25 brn|[from] brn
|turn|6
|choice|move poweruppunch|move superpower
|
|move|p1a: Chimchar|Power-Up Punch|p2a: Okay
|-damage|p2a: Okay|0 fnt
|-boost|p1a: Chimchar|atk|1
|faint|p2a: Okay
|-activate|p2a: Okay|move: Destiny Bond
|faint|p1a: Chimchar
|
|choice|switch 6|switch 3
|
|switch|p2a: Hat stealer|Aipom, L5, M|22\/22
|switch|p1a: Mantyke|Mantyke, L5, F|21\/21
|turn|7
|choice|move scald|move gunkshot
|
|move|p2a: Hat stealer|Gunk Shot|p1a: Mantyke
|-damage|p1a: Mantyke|10\/21
|move|p1a: Mantyke|Scald|p2a: Hat stealer
|-damage|p2a: Hat stealer|15\/22
|-status|p2a: Hat stealer|brn
|
|-damage|p2a: Hat stealer|13\/22 brn|[from] brn
|turn|8
|choice|move scald|move doubleslap
|
|move|p2a: Hat stealer|Double Slap|p1a: Mantyke
|-damage|p1a: Mantyke|9\/21
|-crit|p1a: Mantyke
|-damage|p1a: Mantyke|7\/21
|-crit|p1a: Mantyke
|-damage|p1a: Mantyke|5\/21
|-damage|p1a: Mantyke|4\/21
|-damage|p1a: Mantyke|3\/21
|-hitcount|p1a: Mantyke|5
|move|p1a: Mantyke|Scald|p2a: Hat stealer
|-damage|p2a: Hat stealer|6\/22 brn
|
|-damage|p2a: Hat stealer|4\/22 brn|[from] brn
|turn|9
|choice|move scald|move doubleslap
|
|move|p2a: Hat stealer|Double Slap|p1a: Mantyke
|-damage|p1a: Mantyke|2\/21
|-damage|p1a: Mantyke|1\/21
|-damage|p1a: Mantyke|0 fnt
|-hitcount|p1a: Mantyke|3
|faint|p1a: Mantyke
|
|-damage|p2a: Hat stealer|2\/22 brn|[from] brn
|choice|switch 4|
|
|switch|p1a: Trapinch|Trapinch, L5, M, shiny|24\/24
|turn|10
|choice|move protect|move brickbreak
|
|move|p1a: Trapinch|Protect|p1a: Trapinch
|-singleturn|p1a: Trapinch|Protect
|move|p2a: Hat stealer|Brick Break|p1a: Trapinch
|-activate|p1a: Trapinch|move: Protect
|
|-damage|p2a: Hat stealer|0 fnt|[from] brn
|faint|p2a: Hat stealer
|choice||switch 2
|
|switch|p2a: Smugleaf|Snivy, L5, F, shiny|24\/24
|turn|11
|choice|move toxic|move leafstorm
|
|move|p2a: Smugleaf|Leaf Storm|p1a: Trapinch
|-supereffective|p1a: Trapinch
|-damage|p1a: Trapinch|0 fnt
|-boost|p2a: Smugleaf|spa|2
|faint|p1a: Trapinch
|
|choice|switch 3|
|
|switch|p1a: Abra|Abra, L5, F|19\/19
|turn|12
|choice|move signalbeam|move gigadrain
|
|move|p1a: Abra|Signal Beam|p2a: Smugleaf
|-supereffective|p2a: Smugleaf
|-damage|p2a: Smugleaf|3\/24
|move|p2a: Smugleaf|Giga Drain|p1a: Abra
|-damage|p1a: Abra|0 fnt
|-heal|p2a: Smugleaf|13\/24|[from] drain|[of] p1a: Abra
|faint|p1a: Abra
|
|choice|switch 2|
|
|switch|p1a: Tynamo|Tynamo, L5, M|20\/20
|turn|13
|choice|move chargebeam|move leafstorm
|
|move|p1a: Tynamo|Charge Beam|p2a: Smugleaf
|-resisted|p2a: Smugleaf
|-damage|p2a: Smugleaf|10\/24
|-boost|p1a: Tynamo|spa|1
|-damage|p1a: Tynamo|18\/20|[from] item: Life Orb
|move|p2a: Smugleaf|Leaf Storm|p1a: Tynamo
|-damage|p1a: Tynamo|0 fnt
|-boost|p2a: Smugleaf|spa|2
|faint|p1a: Tynamo
|
|win|Ashreleasedgreninj
|player|p1
|player|p2
|c|★Ashreleasedgreninj|Gg
|l|VortexNinja853</script>
</div>
<div class="battle-log battle-log-inline"><div class="inner"><div class="battle-options"></div><div class="inner"><div class="chat"><small>VortexNinja853 joined.</small></div><div class="chat"><small>Ashreleasedgreninj joined.</small></div><div class=""><small>Format:</small> <br><strong>LC</strong></div><div class="rated"><strong>Rated battle</strong></div><div class=""><small><em>Sleep Clause Mod:</em> Limit one foe put to sleep</small></div><div class=""><small><em>Species Clause:</em> Limit one of each Pokémon</small></div><div class=""><small><em>OHKO Clause:</em> OHKO moves are banned</small></div><div class=""><small><em>Moody Clause:</em> Moody is banned</small></div><div class=""><small><em>Evasion Moves Clause:</em> Evasion moves are banned</small></div><div class=""><small><em>Endless Battle Clause:</em> Forcing endless battles is banned</small></div><div class=""><small><em>HP Percentage Mod:</em> HP is shown in percentages</small></div><div class="chat battle-history"><strong>VortexNinja853's team:</strong> <em style="color:#445566;display:block;">Mankey / Tynamo / Abra / Trapinch / Chimchar / Mantyke</em></div><div class="chat battle-history"><strong>Ashreleasedgreninj's team:</strong> <em style="color:#445566;display:block;">Inkay / Snivy / Aipom / Amaura / Chimchar / Aron</em></div><div class="chat chatmessage-ashreleasedgreninj"><strong style="color:hsl(280,75%,50.47945%)"><small>★</small><span class="username" data-name="Ashreleasedgreninj">Ashreleasedgreninj</span>:</strong> <em>Hi</em></div><div class="chat chatmessage-vortexninja853"><strong style="color:hsl(306,81%,40.5838270259238%)"><small>★</small><span class="username" data-name="VortexNinja853">VortexNinja853</span>:</strong> <em>hi</em></div><div class="spacer battle-history"><br></div><div class="battle-history">Battle started between VortexNinja853 and Ashreleasedgreninj!<br></div><div class="spacer battle-history"><br></div><div class="battle-history">Go! <strong>Mankey</strong>!<br></div><div class="spacer battle-history"><br></div><div class="battle-history">Ashreleasedgreninj sent out Orin (<strong>Aron</strong>)!<br></div><div class="spacer battle-history"><br></div><h2 class="battle-history">Turn 1</h2><div class="spacer battle-history"><br></div><div class="battle-history">Mankey used <strong>Cross Chop</strong>!<br></div><div class="battle-history"><small>It's super effective!</small><br></div><div class="battle-history"><small>(The opposing Orin lost <abbr title="−24/24">100%</abbr> of its health!)</small><br></div><div class="battle-history"><small>Mankey lost some of its HP!</small><br></div><div class="spacer battle-history"><br></div><div class="battle-history">The opposing Orin fainted!<br></div><div class="spacer battle-history"><br></div><div class="battle-history">Ashreleasedgreninj sent out Okay (<strong>Inkay</strong>)!<br></div><div class="spacer battle-history"><br></div><h2 class="battle-history">Turn 2</h2><div class="spacer battle-history"><br></div><div class="battle-history">Mankey used <strong>Seed Bomb</strong>!<br></div><div class="battle-history"><small>(The opposing Okay lost <abbr title="−6/25">24%</abbr> of its health!)</small><br></div><div class="battle-history"><small>Mankey lost some of its HP!</small><br></div><div class="spacer battle-history"><br></div><div class="battle-history">The opposing Okay used <strong>Superpower</strong>!<br></div><div class="battle-history"><small>(Mankey lost <abbr title="−11/20">55.0%</abbr> of its health!)</small><br></div><div class="battle-history"><small>The opposing Okay's Attack rose!</small><br></div><div class="battle-history"><small>The opposing Okay's Defense rose!</small><br></div><div class="spacer battle-history"><br></div><h2 class="battle-history">Turn 3</h2><div class="spacer battle-history"><br></div><div class="battle-history">Mankey used <strong>Fire Punch</strong>!<br></div><div class="battle-history"><small>(The opposing Okay lost <abbr title="−5/25">20%</abbr> of its health!)</small><br></div><div class="battle-history"><small>The opposing Okay was burned!</small><br></div><div class="battle-history"><small>Mankey lost some of its HP!</small><br></div><div class="spacer battle-history"><br></div><div class="battle-history">The opposing Okay used <strong>Superpower</strong>!<br></div><div class="battle-history"><small>(Mankey lost <abbr title="−3/20">15%</abbr> of its health!)</small><br></div><div class="battle-history"><small>The opposing Okay's Attack rose!</small><br></div><div class="battle-history"><small>The opposing Okay's Defense rose!</small><br></div><div class="spacer battle-history"><br></div><div class="battle-history">Mankey fainted!<br></div><div class="spacer battle-history"><br></div><div class="battle-history"><small>The opposing Okay was hurt by its burn!</small><br></div><div class="spacer battle-history"><br></div><div class="battle-history">Go! <strong>Chimchar</strong>!<br></div><div class="spacer battle-history"><br></div><h2 class="battle-history">Turn 4</h2><div class="spacer battle-history"><br></div><div class="battle-history">Chimchar used <strong>Power-Up Punch</strong>!<br></div><div class="battle-history"><small>(The opposing Okay lost <abbr title="−2/25">8%</abbr> of its health!)</small><br></div><div class="battle-history"><small>Chimchar's Attack rose!</small><br></div><div class="spacer battle-history"><br></div><div class="battle-history">The opposing Okay used <strong>Superpower</strong>!<br></div><div class="battle-history"><small>A critical hit!</small><br></div><div class="battle-history"><small>(Chimchar lost <abbr title="−11/24">45.8%</abbr> of its health!)</small><br></div><div class="battle-history"><small>The opposing Okay's Attack rose!</small><br></div><div class="battle-history"><small>The opposing Okay's Defense rose!</small><br></div><div class="spacer battle-history"><br></div><div class="battle-history"><small>The opposing Okay was hurt by its burn!</small><br></div><div class="spacer battle-history"><br></div><h2 class="battle-history">Turn 5</h2><div class="spacer battle-history"><br></div><div class="battle-history">Chimchar used <strong>Power-Up Punch</strong>!<br></div><div class="battle-history"><small>(The opposing Okay lost <abbr title="−2/25">8%</abbr> of its health!)</small><br></div><div class="battle-history"><small>Chimchar's Attack rose!</small><br></div><div class="spacer battle-history"><br></div><div class="battle-history">The opposing Okay used <strong>Destiny Bond</strong>!<br></div><div class="battle-history">The opposing Okay is hoping to take its attacker down with it!<br></div><div class="spacer battle-history"><br></div><div class="battle-history"><small>The opposing Okay was hurt by its burn!</small><br></div><div class="spacer battle-history"><br></div><h2 class="battle-history">Turn 6</h2><div class="spacer battle-history"><br></div><div class="battle-history">Chimchar used <strong>Power-Up Punch</strong>!<br></div><div class="battle-history"><small>(The opposing Okay lost <abbr title="−1/25">4%</abbr> of its health!)</small><br></div><div class="battle-history"><small>Chimchar's Attack rose!</small><br></div><div class="spacer battle-history"><br></div><div class="battle-history">The opposing Okay fainted!<br></div><div class="battle-history"><small>The opposing Okay took its attacker down with it!</small><br></div><div class="spacer battle-history"><br></div><div class="battle-history">Chimchar fainted!<br></div><div class="spacer battle-history"><br></div><div class="battle-history">Ashreleasedgreninj sent out Hat stealer (<strong>Aipom</strong>)!<br></div><div class="spacer battle-history"><br></div><div class="battle-history">Go! <strong>Mantyke</strong>!<br></div><div class="spacer battle-history"><br></div><h2 class="battle-history">Turn 7</h2><div class="spacer battle-history"><br></div><div class="battle-history">The opposing Hat stealer used <strong>Gunk Shot</strong>!<br></div><div class="battle-history"><small>(Mantyke lost <abbr title="−11/21">52.4%</abbr> of its health!)</small><br></div><div class="spacer battle-history"><br></div><div class="battle-history">Mantyke used <strong>Scald</strong>!<br></div><div class="battle-history"><small>(The opposing Hat stealer lost <abbr title="−7/22">31.8%</abbr> of its health!)</small><br></div><div class="battle-history"><small>The opposing Hat stealer was burned!</small><br></div><div class="spacer battle-history"><br></div><div class="battle-history"><small>The opposing Hat stealer was hurt by its burn!</small><br></div><div class="spacer battle-history"><br></div><h2 class="battle-history">Turn 8</h2><div class="spacer battle-history"><br></div><div class="battle-history">The opposing Hat stealer used <strong>Double Slap</strong>!<br></div><div class="battle-history"><small>(Mantyke lost <abbr title="−1/21">4.8%</abbr> of its health!)</small><br></div><div class="battle-history"><small>A critical hit!</small><br></div><div class="battle-history"><small>(Mantyke lost <abbr title="−2/21">9.5%</abbr> of its health!)</small><br></div><div class="battle-history"><small>A critical hit!</small><br></div><div class="battle-history"><small>(Mantyke lost <abbr title="−2/21">9.5%</abbr> of its health!)</small><br></div><div class="battle-history"><small>(Mantyke lost <abbr title="−1/21">4.8%</abbr> of its health!)</small><br></div><div class="battle-history"><small>(Mantyke lost <abbr title="−1/21">4.8%</abbr> of its health!)</small><br></div><div class="battle-history"><small>Hit 5 times!</small><br></div><div class="spacer battle-history"><br></div><div class="battle-history">Mantyke used <strong>Scald</strong>!<br></div><div class="battle-history"><small>(The opposing Hat stealer lost <abbr title="−7/22">31.8%</abbr> of its health!)</small><br></div><div class="spacer battle-history"><br></div><div class="battle-history"><small>The opposing Hat stealer was hurt by its burn!</small><br></div><div class="spacer battle-history"><br></div><h2 class="battle-history">Turn 9</h2><div class="spacer battle-history"><br></div><div class="battle-history">The opposing Hat stealer used <strong>Double Slap</strong>!<br></div><div class="battle-history"><small>(Mantyke lost <abbr title="−1/21">4.8%</abbr> of its health!)</small><br></div><div class="battle-history"><small>(Mantyke lost <abbr title="−1/21">4.8%</abbr> of its health!)</small><br></div><div class="battle-history"><small>(Mantyke lost <abbr title="−1/21">4.8%</abbr> of its health!)</small><br></div><div class="battle-history"><small>Hit 3 times!</small><br></div><div class="spacer battle-history"><br></div><div class="battle-history">Mantyke fainted!<br></div><div class="spacer battle-history"><br></div><div class="battle-history"><small>The opposing Hat stealer was hurt by its burn!</small><br></div><div class="spacer battle-history"><br></div><div class="battle-history">Go! <strong>Trapinch</strong>!<br></div><div class="spacer battle-history"><br></div><h2 class="battle-history">Turn 10</h2><div class="spacer battle-history"><br></div><div class="battle-history">Trapinch used <strong>Protect</strong>!<br></div><div class="battle-history"><small>Trapinch protected itself!</small><br></div><div class="spacer battle-history"><br></div><div class="battle-history">The opposing Hat stealer used <strong>Brick Break</strong>!<br></div><div class="battle-history"><small>Trapinch protected itself!</small><br></div><div class="spacer battle-history"><br></div><div class="battle-history"><small>The opposing Hat stealer was hurt by its burn!</small><br></div><div class="spacer battle-history"><br></div><div class="battle-history">The opposing Hat stealer fainted!<br></div><div class="spacer battle-history"><br></div><div class="battle-history">Ashreleasedgreninj sent out Smugleaf (<strong>Snivy</strong>)!<br></div><div class="spacer battle-history"><br></div><h2 class="battle-history">Turn 11</h2><div class="spacer battle-history"><br></div><div class="battle-history">The opposing Smugleaf used <strong>Leaf Storm</strong>!<br></div><div class="battle-history"><small>It's super effective!</small><br></div><div class="battle-history"><small>(Trapinch lost <abbr title="−24/24">100%</abbr> of its health!)</small><br></div><div class="battle-history"><small>The opposing Smugleaf's Special Attack rose sharply!</small><br></div><div class="spacer battle-history"><br></div><div class="battle-history">Trapinch fainted!<br></div><div class="spacer battle-history"><br></div><div class="battle-history">Go! <strong>Abra</strong>!<br></div><div class="spacer battle-history"><br></div><h2 class="battle-history">Turn 12</h2><div class="spacer battle-history"><br></div><div class="battle-history">Abra used <strong>Signal Beam</strong>!<br></div><div class="battle-history"><small>It's super effective!</small><br></div><div class="battle-history"><small>(The opposing Smugleaf lost <abbr title="−21/24">87.5%</abbr> of its health!)</small><br></div><div class="spacer battle-history"><br></div><div class="battle-history">The opposing Smugleaf used <strong>Giga Drain</strong>!<br></div><div class="battle-history"><small>(Abra lost <abbr title="−19/19">100%</abbr> of its health!)</small><br></div><div class="battle-history"><small>Abra had its energy drained!</small><br></div><div class="spacer battle-history"><br></div><div class="battle-history">Abra fainted!<br></div><div class="spacer battle-history"><br></div><div class="battle-history">Go! <strong>Tynamo</strong>!<br></div><div class="spacer battle-history"><br></div><h2 class="battle-history">Turn 13</h2><div class="spacer battle-history"><br></div><div class="battle-history">Tynamo used <strong>Charge Beam</strong>!<br></div><div class="battle-history"><small>It's not very effective...</small><br></div><div class="battle-history"><small>(The opposing Smugleaf lost <abbr title="−3/24">12.5%</abbr> of its health!)</small><br></div><div class="battle-history"><small>Tynamo's Special Attack rose!</small><br></div><div class="battle-history"><small>Tynamo lost some of its HP!</small><br></div><div class="spacer battle-history"><br></div><div class="battle-history">The opposing Smugleaf used <strong>Leaf Storm</strong>!<br></div><div class="battle-history"><small>(Tynamo lost <abbr title="−18/20">90%</abbr> of its health!)</small><br></div><div class="battle-history"><small>The opposing Smugleaf's Special Attack rose sharply!</small><br></div><div class="spacer battle-history"><br></div><div class="battle-history">Tynamo fainted!<br></div><div class="spacer battle-history"><br></div><div class="battle-history"><strong>Ashreleasedgreninj</strong> won the battle!<br></div><div class="chat chatmessage-ashreleasedgreninj"><strong style="color:hsl(280,75%,50.47945%)"><small>★</small><span class="username" data-name="Ashreleasedgreninj">Ashreleasedgreninj</span>:</strong> <em>Gg</em></div><div class="chat"><small>VortexNinja853 left.</small></div></div><div class="inner-preempt"></div></div></div>
</div>
<script>
let daily = Math.floor(Date.now()/1000/60/60/24);document.write('<script src="https://play.pokemonshowdown.com/js/replay-embed.js?version'+daily+'"></'+'script>');
</script>
