<!DOCTYPE html>
<meta charset="utf-8" />
<!-- version 1 -->
<title>LC replay: kalamisafuna vs. jcdpb</title>
<style>
html,body {font-family:Verdana, sans-serif;font-size:10pt;margin:0;padding:0;}body{padding:12px 0;} .battle-log {font-family:Verdana, sans-serif;font-size:10pt;} .battle-log-inline {border:1px solid #AAAAAA;background:#EEF2F5;color:black;max-width:640px;margin:0 auto 80px;padding-bottom:5px;} .battle-log .inner {padding:4px 8px 0px 8px;} .battle-log .inner-preempt {padding:0 8px 4px 8px;} .battle-log .inner-after {margin-top:0.5em;} .battle-log h2 {margin:0.5em -8px;padding:4px 8px;border:1px solid #AAAAAA;background:#E0E7EA;border-left:0;border-right:0;font-family:Verdana, sans-serif;font-size:13pt;} .battle-log .chat {vertical-align:middle;padding:3px 0 3px 0;font-size:8pt;} .battle-log .chat strong {color:#40576A;} .battle-log .chat em {padding:1px 4px 1px 3px;color:#000000;font-style:normal;} .chat.mine {background:rgba(0,0,0,0.05);margin-left:-8px;margin-right:-8px;padding-left:8px;padding-right:8px;} .spoiler {color:#BBBBBB;background:#BBBBBB;padding:0px 3px;} .spoiler:hover, .spoiler:active, .spoiler-shown {color:#000000;background:#E2E2E2;padding:0px 3px;} .spoiler a {color:#BBBBBB;} .spoiler:hover a, .spoiler:active a, .spoiler-shown a {color:#2288CC;} .chat code, .chat .spoiler:hover code, .chat .spoiler:active code, .chat .spoiler-shown code {border:1px solid #C0C0C0;background:#EEEEEE;color:black;padding:0 2px;} .chat .spoiler code {border:1px solid #CCCCCC;background:#CCCCCC;color:#CCCCCC;} .battle-log .rated {padding:3px 4px;} .battle-log .rated strong {color:white;background:#89A;padding:1px 4px;border-radius:4px;} .spacer {margin-top:0.5em;} .message-announce {background:#6688AA;color:white;padding:1px 4px 2px;} .message-announce a, .broadcast-green a, .broadcast-blue a, .broadcast-red a {color:#DDEEFF;} .broadcast-green {background-color:#559955;color:white;padding:2px 4px;} .broadcast-blue {background-color:#6688AA;color:white;padding:2px 4px;} .infobox {border:1px solid #6688AA;padding:2px 4px;} .infobox-limited {max-height:200px;overflow:auto;overflow-x:hidden;} .broadcast-red {background-color:#AA5544;color:white;padding:2px 4px;} .message-learn-canlearn {font-weight:bold;color:#228822;text-decoration:underline;} .message-learn-cannotlearn {font-weight:bold;color:#CC2222;text-decoration:underline;} .message-effect-weak {font-weight:bold;color:#CC2222;} .message-effect-resist {font-weight:bold;color:#6688AA;} .message-effect-immune {font-weight:bold;color:#666666;} .message-learn-list {margin-top:0;margin-bottom:0;} .message-throttle-notice, .message-error {color:#992222;} .message-overflow, .chat small.message-overflow {font-size:0pt;} .message-overflow::before {font-size:9pt;content:'...';} .subtle {color:#3A4A66;}
</style>
<div class="wrapper replay-wrapper" style="max-width:1180px;margin:0 auto">
<input type="hidden" name="replayid" value="lc-478534480" />
<div class="battle"></div><div class="battle-log"></div><div class="replay-controls"></div><div class="replay-controls-2"></div>
<h1 style="font-weight:normal;text-align:center"><strong>LC</strong><br /><a href="http://pokemonshowdown.com/users/kalamisafuna" class="subtle" target="_blank">kalamisafuna</a> vs. <a href="http://pokemonshowdown.com/users/jcdpb" class="subtle" target="_blank">jcdpb</a></h1>
<script type="text/plain" class="battle-log-data">|j|kalamisafuna
|j|jcdpb
|player|p1|kalamisafuna|151
|player|p2|jcdpb|2
|gametype|singles
|gen|6
|tier|LC
|rated
|seed|34038,17239,9632,47703
|clearpoke
|poke|p1|Zorua, L5, F, shiny|item
|poke|p1|Porygon, L5|item
|poke|p1|Carvanha, L5, F|item
|poke|p1|Shieldon, L5, M|item
|poke|p1|Duskull, L5, M|item
|poke|p1|Abra, L5, M, shiny|item
|poke|p2|Croagunk, L5, F|item
|poke|p2|Snivy, L5, F|item
|poke|p2|Gastly, L5, F|item
|poke|p2|Drilbur, L5, M|item
|poke|p2|Ferroseed, L5, M|item
|poke|p2|Timburr, L5, M|item
|rule|Sleep Clause Mod: Limit one foe put to sleep
|rule|Species Clause: Limit one of each Pokémon
|rule|OHKO Clause: OHKO moves are banned
|rule|Moody Clause: Moody is banned
|rule|Evasion Moves Clause: Evasion moves are banned
|rule|Endless Battle Clause: Forcing endless battles is banned
|rule|HP Percentage Mod: HP is shown in percentages
|teampreview
|choice|team 5, team 6, team 2, team 1, team 4, team 3|team 5, team 2, team 3, team 4, team 1, team 6
|
|start
|switch|p1a: Duskull|Duskull, L5, M|18\/18
|switch|p2a: Ferroseed|Ferroseed, L5, M|20\/20
|turn|1
|choice|move trick|move stealthrock
|
|move|p2a: Ferroseed|Stealth Rock|p1a: Duskull
|-sidestart|p1: kalamisafuna|move: Stealth Rock
|move|p1a: Duskull|Trick|p2a: Ferroseed
|-activate|p1a: Duskull|move: Trick|[of] p2a: Ferroseed
|-item|p2a: Ferroseed|Choice Band|[from] move: Trick
|-item|p1a: Duskull|Eviolite|[from] move: Trick
|
|turn|2
|choice|move willowisp|move bulletseed
|
|move|p2a: Ferroseed|Bullet Seed|p1a: Duskull
|-damage|p1a: Duskull|15\/18
|-damage|p1a: Duskull|12\/18
|-hitcount|p1a: Duskull|2
|move|p1a: Duskull|Will-O-Wisp|p2a: Ferroseed
|-status|p2a: Ferroseed|brn
|
|-damage|p2a: Ferroseed|18\/20 brn|[from] brn
|turn|3
|choice|move shadowball|switch 2
|
|switch|p2a: Snivy|Snivy, L5, F|21\/21
|move|p1a: Duskull|Shadow Ball|p2a: Snivy
|-damage|p2a: Snivy|15\/21
|
|turn|4
|choice|move willowisp|move leafstorm
|
|move|p2a: Snivy|Leaf Storm|p1a: Duskull
|-damage|p1a: Duskull|3\/18
|-boost|p2a: Snivy|spa|2
|move|p1a: Duskull|Will-O-Wisp|p2a: Snivy
|-status|p2a: Snivy|brn
|
|-damage|p2a: Snivy|13\/21 brn|[from] brn
|turn|5
|choice|move shadowball|move leafstorm
|
|move|p2a: Snivy|Leaf Storm|p1a: Duskull
|-damage|p1a: Duskull|0 fnt
|-boost|p2a: Snivy|spa|2
|faint|p1a: Duskull
|
|-damage|p2a: Snivy|11\/21 brn|[from] brn
|choice|switch 6|
|
|switch|p1a: Carvanha|Carvanha, L5, F|21\/21
|-damage|p1a: Carvanha|19\/21|[from] Stealth Rock
|turn|6
|choice|move protect|move leafstorm
|
|move|p1a: Carvanha|Protect|p1a: Carvanha
|-singleturn|p1a: Carvanha|Protect
|move|p2a: Snivy|Leaf Storm|p1a: Carvanha
|-activate|p1a: Carvanha|move: Protect
|
|-damage|p2a: Snivy|9\/21 brn|[from] brn
|-ability|p1a: Carvanha|Speed Boost|boost
|-boost|p1a: Carvanha|spe|1
|turn|7
|choice|move icefang|move leafstorm
|
|move|p1a: Carvanha|Ice Fang|p2a: Snivy
|-supereffective|p2a: Snivy
|-damage|p2a: Snivy|0 fnt
|faint|p2a: Snivy
|
|-ability|p1a: Carvanha|Speed Boost|boost
|-boost|p1a: Carvanha|spe|1
|choice||switch 5
|
|switch|p2a: Croagunk|Croagunk, L5, F|23\/23
|turn|8
|choice|move waterfall|move drainpunch
|
|move|p1a: Carvanha|Waterfall|p2a: Croagunk
|-immune|p2a: Croagunk|[msg]|[from] ability: Dry Skin
|move|p2a: Croagunk|Drain Punch|p1a: Carvanha
|-supereffective|p1a: Carvanha
|-damage|p1a: Carvanha|0 fnt
|faint|p1a: Carvanha
|
|choice|switch 2|
|
|switch|p1a: Abra|Abra, L5, M, shiny|19\/19
|turn|9
|choice|move psyshock|switch 3
|
|switch|p2a: Gastly|Gastly, L5, F|19\/19
|move|p1a: Abra|Psyshock|p2a: Gastly
|-supereffective|p2a: Gastly
|-damage|p2a: Gastly|0 fnt
|faint|p2a: Gastly
|
|choice||switch 2
|
|switch|p2a: Ferroseed|Ferroseed, L5, M|18\/20 brn
|turn|10
|choice|move psyshock|move thunderwave
|
|move|p1a: Abra|Psyshock|p2a: Ferroseed
|-resisted|p2a: Ferroseed
|-damage|p2a: Ferroseed|13\/20 brn
|move|p2a: Ferroseed|Thunder Wave|p1a: Abra
|-status|p1a: Abra|par
|
|-damage|p2a: Ferroseed|11\/20 brn|[from] brn
|turn|11
|choice|switch 5|switch 4
|
|switch|p2a: Drilbur|Drilbur, L5, M|23\/23
|-ability|p2a: Drilbur|Mold Breaker
|switch|p1a: Shieldon|Shieldon, L5, M|20\/20
|-damage|p1a: Shieldon|19\/20|[from] Stealth Rock
|
|turn|12
|c|★kalamisafuna|well done
|choice|move icebeam|move earthquake
|
|move|p2a: Drilbur|Earthquake|p1a: Shieldon
|-supereffective|p1a: Shieldon
|-damage|p1a: Shieldon|0 fnt
|faint|p1a: Shieldon
|
|c|★kalamisafuna|nice swap
|c|★jcdpb|it was luck, lol
|c|★kalamisafuna|xD
|choice|switch 4|
|
|switch|p1a: Abra|Abra, L5, M, shiny|23\/23
|-damage|p1a: Abra|21\/23|[from] Stealth Rock
|turn|13
|c|★jcdpb|only dude who had a chance to survive abra
|choice|move darkpulse|move earthquake
|
|move|p2a: Drilbur|Earthquake|p1a: Abra
|replace|p1a: Zorua|Zorua, L5, F, shiny
|-end|p1a: Zorua|Illusion
|-damage|p1a: Zorua|3\/23
|move|p1a: Zorua|Dark Pulse|p2a: Drilbur
|-damage|p2a: Drilbur|4\/23
|-damage|p1a: Zorua|1\/23|[from] item: Life Orb
|-enditem|p2a: Drilbur|Berry Juice
|-heal|p2a: Drilbur|23\/23|[from] item: Berry Juice
|
|turn|14
|c|★kalamisafuna|wtf
|choice|move darkpulse|move earthquake
|
|move|p2a: Drilbur|Earthquake|p1a: Zorua
|-damage|p1a: Zorua|0 fnt
|faint|p1a: Zorua
|
|choice|switch 5|
|
|switch|p1a: Abra|Abra, L5, M, shiny|19\/19 par
|turn|15
|choice|move energyball|move earthquake
|
|move|p2a: Drilbur|Earthquake|p1a: Abra
|-damage|p1a: Abra|0 fnt
|faint|p1a: Abra
|
|choice|switch 3|
|
|switch|p1a: Porygon|Porygon, L5|26\/26
|-damage|p1a: Porygon|23\/26|[from] Stealth Rock
|-ability|p1a: Porygon|Download|boost
|-boost|p1a: Porygon|atk|1
|turn|16
|c|★kalamisafuna|gg
|choice|move triattack|move earthquake
|
|move|p2a: Drilbur|Earthquake|p1a: Porygon
|-damage|p1a: Porygon|13\/26
|move|p1a: Porygon|Tri Attack|p2a: Drilbur
|-crit|p2a: Drilbur
|-damage|p2a: Drilbur|4\/23
|
|turn|17
|choice|move triattack|move earthquake
|
|move|p2a: Drilbur|Earthquake|p1a: Porygon
|-damage|p1a: Porygon|4\/26
|move|p1a: Porygon|Tri Attack|p2a: Drilbur
|-damage|p2a: Drilbur|0 fnt
|faint|p2a: Drilbur
|
|choice||switch 3
|
|switch|p2a: Croagunk|Croagunk, L5, F|23\/23
|turn|18
|choice|move protect|move vacuumwave
|
|move|p1a: Porygon|Protect|p1a: Porygon
|-singleturn|p1a: Porygon|Protect
|move|p2a: Croagunk|Vacuum Wave|p1a: Porygon
|-activate|p1a: Porygon|move: Protect
|
|turn|19
|choice|move thunderbolt|move vacuumwave
|
|move|p2a: Croagunk|Vacuum Wave|p1a: Porygon
|-supereffective|p1a: Porygon
|-damage|p1a: Porygon|0 fnt
|faint|p1a: Porygon
|
|win|jcdpb
|player|p1
|player|p2
|c|★jcdpb|gg
|l|kalamisafuna
||Ladder (probably) updated, but score could not be retrieved (Response not received).</script>
</div>
<div class="battle-log battle-log-inline"><div class="inner"><div class="battle-options"></div><div class="inner"><div class="chat"><small>kalamisafuna joined.</small></div><div class="chat"><small>jcdpb joined.</small></div><div class=""><small>Format:</small> <br><strong>LC</strong></div><div class="rated"><strong>Rated battle</strong></div><div class=""><small><em>Sleep Clause Mod:</em> Limit one foe put to sleep</small></div><div class=""><small><em>Species Clause:</em> Limit one of each Pokémon</small></div><div class=""><small><em>OHKO Clause:</em> OHKO moves are banned</small></div><div class=""><small><em>Moody Clause:</em> Moody is banned</small></div><div class=""><small><em>Evasion Moves Clause:</em> Evasion moves are banned</small></div><div class=""><small><em>Endless Battle Clause:</em> Forcing endless battles is banned</small></div><div class=""><small><em>HP Percentage Mod:</em> HP is shown in percentages</small></div><div class="chat battle-history"><strong>kalamisafuna's team:</strong> <em style="color:#445566;display:block;">Zorua / Porygon / Carvanha / Shieldon / Duskull / Abra</em></div><div class="chat battle-history"><strong>jcdpb's team:</strong> <em style="color:#445566;display:block;">Croagunk / Snivy / Gastly / Drilbur / Ferroseed / Timburr</em></div><div class="spacer battle-history"><br></div><div class="battle-history">Battle started between kalamisafuna and jcdpb!<br></div><div class="spacer battle-history"><br></div><div class="battle-history">Go! <strong>Duskull</strong>!<br></div><div class="spacer battle-history"><br></div><div class="battle-history">jcdpb sent out <strong>Ferroseed</strong>!<br></div><div class="spacer battle-history"><br></div><h2 class="battle-history">Turn 1</h2><div class="spacer battle-history"><br></div><div class="battle-history">The opposing Ferroseed used <strong>Stealth Rock</strong>!<br></div><div class="battle-history"><small>Pointed stones float in the air around your team!</small><br></div><div class="spacer battle-history"><br></div><div class="battle-history">Duskull used <strong>Trick</strong>!<br></div><div class="battle-history"><small>Duskull switched items with its target!</small><br></div><div class="battle-history"><small>The opposing Ferroseed obtained one Choice Band.</small><br></div><div class="battle-history"><small>Duskull obtained one Eviolite.</small><br></div><div class="spacer battle-history"><br></div><h2 class="battle-history">Turn 2</h2><div class="spacer battle-history"><br></div><div class="battle-history">The opposing Ferroseed used <strong>Bullet Seed</strong>!<br></div><div class="battle-history"><small>(Duskull lost <abbr title="−3/18">16.7%</abbr> of its health!)</small><br></div><div class="battle-history"><small>(Duskull lost <abbr title="−3/18">16.7%</abbr> of its health!)</small><br></div><div class="battle-history"><small>Hit 2 times!</small><br></div><div class="spacer battle-history"><br></div><div class="battle-history">Duskull used <strong>Will-O-Wisp</strong>!<br></div><div class="battle-history"><small>The opposing Ferroseed was burned!</small><br></div><div class="spacer battle-history"><br></div><div class="battle-history"><small>The opposing Ferroseed was hurt by its burn!</small><br></div><div class="spacer battle-history"><br></div><h2 class="battle-history">Turn 3</h2><div class="spacer battle-history"><br></div><div class="battle-history">jcdpb withdrew Ferroseed!<br></div><div class="battle-history">jcdpb sent out <strong>Snivy</strong>!<br></div><div class="spacer battle-history"><br></div><div class="battle-history">Duskull used <strong>Shadow Ball</strong>!<br></div><div class="battle-history"><small>(The opposing Snivy lost <abbr title="−6/21">28.6%</abbr> of its health!)</small><br></div><div class="spacer battle-history"><br></div><h2 class="battle-history">Turn 4</h2><div class="spacer battle-history"><br></div><div class="battle-history">The opposing Snivy used <strong>Leaf Storm</strong>!<br></div><div class="battle-history"><small>(Duskull lost <abbr title="−9/18">50%</abbr> of its health!)</small><br></div><div class="battle-history"><small>The opposing Snivy's Special Attack rose sharply!</small><br></div><div class="spacer battle-history"><br></div><div class="battle-history">Duskull used <strong>Will-O-Wisp</strong>!<br></div><div class="battle-history"><small>The opposing Snivy was burned!</small><br></div><div class="spacer battle-history"><br></div><div class="battle-history"><small>The opposing Snivy was hurt by its burn!</small><br></div><div class="spacer battle-history"><br></div><h2 class="battle-history">Turn 5</h2><div class="spacer battle-history"><br></div><div class="battle-history">The opposing Snivy used <strong>Leaf Storm</strong>!<br></div><div class="battle-history"><small>(Duskull lost <abbr title="−3/18">16.7%</abbr> of its health!)</small><br></div><div class="battle-history"><small>The opposing Snivy's Special Attack rose sharply!</small><br></div><div class="spacer battle-history"><br></div><div class="battle-history">Duskull fainted!<br></div><div class="spacer battle-history"><br></div><div class="battle-history"><small>The opposing Snivy was hurt by its burn!</small><br></div><div class="spacer battle-history"><br></div><div class="battle-history">Go! <strong>Carvanha</strong>!<br></div><div class="battle-history"><small>Pointed stones dug into Carvanha!</small><br></div><div class="spacer battle-history"><br></div><h2 class="battle-history">Turn 6</h2><div class="spacer battle-history"><br></div><div class="battle-history">Carvanha used <strong>Protect</strong>!<br></div><div class="battle-history"><small>Carvanha protected itself!</small><br></div><div class="spacer battle-history"><br></div><div class="battle-history">The opposing Snivy used <strong>Leaf Storm</strong>!<br></div><div class="battle-history"><small>Carvanha protected itself!</small><br></div><div class="spacer battle-history"><br></div><div class="battle-history"><small>The opposing Snivy was hurt by its burn!</small><br></div><div class="battle-history"><small>[Carvanha's Speed Boost]</small><br></div><div class="battle-history"><small>Carvanha's Speed rose!</small><br></div><div class="spacer battle-history"><br></div><h2 class="battle-history">Turn 7</h2><div class="spacer battle-history"><br></div><div class="battle-history">Carvanha used <strong>Ice Fang</strong>!<br></div><div class="battle-history"><small>It's super effective!</small><br></div><div class="battle-history"><small>(The opposing Snivy lost <abbr title="−9/21">42.9%</abbr> of its health!)</small><br></div><div class="spacer battle-history"><br></div><div class="battle-history">The opposing Snivy fainted!<br></div><div class="spacer battle-history"><br></div><div class="battle-history"><small>[Carvanha's Speed Boost]</small><br></div><div class="battle-history"><small>Carvanha's Speed rose!</small><br></div><div class="spacer battle-history"><br></div><div class="battle-history">jcdpb sent out <strong>Croagunk</strong>!<br></div><div class="spacer battle-history"><br></div><h2 class="battle-history">Turn 8</h2><div class="spacer battle-history"><br></div><div class="battle-history">Carvanha used <strong>Waterfall</strong>!<br></div><div class="battle-history"><small>[The opposing Croagunk's Dry Skin]</small><br><small>It doesn't affect the opposing Croagunk...</small><br></div><div class="spacer battle-history"><br></div><div class="battle-history">The opposing Croagunk used <strong>Drain Punch</strong>!<br></div><div class="battle-history"><small>It's super effective!</small><br></div><div class="battle-history"><small>(Carvanha lost <abbr title="−19/21">90.5%</abbr> of its health!)</small><br></div><div class="spacer battle-history"><br></div><div class="battle-history">Carvanha fainted!<br></div><div class="spacer battle-history"><br></div><div class="battle-history">Go! <strong>Abra</strong>!<br></div><div class="spacer battle-history"><br></div><h2 class="battle-history">Turn 9</h2><div class="spacer battle-history"><br></div><div class="battle-history">jcdpb withdrew Croagunk!<br></div><div class="battle-history">jcdpb sent out <strong>Gastly</strong>!<br></div><div class="spacer battle-history"><br></div><div class="battle-history">Abra used <strong>Psyshock</strong>!<br></div><div class="battle-history"><small>It's super effective!</small><br></div><div class="battle-history"><small>(The opposing Gastly lost <abbr title="−19/19">100%</abbr> of its health!)</small><br></div><div class="spacer battle-history"><br></div><div class="battle-history">The opposing Gastly fainted!<br></div><div class="spacer battle-history"><br></div><div class="battle-history">jcdpb sent out <strong>Ferroseed</strong>!<br></div><div class="spacer battle-history"><br></div><h2 class="battle-history">Turn 10</h2><div class="spacer battle-history"><br></div><div class="battle-history">Abra used <strong>Psyshock</strong>!<br></div><div class="battle-history"><small>It's not very effective...</small><br></div><div class="battle-history"><small>(The opposing Ferroseed lost <abbr title="−5/20">25%</abbr> of its health!)</small><br></div><div class="spacer battle-history"><br></div><div class="battle-history">The opposing Ferroseed used <strong>Thunder Wave</strong>!<br></div><div class="battle-history"><small>Abra is paralyzed! It may be unable to move!</small><br></div><div class="spacer battle-history"><br></div><div class="battle-history"><small>The opposing Ferroseed was hurt by its burn!</small><br></div><div class="spacer battle-history"><br></div><h2 class="battle-history">Turn 11</h2><div class="spacer battle-history"><br></div><div class="battle-history">jcdpb withdrew Ferroseed!<br></div><div class="battle-history">jcdpb sent out <strong>Drilbur</strong>!<br></div><div class="battle-history"><small>[The opposing Drilbur's Mold Breaker]</small><br><small>The opposing Drilbur breaks the mold!</small><br></div><div class="spacer battle-history"><br></div><div class="battle-history">Abra, come back!<br></div><div class="battle-history">Go! <strong>Shieldon</strong>!<br></div><div class="battle-history"><small>Pointed stones dug into Shieldon!</small><br></div><div class="spacer battle-history"><br></div><h2 class="battle-history">Turn 12</h2><div class="chat chatmessage-kalamisafuna"><strong style="color:hsl(12,57%,47.94004778684138%)"><small>★</small><span class="username" data-name="kalamisafuna">kalamisafuna</span>:</strong> <em>well done</em></div><div class="spacer battle-history"><br></div><div class="battle-history">The opposing Drilbur used <strong>Earthquake</strong>!<br></div><div class="battle-history"><small>It's super effective!</small><br></div><div class="battle-history"><small>(Shieldon lost <abbr title="−19/20">95%</abbr> of its health!)</small><br></div><div class="spacer battle-history"><br></div><div class="battle-history">Shieldon fainted!<br></div><div class="chat chatmessage-kalamisafuna"><strong style="color:hsl(12,57%,47.94004778684138%)"><small>★</small><span class="username" data-name="kalamisafuna">kalamisafuna</span>:</strong> <em>nice swap</em></div><div class="chat chatmessage-jcdpb"><strong style="color:hsl(116,48%,44.460688213883614%)"><small>★</small><span class="username" data-name="jcdpb">jcdpb</span>:</strong> <em>it was luck, lol</em></div><div class="chat chatmessage-kalamisafuna"><strong style="color:hsl(12,57%,47.94004778684138%)"><small>★</small><span class="username" data-name="kalamisafuna">kalamisafuna</span>:</strong> <em>xD</em></div><div class="spacer battle-history"><br></div><div class="battle-history">Go! <strong>Abra</strong>!<br></div><div class="battle-history"><small>Pointed stones dug into Abra!</small><br></div><div class="spacer battle-history"><br></div><h2 class="battle-history">Turn 13</h2><div class="chat chatmessage-jcdpb"><strong style="color:hsl(116,48%,44.460688213883614%)"><small>★</small><span class="username" data-name="jcdpb">jcdpb</span>:</strong> <em>only dude who had a chance to survive abra</em></div><div class="spacer battle-history"><br></div><div class="battle-history">The opposing Drilbur used <strong>Earthquake</strong>!<br></div><div class="battle-history"><small>Zorua's illusion wore off!</small><br></div><div class="battle-history"><small>(Zorua lost <abbr title="−18/23">78.3%</abbr> of its health!)</small><br></div><div class="spacer battle-history"><br></div><div class="battle-history">Zorua used <strong>Dark Pulse</strong>!<br></div><div class="battle-history"><small>(The opposing Drilbur lost <abbr title="−19/23">82.6%</abbr> of its health!)</small><br></div><div class="battle-history"><small>Zorua lost some of its HP!</small><br></div><div class="battle-history"><small>(The opposing Drilbur used its Berry Juice!)</small><br></div><div class="battle-history"><small>The opposing Drilbur restored HP using its Berry Juice!</small><br></div><div class="spacer battle-history"><br></div><h2 class="battle-history">Turn 14</h2><div class="chat chatmessage-kalamisafuna"><strong style="color:hsl(12,57%,47.94004778684138%)"><small>★</small><span class="username" data-name="kalamisafuna">kalamisafuna</span>:</strong> <em>wtf</em></div><div class="spacer battle-history"><br></div><div class="battle-history">The opposing Drilbur used <strong>Earthquake</strong>!<br></div><div class="battle-history"><small>(Zorua lost <abbr title="−1/23">4.3%</abbr> of its health!)</small><br></div><div class="spacer battle-history"><br></div><div class="battle-history">Zorua fainted!<br></div><div class="spacer battle-history"><br></div><div class="battle-history">Go! <strong>Abra</strong>!<br></div><div class="spacer battle-history"><br></div><h2 class="battle-history">Turn 15</h2><div class="spacer battle-history"><br></div><div class="battle-history">The opposing Drilbur used <strong>Earthquake</strong>!<br></div><div class="battle-history"><small>(Abra lost <abbr title="−19/19">100%</abbr> of its health!)</small><br></div><div class="spacer battle-history"><br></div><div class="battle-history">Abra fainted!<br></div><div class="spacer battle-history"><br></div><div class="battle-history">Go! <strong>Porygon</strong>!<br></div><div class="battle-history"><small>Pointed stones dug into Porygon!</small><br></div><div class="battle-history"><small>[Porygon's Download]</small><br></div><div class="battle-history"><small>Porygon's Attack rose!</small><br></div><div class="spacer battle-history"><br></div><h2 class="battle-history">Turn 16</h2><div class="chat chatmessage-kalamisafuna"><strong style="color:hsl(12,57%,47.94004778684138%)"><small>★</small><span class="username" data-name="kalamisafuna">kalamisafuna</span>:</strong> <em>gg</em></div><div class="spacer battle-history"><br></div><div class="battle-history">The opposing Drilbur used <strong>Earthquake</strong>!<br></div><div class="battle-history"><small>(Porygon lost <abbr title="−10/26">38.5%</abbr> of its health!)</small><br></div><div class="spacer battle-history"><br></div><div class="battle-history">Porygon used <strong>Tri Attack</strong>!<br></div><div class="battle-history"><small>A critical hit!</small><br></div><div class="battle-history"><small>(The opposing Drilbur lost <abbr title="−19/23">82.6%</abbr> of its health!)</small><br></div><div class="spacer battle-history"><br></div><h2 class="battle-history">Turn 17</h2><div class="spacer battle-history"><br></div><div class="battle-history">The opposing Drilbur used <strong>Earthquake</strong>!<br></div><div class="battle-history"><small>(Porygon lost <abbr title="−9/26">34.6%</abbr> of its health!)</small><br></div><div class="spacer battle-history"><br></div><div class="battle-history">Porygon used <strong>Tri Attack</strong>!<br></div><div class="battle-history"><small>(The opposing Drilbur lost <abbr title="−4/23">17.4%</abbr> of its health!)</small><br></div><div class="spacer battle-history"><br></div><div class="battle-history">The opposing Drilbur fainted!<br></div><div class="spacer battle-history"><br></div><div class="battle-history">jcdpb sent out <strong>Croagunk</strong>!<br></div><div class="spacer battle-history"><br></div><h2 class="battle-history">Turn 18</h2><div class="spacer battle-history"><br></div><div class="battle-history">Porygon used <strong>Protect</strong>!<br></div><div class="battle-history"><small>Porygon protected itself!</small><br></div><div class="spacer battle-history"><br></div><div class="battle-history">The opposing Croagunk used <strong>Vacuum Wave</strong>!<br></div><div class="battle-history"><small>Porygon protected itself!</small><br></div><div class="spacer battle-history"><br></div><h2 class="battle-history">Turn 19</h2><div class="spacer battle-history"><br></div><div class="battle-history">The opposing Croagunk used <strong>Vacuum Wave</strong>!<br></div><div class="battle-history"><small>It's super effective!</small><br></div><div class="battle-history"><small>(Porygon lost <abbr title="−4/26">15.4%</abbr> of its health!)</small><br></div><div class="spacer battle-history"><br></div><div class="battle-history">Porygon fainted!<br></div><div class="spacer battle-history"><br></div><div class="battle-history"><strong>jcdpb</strong> won the battle!<br></div><div class="chat chatmessage-jcdpb"><strong style="color:hsl(116,48%,44.460688213883614%)"><small>★</small><span class="username" data-name="jcdpb">jcdpb</span>:</strong> <em>gg</em></div><div class="chat"><small>kalamisafuna left.</small></div><div class="chat">Ladder (probably) updated, but score could not be retrieved (Response not received).</div></div><div class="inner-preempt"></div></div></div>
</div>
<script>
let daily = Math.floor(Date.now()/1000/60/60/24);document.write('<script src="https://play.pokemonshowdown.com/js/replay-embed.js?version'+daily+'"></'+'script>');
</script>
