<!DOCTYPE html>
<meta charset="utf-8" />
<!-- version 1 -->
<title>LC replay: Skippystl vs. Chiraq_lord</title>
<style>
html,body {font-family:Verdana, sans-serif;font-size:10pt;margin:0;padding:0;}body{padding:12px 0;} .battle-log {font-family:Verdana, sans-serif;font-size:10pt;} .battle-log-inline {border:1px solid #AAAAAA;background:#EEF2F5;color:black;max-width:640px;margin:0 auto 80px;padding-bottom:5px;} .battle-log .inner {padding:4px 8px 0px 8px;} .battle-log .inner-preempt {padding:0 8px 4px 8px;} .battle-log .inner-after {margin-top:0.5em;} .battle-log h2 {margin:0.5em -8px;padding:4px 8px;border:1px solid #AAAAAA;background:#E0E7EA;border-left:0;border-right:0;font-family:Verdana, sans-serif;font-size:13pt;} .battle-log .chat {vertical-align:middle;padding:3px 0 3px 0;font-size:8pt;} .battle-log .chat strong {color:#40576A;} .battle-log .chat em {padding:1px 4px 1px 3px;color:#000000;font-style:normal;} .chat.mine {background:rgba(0,0,0,0.05);margin-left:-8px;margin-right:-8px;padding-left:8px;padding-right:8px;} .spoiler {color:#BBBBBB;background:#BBBBBB;padding:0px 3px;} .spoiler:hover, .spoiler:active, .spoiler-shown {color:#000000;background:#E2E2E2;padding:0px 3px;} .spoiler a {color:#BBBBBB;} .spoiler:hover a, .spoiler:active a, .spoiler-shown a {color:#2288CC;} .chat code, .chat .spoiler:hover code, .chat .spoiler:active code, .chat .spoiler-shown code {border:1px solid #C0C0C0;background:#EEEEEE;color:black;padding:0 2px;} .chat .spoiler code {border:1px solid #CCCCCC;background:#CCCCCC;color:#CCCCCC;} .battle-log .rated {padding:3px 4px;} .battle-log .rated strong {color:white;background:#89A;padding:1px 4px;border-radius:4px;} .spacer {margin-top:0.5em;} .message-announce {background:#6688AA;color:white;padding:1px 4px 2px;} .message-announce a, .broadcast-green a, .broadcast-blue a, .broadcast-red a {color:#DDEEFF;} .broadcast-green {background-color:#559955;color:white;padding:2px 4px;} .broadcast-blue {background-color:#6688AA;color:white;padding:2px 4px;} .infobox {border:1px solid #6688AA;padding:2px 4px;} .infobox-limited {max-height:200px;overflow:auto;overflow-x:hidden;} .broadcast-red {background-color:#AA5544;color:white;padding:2px 4px;} .message-learn-canlearn {font-weight:bold;color:#228822;text-decoration:underline;} .message-learn-cannotlearn {font-weight:bold;color:#CC2222;text-decoration:underline;} .message-effect-weak {font-weight:bold;color:#CC2222;} .message-effect-resist {font-weight:bold;color:#6688AA;} .message-effect-immune {font-weight:bold;color:#666666;} .message-learn-list {margin-top:0;margin-bottom:0;} .message-throttle-notice, .message-error {color:#992222;} .message-overflow, .chat small.message-overflow {font-size:0pt;} .message-overflow::before {font-size:9pt;content:'...';} .subtle {color:#3A4A66;}
</style>
<div class="wrapper replay-wrapper" style="max-width:1180px;margin:0 auto">
<input type="hidden" name="replayid" value="lc-484791581" />
<div class="battle"></div><div class="battle-log"></div><div class="replay-controls"></div><div class="replay-controls-2"></div>
<h1 style="font-weight:normal;text-align:center"><strong>LC</strong><br /><a href="http://pokemonshowdown.com/users/skippystl" class="subtle" target="_blank">Skippystl</a> vs. <a href="http://pokemonshowdown.com/users/chiraqlord" class="subtle" target="_blank">Chiraq_lord</a></h1>
<script type="text/plain" class="battle-log-data">|j|Skippystl
|j|Chiraq_lord
|player|p1|Skippystl|129
|player|p2|Chiraq_lord|70
|gametype|singles
|gen|6
|tier|LC
|rated
|seed|24852,53793,32826,37982
|clearpoke
|poke|p1|Ponyta, L5, M|item
|poke|p1|Magnemite, L5|item
|poke|p1|Timburr, L5, M|item
|poke|p1|Gothita, L5, F|item
|poke|p1|Lickitung, L5, F|item
|poke|p1|Staryu, L5|item
|poke|p2|Shellder, L5, F, shiny|item
|poke|p2|Phantump, L5, M, shiny|item
|poke|p2|Bunnelby, L5, F, shiny|item
|poke|p2|Machop, L5, F, shiny|item
|poke|p2|Scraggy, L5, M, shiny|item
|poke|p2|Gastly, L5, M, shiny|item
|rule|Sleep Clause Mod: Limit one foe put to sleep
|rule|Species Clause: Limit one of each Pokémon
|rule|OHKO Clause: OHKO moves are banned
|rule|Moody Clause: Moody is banned
|rule|Evasion Moves Clause: Evasion moves are banned
|rule|Endless Battle Clause: Forcing endless battles is banned
|rule|HP Percentage Mod: HP is shown in percentages
|teampreview
|choice|team 6, team 2, team 3, team 4, team 5, team 1|team 4, team 2, team 3, team 1, team 5, team 6
|
|start
|switch|p1a: Staryu|Staryu, L5|21\/21
|switch|p2a: Machop|Machop, L5, F, shiny|23\/23
|turn|1
|choice|move psychic|move dynamicpunch
|
|move|p2a: Machop|Dynamic Punch|p1a: Staryu
|-damage|p1a: Staryu|11\/21
|-start|p1a: Staryu|confusion
|-activate|p1a: Staryu|confusion
|move|p1a: Staryu|Psychic|p2a: Machop
|-supereffective|p2a: Machop
|-damage|p2a: Machop|5\/23
|
|turn|2
|choice|switch 3|move dynamicpunch
|
|switch|p1a: Timburr|Timburr, L5, M|24\/24
|move|p2a: Machop|Dynamic Punch|p1a: Timburr
|-damage|p1a: Timburr|14\/24
|-start|p1a: Timburr|confusion
|
|turn|3
|choice|move machpunch|move dynamicpunch
|
|-activate|p1a: Timburr|confusion
|-damage|p1a: Timburr|11\/24|[from] confusion
|move|p2a: Machop|Dynamic Punch|p1a: Timburr
|-damage|p1a: Timburr|1\/24
|
|turn|4
|choice|move machpunch|move dynamicpunch
|
|-activate|p1a: Timburr|confusion
|move|p1a: Timburr|Mach Punch|p2a: Machop
|-damage|p2a: Machop|0 fnt
|faint|p2a: Machop
|
|choice||switch 6
|
|switch|p2a: Gastly|Gastly, L5, M, shiny|19\/19
|turn|5
|choice|move knockoff|move dazzlinggleam
|
|move|p2a: Gastly|Dazzling Gleam|p1a: Timburr
|-supereffective|p1a: Timburr
|-damage|p1a: Timburr|0 fnt
|faint|p1a: Timburr
|
|choice|switch 5|
|
|switch|p1a: Lickitung|Lickitung, L5, F|28\/28
|turn|6
|choice|move knockoff|move sludgebomb
|
|move|p2a: Gastly|Sludge Bomb|p1a: Lickitung
|-damage|p1a: Lickitung|19\/28
|move|p1a: Lickitung|Knock Off|p2a: Gastly
|-supereffective|p2a: Gastly
|-damage|p2a: Gastly|0 fnt
|-enditem|p2a: Gastly|Berry Juice|[from] move: Knock Off|[of] p1a: Lickitung
|faint|p2a: Gastly
|
|choice||switch 5
|
|switch|p2a: Scraggy|Scraggy, L5, M, shiny|21\/21
|turn|7
|choice|move knockoff|move drainpunch
|
|move|p2a: Scraggy|Drain Punch|p1a: Lickitung
|-supereffective|p1a: Lickitung
|-damage|p1a: Lickitung|5\/28
|move|p1a: Lickitung|Knock Off|p2a: Scraggy
|-resisted|p2a: Scraggy
|-damage|p2a: Scraggy|20\/21
|-enditem|p2a: Scraggy|Berry Juice|[from] move: Knock Off|[of] p1a: Lickitung
|
|turn|8
|choice|switch 4|move dragondance
|
|switch|p1a: Gothita|Gothita, L5, F|24\/24
|move|p2a: Scraggy|Dragon Dance|p2a: Scraggy
|-boost|p2a: Scraggy|atk|1
|-boost|p2a: Scraggy|spe|1
|
|turn|9
|choice|move psyshock|move crunch
|
|move|p2a: Scraggy|Crunch|p1a: Gothita
|-supereffective|p1a: Gothita
|-damage|p1a: Gothita|0 fnt
|faint|p1a: Gothita
|-ability|p2a: Scraggy|Moxie|boost
|-boost|p2a: Scraggy|atk|1
|
|choice|switch 2|
|
|switch|p1a: Magnemite|Magnemite, L5|19\/19
|turn|10
|choice|move flashcannon|move drainpunch
|
|move|p2a: Scraggy|Drain Punch|p1a: Magnemite
|-supereffective|p1a: Magnemite
|-ability|p1a: Magnemite|Sturdy
|-damage|p1a: Magnemite|1\/19
|-heal|p2a: Scraggy|21\/21|[from] drain|[of] p1a: Magnemite
|-enditem|p1a: Magnemite|Berry Juice
|-heal|p1a: Magnemite|19\/19|[from] item: Berry Juice
|move|p1a: Magnemite|Flash Cannon|p2a: Scraggy
|-damage|p2a: Scraggy|8\/21
|-unboost|p2a: Scraggy|spd|1
|
|turn|11
|choice|move recycle|move drainpunch
|
|move|p2a: Scraggy|Drain Punch|p1a: Magnemite
|-supereffective|p1a: Magnemite
|-ability|p1a: Magnemite|Sturdy
|-damage|p1a: Magnemite|1\/19
|-heal|p2a: Scraggy|17\/21|[from] drain|[of] p1a: Magnemite
|move|p1a: Magnemite|Recycle|p1a: Magnemite
|-item|p1a: Magnemite|Berry Juice|[from] move: Recycle
|-enditem|p1a: Magnemite|Berry Juice
|-heal|p1a: Magnemite|19\/19|[from] item: Berry Juice
|
|turn|12
|choice|move flashcannon|move drainpunch
|
|move|p2a: Scraggy|Drain Punch|p1a: Magnemite
|-supereffective|p1a: Magnemite
|-ability|p1a: Magnemite|Sturdy
|-damage|p1a: Magnemite|1\/19
|-heal|p2a: Scraggy|21\/21|[from] drain|[of] p1a: Magnemite
|move|p1a: Magnemite|Flash Cannon|p2a: Scraggy
|-crit|p2a: Scraggy
|-damage|p2a: Scraggy|0 fnt
|faint|p2a: Scraggy
|
|c|★Chiraq_lord|what is this?!!?
|c|★Skippystl|the magnemite cheese my boy
|c|★Chiraq_lord|that was genualy awesome
|choice||switch 3
|
|switch|p2a: Bunnelby|Bunnelby, L5, F, shiny|20\/20
|turn|13
|choice|move voltswitch|move quickattack
|
|move|p2a: Bunnelby|Quick Attack|p1a: Magnemite
|-resisted|p1a: Magnemite
|-damage|p1a: Magnemite|0 fnt
|faint|p1a: Magnemite
|
|choice|switch 6|
|
|switch|p1a: Ponyta|Ponyta, L5, M|21\/21
|turn|14
|choice|move willowisp|move earthquake
|
|move|p1a: Ponyta|Will-O-Wisp|p2a: Bunnelby
|-status|p2a: Bunnelby|brn
|move|p2a: Bunnelby|Earthquake|p1a: Ponyta
|-supereffective|p1a: Ponyta
|-damage|p1a: Ponyta|10\/21
|
|-damage|p2a: Bunnelby|18\/20 brn|[from] brn
|turn|15
|choice|move morningsun|move earthquake
|
|move|p1a: Ponyta|Morning Sun|p1a: Ponyta
|-heal|p1a: Ponyta|20\/21
|move|p2a: Bunnelby|Earthquake|p1a: Ponyta
|-supereffective|p1a: Ponyta
|-damage|p1a: Ponyta|9\/21
|
|-damage|p2a: Bunnelby|16\/20 brn|[from] brn
|turn|16
|choice|move morningsun|move bulkup
|
|move|p1a: Ponyta|Morning Sun|p1a: Ponyta
|-heal|p1a: Ponyta|19\/21
|move|p2a: Bunnelby|Bulk Up|p2a: Bunnelby
|-boost|p2a: Bunnelby|atk|1
|-boost|p2a: Bunnelby|def|1
|
|-damage|p2a: Bunnelby|14\/20 brn|[from] brn
|turn|17
|choice|move flareblitz|move bulkup
|
|move|p1a: Ponyta|Flare Blitz|p2a: Bunnelby
|-damage|p2a: Bunnelby|0 fnt
|-damage|p1a: Ponyta|14\/21|[from] recoil|[of] p2a: Bunnelby
|faint|p2a: Bunnelby
|
|choice||switch 4
|
|switch|p2a: Shellder|Shellder, L5, F, shiny|19\/19
|turn|18
|choice|move wildcharge|move shellsmash
|
|move|p1a: Ponyta|Wild Charge|p2a: Shellder
|-supereffective|p2a: Shellder
|-damage|p2a: Shellder|3\/19
|-damage|p1a: Ponyta|10\/21|[from] recoil|[of] p2a: Shellder
|move|p2a: Shellder|Shell Smash|p2a: Shellder
|-unboost|p2a: Shellder|def|1
|-unboost|p2a: Shellder|spd|1
|-boost|p2a: Shellder|atk|2
|-boost|p2a: Shellder|spa|2
|-boost|p2a: Shellder|spe|2
|-enditem|p2a: Shellder|White Herb
|-clearnegativeboost|p2a: Shellder|[silent]
|
|turn|19
|choice|switch 3|move surf
|
|switch|p1a: Staryu|Staryu, L5|11\/21
|move|p2a: Shellder|Surf|p1a: Staryu
|-resisted|p1a: Staryu
|-damage|p1a: Staryu|5\/21
|
|turn|20
|choice|move psychic|move iciclespear
|
|move|p2a: Shellder|Icicle Spear|p1a: Staryu
|-resisted|p1a: Staryu
|-damage|p1a: Staryu|3\/21
|-resisted|p1a: Staryu
|-damage|p1a: Staryu|1\/21
|-resisted|p1a: Staryu
|-damage|p1a: Staryu|0 fnt
|-hitcount|p1a: Staryu|3
|faint|p1a: Staryu
|
|choice|switch 4|
|
|switch|p1a: Lickitung|Lickitung, L5, F|5\/28
|turn|21
|c|★Chiraq_lord|that magnemite strat was really good
|choice|move protect|move surf
|
|move|p1a: Lickitung|Protect|p1a: Lickitung
|-singleturn|p1a: Lickitung|Protect
|move|p2a: Shellder|Surf|p1a: Lickitung
|-activate|p1a: Lickitung|move: Protect
|
|turn|22
|c|★Skippystl|thanks lol
|choice|move wish|move surf
|
|move|p2a: Shellder|Surf|p1a: Lickitung
|-damage|p1a: Lickitung|0 fnt
|faint|p1a: Lickitung
|
|choice|switch 3|
|
|switch|p1a: Ponyta|Ponyta, L5, M|10\/21
|turn|23
|c|★Chiraq_lord|what did you run on it?
|c|★Chiraq_lord|what moves?
|choice|move wildcharge|move iciclespear
|
|move|p2a: Shellder|Icicle Spear|p1a: Ponyta
|-resisted|p1a: Ponyta
|-crit|p1a: Ponyta
|-damage|p1a: Ponyta|7\/21
|-resisted|p1a: Ponyta
|-damage|p1a: Ponyta|5\/21
|-resisted|p1a: Ponyta
|-damage|p1a: Ponyta|3\/21
|-resisted|p1a: Ponyta
|-damage|p1a: Ponyta|1\/21
|-resisted|p1a: Ponyta
|-damage|p1a: Ponyta|0 fnt
|-hitcount|p1a: Ponyta|5
|faint|p1a: Ponyta
|
|win|Chiraq_lord
|player|p1
|player|p2
|c|★Skippystl|it has recycle
|c|★Skippystl|uh
|raw|Skippystl's rating: 1123 &rarr; <strong>1099<\/strong><br \/>(-24 for losing)
|raw|Chiraq_lord's rating: 1135 &rarr; <strong>1159<\/strong><br \/>(+24 for winning)
|c|★Skippystl|the steel cannon one
|c|★Skippystl|idk what its called
|c|★Chiraq_lord|flash cannon?
|c|★Skippystl|volt switch
|c|★Skippystl|yeah that one
|c|★Skippystl|and endure
|c|★Chiraq_lord|nice
|c|★Skippystl|and berry juice
|c|★Skippystl|lol
|c|★Skippystl|gg though
|c|★Chiraq_lord|gg
|l|Chiraq_lord</script>
</div>
<div class="battle-log battle-log-inline"><div class="inner"><div class="battle-options"></div><div class="inner"><div class="chat"><small>Skippystl joined.</small></div><div class="chat"><small>Chiraq_lord joined.</small></div><div class=""><small>Format:</small> <br><strong>LC</strong></div><div class="rated"><strong>Rated battle</strong></div><div class=""><small><em>Sleep Clause Mod:</em> Limit one foe put to sleep</small></div><div class=""><small><em>Species Clause:</em> Limit one of each Pokémon</small></div><div class=""><small><em>OHKO Clause:</em> OHKO moves are banned</small></div><div class=""><small><em>Moody Clause:</em> Moody is banned</small></div><div class=""><small><em>Evasion Moves Clause:</em> Evasion moves are banned</small></div><div class=""><small><em>Endless Battle Clause:</em> Forcing endless battles is banned</small></div><div class=""><small><em>HP Percentage Mod:</em> HP is shown in percentages</small></div><div class="chat battle-history"><strong>Skippystl's team:</strong> <em style="color:#445566;display:block;">Ponyta / Magnemite / Timburr / Gothita / Lickitung / Staryu</em></div><div class="chat battle-history"><strong>Chiraq_lord's team:</strong> <em style="color:#445566;display:block;">Shellder / Phantump / Bunnelby / Machop / Scraggy / Gastly</em></div><div class="spacer battle-history"><br></div><div class="battle-history">Battle started between Skippystl and Chiraq_lord!<br></div><div class="spacer battle-history"><br></div><div class="battle-history">Go! <strong>Staryu</strong>!<br></div><div class="spacer battle-history"><br></div><div class="battle-history">Chiraq_lord sent out <strong>Machop</strong>!<br></div><div class="spacer battle-history"><br></div><h2 class="battle-history">Turn 1</h2><div class="spacer battle-history"><br></div><div class="battle-history">The opposing Machop used <strong>Dynamic Punch</strong>!<br></div><div class="battle-history"><small>(Staryu lost <abbr title="−10/21">47.6%</abbr> of its health!)</small><br></div><div class="battle-history"><small>Staryu became confused!</small><br></div><div class="spacer battle-history"><br></div><div class="battle-history"><small>Staryu is confused!</small><br></div><div class="battle-history">Staryu used <strong>Psychic</strong>!<br></div><div class="battle-history"><small>It's super effective!</small><br></div><div class="battle-history"><small>(The opposing Machop lost <abbr title="−18/23">78.3%</abbr> of its health!)</small><br></div><div class="spacer battle-history"><br></div><h2 class="battle-history">Turn 2</h2><div class="spacer battle-history"><br></div><div class="battle-history">Staryu, come back!<br></div><div class="battle-history">Go! <strong>Timburr</strong>!<br></div><div class="spacer battle-history"><br></div><div class="battle-history">The opposing Machop used <strong>Dynamic Punch</strong>!<br></div><div class="battle-history"><small>(Timburr lost <abbr title="−10/24">41.7%</abbr> of its health!)</small><br></div><div class="battle-history"><small>Timburr became confused!</small><br></div><div class="spacer battle-history"><br></div><h2 class="battle-history">Turn 3</h2><div class="spacer battle-history"><br></div><div class="battle-history"><small>Timburr is confused!</small><br></div><div class="battle-history">It hurt itself in its confusion!<br></div><div class="spacer battle-history"><br></div><div class="battle-history">The opposing Machop used <strong>Dynamic Punch</strong>!<br></div><div class="battle-history"><small>(Timburr lost <abbr title="−10/24">41.7%</abbr> of its health!)</small><br></div><div class="spacer battle-history"><br></div><h2 class="battle-history">Turn 4</h2><div class="spacer battle-history"><br></div><div class="battle-history"><small>Timburr is confused!</small><br></div><div class="battle-history">Timburr used <strong>Mach Punch</strong>!<br></div><div class="battle-history"><small>(The opposing Machop lost <abbr title="−5/23">21.7%</abbr> of its health!)</small><br></div><div class="spacer battle-history"><br></div><div class="battle-history">The opposing Machop fainted!<br></div><div class="spacer battle-history"><br></div><div class="battle-history">Chiraq_lord sent out <strong>Gastly</strong>!<br></div><div class="spacer battle-history"><br></div><h2 class="battle-history">Turn 5</h2><div class="spacer battle-history"><br></div><div class="battle-history">The opposing Gastly used <strong>Dazzling Gleam</strong>!<br></div><div class="battle-history"><small>It's super effective!</small><br></div><div class="battle-history"><small>(Timburr lost <abbr title="−1/24">4.2%</abbr> of its health!)</small><br></div><div class="spacer battle-history"><br></div><div class="battle-history">Timburr fainted!<br></div><div class="spacer battle-history"><br></div><div class="battle-history">Go! <strong>Lickitung</strong>!<br></div><div class="spacer battle-history"><br></div><h2 class="battle-history">Turn 6</h2><div class="spacer battle-history"><br></div><div class="battle-history">The opposing Gastly used <strong>Sludge Bomb</strong>!<br></div><div class="battle-history"><small>(Lickitung lost <abbr title="−9/28">32.1%</abbr> of its health!)</small><br></div><div class="spacer battle-history"><br></div><div class="battle-history">Lickitung used <strong>Knock Off</strong>!<br></div><div class="battle-history"><small>It's super effective!</small><br></div><div class="battle-history"><small>(The opposing Gastly lost <abbr title="−19/19">100%</abbr> of its health!)</small><br></div><div class="battle-history"><small>Lickitung knocked off the opposing Gastly's Berry Juice!</small><br></div><div class="spacer battle-history"><br></div><div class="battle-history">The opposing Gastly fainted!<br></div><div class="spacer battle-history"><br></div><div class="battle-history">Chiraq_lord sent out <strong>Scraggy</strong>!<br></div><div class="spacer battle-history"><br></div><h2 class="battle-history">Turn 7</h2><div class="spacer battle-history"><br></div><div class="battle-history">The opposing Scraggy used <strong>Drain Punch</strong>!<br></div><div class="battle-history"><small>It's super effective!</small><br></div><div class="battle-history"><small>(Lickitung lost <abbr title="−14/28">50%</abbr> of its health!)</small><br></div><div class="spacer battle-history"><br></div><div class="battle-history">Lickitung used <strong>Knock Off</strong>!<br></div><div class="battle-history"><small>It's not very effective...</small><br></div><div class="battle-history"><small>(The opposing Scraggy lost <abbr title="−1/21">4.8%</abbr> of its health!)</small><br></div><div class="battle-history"><small>Lickitung knocked off the opposing Scraggy's Berry Juice!</small><br></div><div class="spacer battle-history"><br></div><h2 class="battle-history">Turn 8</h2><div class="spacer battle-history"><br></div><div class="battle-history">Lickitung, come back!<br></div><div class="battle-history">Go! <strong>Gothita</strong>!<br></div><div class="spacer battle-history"><br></div><div class="battle-history">The opposing Scraggy used <strong>Dragon Dance</strong>!<br></div><div class="battle-history"><small>The opposing Scraggy's Attack rose!</small><br></div><div class="battle-history"><small>The opposing Scraggy's Speed rose!</small><br></div><div class="spacer battle-history"><br></div><h2 class="battle-history">Turn 9</h2><div class="spacer battle-history"><br></div><div class="battle-history">The opposing Scraggy used <strong>Crunch</strong>!<br></div><div class="battle-history"><small>It's super effective!</small><br></div><div class="battle-history"><small>(Gothita lost <abbr title="−24/24">100%</abbr> of its health!)</small><br></div><div class="spacer battle-history"><br></div><div class="battle-history">Gothita fainted!<br></div><div class="battle-history"><small>[The opposing Scraggy's Moxie]</small><br></div><div class="battle-history"><small>The opposing Scraggy's Attack rose!</small><br></div><div class="spacer battle-history"><br></div><div class="battle-history">Go! <strong>Magnemite</strong>!<br></div><div class="spacer battle-history"><br></div><h2 class="battle-history">Turn 10</h2><div class="spacer battle-history"><br></div><div class="battle-history">The opposing Scraggy used <strong>Drain Punch</strong>!<br></div><div class="battle-history"><small>It's super effective!</small><br></div><div class="battle-history"><small>[Magnemite's Sturdy]</small><br><small>Magnemite endured the hit!</small><br></div><div class="battle-history"><small>(Magnemite lost <abbr title="−18/19">94.7%</abbr> of its health!)</small><br></div><div class="battle-history"><small>Magnemite had its energy drained!</small><br></div><div class="battle-history"><small>(Magnemite used its Berry Juice!)</small><br></div><div class="battle-history"><small>Magnemite restored HP using its Berry Juice!</small><br></div><div class="spacer battle-history"><br></div><div class="battle-history">Magnemite used <strong>Flash Cannon</strong>!<br></div><div class="battle-history"><small>(The opposing Scraggy lost <abbr title="−13/21">61.9%</abbr> of its health!)</small><br></div><div class="battle-history"><small>The opposing Scraggy's Special Defense fell!</small><br></div><div class="spacer battle-history"><br></div><h2 class="battle-history">Turn 11</h2><div class="spacer battle-history"><br></div><div class="battle-history">The opposing Scraggy used <strong>Drain Punch</strong>!<br></div><div class="battle-history"><small>It's super effective!</small><br></div><div class="battle-history"><small>[Magnemite's Sturdy]</small><br><small>Magnemite endured the hit!</small><br></div><div class="battle-history"><small>(Magnemite lost <abbr title="−18/19">94.7%</abbr> of its health!)</small><br></div><div class="battle-history"><small>Magnemite had its energy drained!</small><br></div><div class="spacer battle-history"><br></div><div class="battle-history">Magnemite used <strong>Recycle</strong>!<br></div><div class="battle-history"><small>Magnemite found one Berry Juice!</small><br></div><div class="battle-history"><small>(Magnemite used its Berry Juice!)</small><br></div><div class="battle-history"><small>Magnemite restored HP using its Berry Juice!</small><br></div><div class="spacer battle-history"><br></div><h2 class="battle-history">Turn 12</h2><div class="spacer battle-history"><br></div><div class="battle-history">The opposing Scraggy used <strong>Drain Punch</strong>!<br></div><div class="battle-history"><small>It's super effective!</small><br></div><div class="battle-history"><small>[Magnemite's Sturdy]</small><br><small>Magnemite endured the hit!</small><br></div><div class="battle-history"><small>(Magnemite lost <abbr title="−18/19">94.7%</abbr> of its health!)</small><br></div><div class="battle-history"><small>Magnemite had its energy drained!</small><br></div><div class="spacer battle-history"><br></div><div class="battle-history">Magnemite used <strong>Flash Cannon</strong>!<br></div><div class="battle-history"><small>A critical hit!</small><br></div><div class="battle-history"><small>(The opposing Scraggy lost <abbr title="−21/21">100%</abbr> of its health!)</small><br></div><div class="spacer battle-history"><br></div><div class="battle-history">The opposing Scraggy fainted!<br></div><div class="chat chatmessage-chiraqlord"><strong style="color:hsl(68,66%,32%)"><small>★</small><span class="username" data-name="Chiraq_lord">Chiraq_lord</span>:</strong> <em>what is this?!!?</em></div><div class="chat chatmessage-skippystl"><strong style="color:hsl(59,57%,32%)"><small>★</small><span class="username" data-name="Skippystl">Skippystl</span>:</strong> <em>the magnemite cheese my boy</em></div><div class="chat chatmessage-chiraqlord"><strong style="color:hsl(68,66%,32%)"><small>★</small><span class="username" data-name="Chiraq_lord">Chiraq_lord</span>:</strong> <em>that was genualy awesome</em></div><div class="spacer battle-history"><br></div><div class="battle-history">Chiraq_lord sent out <strong>Bunnelby</strong>!<br></div><div class="spacer battle-history"><br></div><h2 class="battle-history">Turn 13</h2><div class="spacer battle-history"><br></div><div class="battle-history">The opposing Bunnelby used <strong>Quick Attack</strong>!<br></div><div class="battle-history"><small>It's not very effective...</small><br></div><div class="battle-history"><small>(Magnemite lost <abbr title="−1/19">5.3%</abbr> of its health!)</small><br></div><div class="spacer battle-history"><br></div><div class="battle-history">Magnemite fainted!<br></div><div class="spacer battle-history"><br></div><div class="battle-history">Go! <strong>Ponyta</strong>!<br></div><div class="spacer battle-history"><br></div><h2 class="battle-history">Turn 14</h2><div class="spacer battle-history"><br></div><div class="battle-history">Ponyta used <strong>Will-O-Wisp</strong>!<br></div><div class="battle-history"><small>The opposing Bunnelby was burned!</small><br></div><div class="spacer battle-history"><br></div><div class="battle-history">The opposing Bunnelby used <strong>Earthquake</strong>!<br></div><div class="battle-history"><small>It's super effective!</small><br></div><div class="battle-history"><small>(Ponyta lost <abbr title="−11/21">52.4%</abbr> of its health!)</small><br></div><div class="spacer battle-history"><br></div><div class="battle-history"><small>The opposing Bunnelby was hurt by its burn!</small><br></div><div class="spacer battle-history"><br></div><h2 class="battle-history">Turn 15</h2><div class="spacer battle-history"><br></div><div class="battle-history">Ponyta used <strong>Morning Sun</strong>!<br></div><div class="battle-history"><small>Ponyta restored its HP.</small><br></div><div class="spacer battle-history"><br></div><div class="battle-history">The opposing Bunnelby used <strong>Earthquake</strong>!<br></div><div class="battle-history"><small>It's super effective!</small><br></div><div class="battle-history"><small>(Ponyta lost <abbr title="−11/21">52.4%</abbr> of its health!)</small><br></div><div class="spacer battle-history"><br></div><div class="battle-history"><small>The opposing Bunnelby was hurt by its burn!</small><br></div><div class="spacer battle-history"><br></div><h2 class="battle-history">Turn 16</h2><div class="spacer battle-history"><br></div><div class="battle-history">Ponyta used <strong>Morning Sun</strong>!<br></div><div class="battle-history"><small>Ponyta restored its HP.</small><br></div><div class="spacer battle-history"><br></div><div class="battle-history">The opposing Bunnelby used <strong>Bulk Up</strong>!<br></div><div class="battle-history"><small>The opposing Bunnelby's Attack rose!</small><br></div><div class="battle-history"><small>The opposing Bunnelby's Defense rose!</small><br></div><div class="spacer battle-history"><br></div><div class="battle-history"><small>The opposing Bunnelby was hurt by its burn!</small><br></div><div class="spacer battle-history"><br></div><h2 class="battle-history">Turn 17</h2><div class="spacer battle-history"><br></div><div class="battle-history">Ponyta used <strong>Flare Blitz</strong>!<br></div><div class="battle-history"><small>(The opposing Bunnelby lost <abbr title="−14/20">70%</abbr> of its health!)</small><br></div><div class="battle-history"><small>Ponyta is damaged by the recoil!</small><br></div><div class="spacer battle-history"><br></div><div class="battle-history">The opposing Bunnelby fainted!<br></div><div class="spacer battle-history"><br></div><div class="battle-history">Chiraq_lord sent out <strong>Shellder</strong>!<br></div><div class="spacer battle-history"><br></div><h2 class="battle-history">Turn 18</h2><div class="spacer battle-history"><br></div><div class="battle-history">Ponyta used <strong>Wild Charge</strong>!<br></div><div class="battle-history"><small>It's super effective!</small><br></div><div class="battle-history"><small>(The opposing Shellder lost <abbr title="−16/19">84.2%</abbr> of its health!)</small><br></div><div class="battle-history"><small>Ponyta is damaged by the recoil!</small><br></div><div class="spacer battle-history"><br></div><div class="battle-history">The opposing Shellder used <strong>Shell Smash</strong>!<br></div><div class="battle-history"><small>The opposing Shellder's Defense fell!</small><br></div><div class="battle-history"><small>The opposing Shellder's Special Defense fell!</small><br></div><div class="battle-history"><small>The opposing Shellder's Attack rose sharply!</small><br></div><div class="battle-history"><small>The opposing Shellder's Special Attack rose sharply!</small><br></div><div class="battle-history"><small>The opposing Shellder's Speed rose sharply!</small><br></div><div class="battle-history"><small>The opposing Shellder returned its status to normal using its White Herb!</small><br></div><div class="spacer battle-history"><br></div><h2 class="battle-history">Turn 19</h2><div class="spacer battle-history"><br></div><div class="battle-history">Ponyta, come back!<br></div><div class="battle-history">Go! <strong>Staryu</strong>!<br></div><div class="spacer battle-history"><br></div><div class="battle-history">The opposing Shellder used <strong>Surf</strong>!<br></div><div class="battle-history"><small>It's not very effective...</small><br></div><div class="battle-history"><small>(Staryu lost <abbr title="−6/21">28.6%</abbr> of its health!)</small><br></div><div class="spacer battle-history"><br></div><h2 class="battle-history">Turn 20</h2><div class="spacer battle-history"><br></div><div class="battle-history">The opposing Shellder used <strong>Icicle Spear</strong>!<br></div><div class="battle-history"><small>It's not very effective...</small><br></div><div class="battle-history"><small>(Staryu lost <abbr title="−2/21">9.5%</abbr> of its health!)</small><br></div><div class="battle-history"><small>It's not very effective...</small><br></div><div class="battle-history"><small>(Staryu lost <abbr title="−2/21">9.5%</abbr> of its health!)</small><br></div><div class="battle-history"><small>It's not very effective...</small><br></div><div class="battle-history"><small>(Staryu lost <abbr title="−1/21">4.8%</abbr> of its health!)</small><br></div><div class="battle-history"><small>Hit 3 times!</small><br></div><div class="spacer battle-history"><br></div><div class="battle-history">Staryu fainted!<br></div><div class="spacer battle-history"><br></div><div class="battle-history">Go! <strong>Lickitung</strong>!<br></div><div class="spacer battle-history"><br></div><h2 class="battle-history">Turn 21</h2><div class="chat chatmessage-chiraqlord"><strong style="color:hsl(68,66%,32%)"><small>★</small><span class="username" data-name="Chiraq_lord">Chiraq_lord</span>:</strong> <em>that magnemite strat was really good</em></div><div class="spacer battle-history"><br></div><div class="battle-history">Lickitung used <strong>Protect</strong>!<br></div><div class="battle-history"><small>Lickitung protected itself!</small><br></div><div class="spacer battle-history"><br></div><div class="battle-history">The opposing Shellder used <strong>Surf</strong>!<br></div><div class="battle-history"><small>Lickitung protected itself!</small><br></div><div class="spacer battle-history"><br></div><h2 class="battle-history">Turn 22</h2><div class="chat chatmessage-skippystl"><strong style="color:hsl(59,57%,32%)"><small>★</small><span class="username" data-name="Skippystl">Skippystl</span>:</strong> <em>thanks lol</em></div><div class="spacer battle-history"><br></div><div class="battle-history">The opposing Shellder used <strong>Surf</strong>!<br></div><div class="battle-history"><small>(Lickitung lost <abbr title="−5/28">17.9%</abbr> of its health!)</small><br></div><div class="spacer battle-history"><br></div><div class="battle-history">Lickitung fainted!<br></div><div class="spacer battle-history"><br></div><div class="battle-history">Go! <strong>Ponyta</strong>!<br></div><div class="spacer battle-history"><br></div><h2 class="battle-history">Turn 23</h2><div class="chat chatmessage-chiraqlord"><strong style="color:hsl(68,66%,32%)"><small>★</small><span class="username" data-name="Chiraq_lord">Chiraq_lord</span>:</strong> <em>what did you run on it?</em></div><div class="chat chatmessage-chiraqlord"><strong style="color:hsl(68,66%,32%)"><small>★</small><span class="username" data-name="Chiraq_lord">Chiraq_lord</span>:</strong> <em>what moves?</em></div><div class="spacer battle-history"><br></div><div class="battle-history">The opposing Shellder used <strong>Icicle Spear</strong>!<br></div><div class="battle-history"><small>It's not very effective...</small><br></div><div class="battle-history"><small>A critical hit!</small><br></div><div class="battle-history"><small>(Ponyta lost <abbr title="−3/21">14.3%</abbr> of its health!)</small><br></div><div class="battle-history"><small>It's not very effective...</small><br></div><div class="battle-history"><small>(Ponyta lost <abbr title="−2/21">9.5%</abbr> of its health!)</small><br></div><div class="battle-history"><small>It's not very effective...</small><br></div><div class="battle-history"><small>(Ponyta lost <abbr title="−2/21">9.5%</abbr> of its health!)</small><br></div><div class="battle-history"><small>It's not very effective...</small><br></div><div class="battle-history"><small>(Ponyta lost <abbr title="−2/21">9.5%</abbr> of its health!)</small><br></div><div class="battle-history"><small>It's not very effective...</small><br></div><div class="battle-history"><small>(Ponyta lost <abbr title="−1/21">4.8%</abbr> of its health!)</small><br></div><div class="battle-history"><small>Hit 5 times!</small><br></div><div class="spacer battle-history"><br></div><div class="battle-history">Ponyta fainted!<br></div><div class="spacer battle-history"><br></div><div class="battle-history"><strong>Chiraq_lord</strong> won the battle!<br></div><div class="chat chatmessage-skippystl"><strong style="color:hsl(59,57%,32%)"><small>★</small><span class="username" data-name="Skippystl">Skippystl</span>:</strong> <em>it has recycle</em></div><div class="chat chatmessage-skippystl"><strong style="color:hsl(59,57%,32%)"><small>★</small><span class="username" data-name="Skippystl">Skippystl</span>:</strong> <em>uh</em></div><div class="chat">Skippystl's rating: 1123 → <strong>1099</strong><br>(-24 for losing)</div><div class="chat">Chiraq_lord's rating: 1135 → <strong>1159</strong><br>(+24 for winning)</div><div class="chat chatmessage-skippystl"><strong style="color:hsl(59,57%,32%)"><small>★</small><span class="username" data-name="Skippystl">Skippystl</span>:</strong> <em>the steel cannon one</em></div><div class="chat chatmessage-skippystl"><strong style="color:hsl(59,57%,32%)"><small>★</small><span class="username" data-name="Skippystl">Skippystl</span>:</strong> <em>idk what its called</em></div><div class="chat chatmessage-chiraqlord"><strong style="color:hsl(68,66%,32%)"><small>★</small><span class="username" data-name="Chiraq_lord">Chiraq_lord</span>:</strong> <em>flash cannon?</em></div><div class="chat chatmessage-skippystl"><strong style="color:hsl(59,57%,32%)"><small>★</small><span class="username" data-name="Skippystl">Skippystl</span>:</strong> <em>volt switch</em></div><div class="chat chatmessage-skippystl"><strong style="color:hsl(59,57%,32%)"><small>★</small><span class="username" data-name="Skippystl">Skippystl</span>:</strong> <em>yeah that one</em></div><div class="chat chatmessage-skippystl"><strong style="color:hsl(59,57%,32%)"><small>★</small><span class="username" data-name="Skippystl">Skippystl</span>:</strong> <em>and endure</em></div><div class="chat chatmessage-chiraqlord"><strong style="color:hsl(68,66%,32%)"><small>★</small><span class="username" data-name="Chiraq_lord">Chiraq_lord</span>:</strong> <em>nice</em></div><div class="chat chatmessage-skippystl"><strong style="color:hsl(59,57%,32%)"><small>★</small><span class="username" data-name="Skippystl">Skippystl</span>:</strong> <em>and berry juice</em></div><div class="chat chatmessage-skippystl"><strong style="color:hsl(59,57%,32%)"><small>★</small><span class="username" data-name="Skippystl">Skippystl</span>:</strong> <em>lol</em></div><div class="chat chatmessage-skippystl"><strong style="color:hsl(59,57%,32%)"><small>★</small><span class="username" data-name="Skippystl">Skippystl</span>:</strong> <em>gg though</em></div><div class="chat chatmessage-chiraqlord"><strong style="color:hsl(68,66%,32%)"><small>★</small><span class="username" data-name="Chiraq_lord">Chiraq_lord</span>:</strong> <em>gg</em></div><div class="chat"><small>Chiraq_lord left.</small></div></div><div class="inner-preempt"></div></div></div>
</div>
<script>
let daily = Math.floor(Date.now()/1000/60/60/24);document.write('<script src="https://play.pokemonshowdown.com/js/replay-embed.js?version'+daily+'"></'+'script>');
</script>
