<!DOCTYPE html>
<meta charset="utf-8" />
<!-- version 1 -->
<title>LC replay: KMJNext vs. Matawan Bulbasaurs</title>
<style>
html,body {font-family:Verdana, sans-serif;font-size:10pt;margin:0;padding:0;}body{padding:12px 0;} .battle-log {font-family:Verdana, sans-serif;font-size:10pt;} .battle-log-inline {border:1px solid #AAAAAA;background:#EEF2F5;color:black;max-width:640px;margin:0 auto 80px;padding-bottom:5px;} .battle-log .inner {padding:4px 8px 0px 8px;} .battle-log .inner-preempt {padding:0 8px 4px 8px;} .battle-log .inner-after {margin-top:0.5em;} .battle-log h2 {margin:0.5em -8px;padding:4px 8px;border:1px solid #AAAAAA;background:#E0E7EA;border-left:0;border-right:0;font-family:Verdana, sans-serif;font-size:13pt;} .battle-log .chat {vertical-align:middle;padding:3px 0 3px 0;font-size:8pt;} .battle-log .chat strong {color:#40576A;} .battle-log .chat em {padding:1px 4px 1px 3px;color:#000000;font-style:normal;} .chat.mine {background:rgba(0,0,0,0.05);margin-left:-8px;margin-right:-8px;padding-left:8px;padding-right:8px;} .spoiler {color:#BBBBBB;background:#BBBBBB;padding:0px 3px;} .spoiler:hover, .spoiler:active, .spoiler-shown {color:#000000;background:#E2E2E2;padding:0px 3px;} .spoiler a {color:#BBBBBB;} .spoiler:hover a, .spoiler:active a, .spoiler-shown a {color:#2288CC;} .chat code, .chat .spoiler:hover code, .chat .spoiler:active code, .chat .spoiler-shown code {border:1px solid #C0C0C0;background:#EEEEEE;color:black;padding:0 2px;} .chat .spoiler code {border:1px solid #CCCCCC;background:#CCCCCC;color:#CCCCCC;} .battle-log .rated {padding:3px 4px;} .battle-log .rated strong {color:white;background:#89A;padding:1px 4px;border-radius:4px;} .spacer {margin-top:0.5em;} .message-announce {background:#6688AA;color:white;padding:1px 4px 2px;} .message-announce a, .broadcast-green a, .broadcast-blue a, .broadcast-red a {color:#DDEEFF;} .broadcast-green {background-color:#559955;color:white;padding:2px 4px;} .broadcast-blue {background-color:#6688AA;color:white;padding:2px 4px;} .infobox {border:1px solid #6688AA;padding:2px 4px;} .infobox-limited {max-height:200px;overflow:auto;overflow-x:hidden;} .broadcast-red {background-color:#AA5544;color:white;padding:2px 4px;} .message-learn-canlearn {font-weight:bold;color:#228822;text-decoration:underline;} .message-learn-cannotlearn {font-weight:bold;color:#CC2222;text-decoration:underline;} .message-effect-weak {font-weight:bold;color:#CC2222;} .message-effect-resist {font-weight:bold;color:#6688AA;} .message-effect-immune {font-weight:bold;color:#666666;} .message-learn-list {margin-top:0;margin-bottom:0;} .message-throttle-notice, .message-error {color:#992222;} .message-overflow, .chat small.message-overflow {font-size:0pt;} .message-overflow::before {font-size:9pt;content:'...';} .subtle {color:#3A4A66;}
</style>
<div class="wrapper replay-wrapper" style="max-width:1180px;margin:0 auto">
<input type="hidden" name="replayid" value="lc-478003086" />
<div class="battle"></div><div class="battle-log"></div><div class="replay-controls"></div><div class="replay-controls-2"></div>
<h1 style="font-weight:normal;text-align:center"><strong>LC</strong><br /><a href="http://pokemonshowdown.com/users/kmjnext" class="subtle" target="_blank">KMJNext</a> vs. <a href="http://pokemonshowdown.com/users/matawanbulbasaurs" class="subtle" target="_blank">Matawan Bulbasaurs</a></h1>
<script type="text/plain" class="battle-log-data">|j|KMJNext
|j|Matawan Bulbasaurs
|player|p1|KMJNext|260
|player|p2|Matawan Bulbasaurs|101
|gametype|singles
|gen|6
|tier|LC
|seed|992,8809,3841,46988
|clearpoke
|poke|p1|Elekid, L5, M|item
|poke|p1|Nosepass, L5, M|item
|poke|p1|Pineco, L5, M|item
|poke|p1|Shroomish, L5, M|item
|poke|p1|Yamask, L5, M|item
|poke|p1|Solosis, L5, M|item
|poke|p2|Litwick, L5, F|item
|poke|p2|Binacle, L5, M|item
|poke|p2|Gible, L5, F|item
|poke|p2|Staryu, L5|item
|poke|p2|Flabebe, L5, F|item
|poke|p2|Onix, L5, F|item
|rule|Sleep Clause Mod: Limit one foe put to sleep
|rule|Species Clause: Limit one of each Pokémon
|rule|OHKO Clause: OHKO moves are banned
|rule|Moody Clause: Moody is banned
|rule|Evasion Moves Clause: Evasion moves are banned
|rule|Endless Battle Clause: Forcing endless battles is banned
|rule|HP Percentage Mod: HP is shown in percentages
|teampreview
|c|★Matawan Bulbasaurs|hf
|c|★KMJNext|hf
|j|Inuzuna
|choice|team 1, team 2, team 3, team 4, team 5, team 6|team 3, team 2, team 1, team 4, team 5, team 6
|
|start
|switch|p1a: Plug-In|Elekid, L5, M|21\/21
|switch|p2a: Yung Strong Jaw|Gible, L5, F|25\/25
|turn|1
|j|AlexGTE
|c| AlexGTE|GO NAMJ
|choice|move icepunch|switch 3
|
|switch|p2a: LIT|Litwick, L5, F|21\/21
|move|p1a: Plug-In|Ice Punch|p2a: LIT
|-resisted|p2a: LIT
|-crit|p2a: LIT
|-damage|p2a: LIT|14\/21
|
|turn|2
|choice|switch 5|move fireblast
|
|switch|p1a: My Hopes and Dream|Yamask, L5, M|23\/23
|move|p2a: LIT|Fire Blast|p1a: My Hopes and Dream
|-damage|p1a: My Hopes and Dream|11\/23
|
|turn|3
|choice|move darkpulse|switch 4
|
|switch|p2a: I'mAStarNoRaptor|Staryu, L5|21\/21
|move|p1a: My Hopes and Dream|Dark Pulse|p2a: I'mAStarNoRaptor
|-damage|p2a: I'mAStarNoRaptor|16\/21
|
|turn|4
|choice|move energyball|move scald
|
|move|p2a: I'mAStarNoRaptor|Scald|p1a: My Hopes and Dream
|-damage|p1a: My Hopes and Dream|4\/23
|move|p1a: My Hopes and Dream|Energy Ball|p2a: I'mAStarNoRaptor
|-supereffective|p2a: I'mAStarNoRaptor
|-damage|p2a: I'mAStarNoRaptor|6\/21
|
|turn|5
|choice|move shadowball|move scald
|
|move|p2a: I'mAStarNoRaptor|Scald|p1a: My Hopes and Dream
|-damage|p1a: My Hopes and Dream|0 fnt
|faint|p1a: My Hopes and Dream
|
|choice|switch 5|
|
|switch|p1a: Plug-In|Elekid, L5, M|21\/21
|turn|6
|choice|move poweruppunch|switch 6
|
|switch|p2a: My Duck( ͡° ͜ʖ ͡°)|Onix, L5, F|21\/21
|move|p1a: Plug-In|Power-Up Punch|p2a: My Duck( ͡° ͜ʖ ͡°)
|-supereffective|p2a: My Duck( ͡° ͜ʖ ͡°)
|-damage|p2a: My Duck( ͡° ͜ʖ ͡°)|14\/21
|-boost|p1a: Plug-In|atk|1
|
|turn|7
|choice|move icepunch|switch 5
|
|switch|p2a: My Bebe|Flabebe, L5, F|24\/24
|move|p1a: Plug-In|Ice Punch|p2a: My Bebe
|-damage|p2a: My Bebe|14\/24
|
|turn|8
|choice|move thunderpunch|move wish
|
|move|p1a: Plug-In|Thunder Punch|p2a: My Bebe
|-damage|p2a: My Bebe|0 fnt
|faint|p2a: My Bebe
|
|j|Gdbrown
|c| Gdbrown|hi
|c| Gdbrown|GO NAZ
|c|★Matawan Bulbasaurs|ty :]
|c| Gdbrown|AND KMJ
|choice||switch 3
|
|switch|p2a: Yung Strong Jaw|Gible, L5, F|25\/25
|turn|9
|choice|move icepunch|move earthquake
|
|move|p1a: Plug-In|Ice Punch|p2a: Yung Strong Jaw
|-supereffective|p2a: Yung Strong Jaw
|-crit|p2a: Yung Strong Jaw
|-damage|p2a: Yung Strong Jaw|0 fnt
|-damage|p1a: Plug-In|19\/21|[from] ability: Rough Skin|[of] p2a: Yung Strong Jaw
|faint|p2a: Yung Strong Jaw
|
|choice||switch 6
|
|switch|p2a: I'mAStarNoRaptor|Staryu, L5|6\/21
|turn|10
|choice|move poweruppunch|move scald
|
|move|p1a: Plug-In|Power-Up Punch|p2a: I'mAStarNoRaptor
|-damage|p2a: I'mAStarNoRaptor|2\/21
|-boost|p1a: Plug-In|atk|1
|move|p2a: I'mAStarNoRaptor|Scald|p1a: Plug-In
|-damage|p1a: Plug-In|9\/21
|-status|p1a: Plug-In|brn
|
|-damage|p1a: Plug-In|7\/21 brn|[from] brn
|turn|11
|choice|move poweruppunch|move recover
|
|move|p1a: Plug-In|Power-Up Punch|p2a: I'mAStarNoRaptor
|-damage|p2a: I'mAStarNoRaptor|0 fnt
|-boost|p1a: Plug-In|atk|1
|faint|p2a: I'mAStarNoRaptor
|
|-damage|p1a: Plug-In|5\/21 brn|[from] brn
|c| Gdbrown|ooo hax
|choice||switch 4
|
|switch|p2a: LIT|Litwick, L5, F|14\/21
|turn|12
|c|★KMJNext|ah rip
|choice|move thunderpunch|move shadowball
|
|move|p1a: Plug-In|Thunder Punch|p2a: LIT
|-damage|p2a: LIT|0 fnt
|faint|p2a: LIT
|
|-damage|p1a: Plug-In|3\/21 brn|[from] brn
|choice||switch 2
|
|switch|p2a: 2 heads 1 rock|Binacle, L5, M|20\/20
|turn|13
|c| Gdbrown|jeez
|choice|move thunderpunch|move shellsmash
|
|move|p1a: Plug-In|Thunder Punch|p2a: 2 heads 1 rock
|-supereffective|p2a: 2 heads 1 rock
|-damage|p2a: 2 heads 1 rock|0 fnt
|faint|p2a: 2 heads 1 rock
|
|-damage|p1a: Plug-In|1\/21 brn|[from] brn
|choice||switch 5
|
|switch|p2a: My Duck( ͡° ͜ʖ ͡°)|Onix, L5, F|14\/21
|turn|14
|c|★Matawan Bulbasaurs|gg I got swept
|c|★KMJNext|gg
|choice|move icepunch|move rockblast
|
|move|p1a: Plug-In|Ice Punch|p2a: My Duck( ͡° ͜ʖ ͡°)
|-supereffective|p2a: My Duck( ͡° ͜ʖ ͡°)
|-damage|p2a: My Duck( ͡° ͜ʖ ͡°)|2\/21
|-status|p2a: My Duck( ͡° ͜ʖ ͡°)|frz
|cant|p2a: My Duck( ͡° ͜ʖ ͡°)|frz
|
|-damage|p1a: Plug-In|0 fnt|[from] brn
|faint|p1a: Plug-In
|c|★Matawan Bulbasaurs|you have gotten to be kidding me
|choice|switch 3|
|
|switch|p1a: KABLAMO|Pineco, L5, M|22\/22
|turn|15
|c|★Matawan Bulbasaurs|I had a chance
|c| Gdbrown|;-;
|c|★Matawan Bulbasaurs|but you froze me
|c|★KMJNext|watch and learn
|choice|move explosion|move rockblast
|
|cant|p2a: My Duck( ͡° ͜ʖ ͡°)|frz
|move|p1a: KABLAMO|Explosion|p2a: My Duck( ͡° ͜ʖ ͡°)
|-resisted|p2a: My Duck( ͡° ͜ʖ ͡°)
|-damage|p2a: My Duck( ͡° ͜ʖ ͡°)|0 fnt
|faint|p1a: KABLAMO
|faint|p2a: My Duck( ͡° ͜ʖ ͡°)
|
|win|KMJNext
|player|p1
|player|p2
|c|★Matawan Bulbasaurs|gg
|c| Gdbrown|lol
|l|Gdbrown
|l|AlexGTE
|c|★Matawan Bulbasaurs|the freeze lost me the game because I had a chance to comeback :\/
|c|★KMJNext|when u sack differential
|c|★KMJNext|to get a kill with pineco
|l|Inuzuna
|l|KMJNext
|l|Matawan Bulbasaurs
|j|KMJNext
|l|KMJNext
|j|Matawan Bulbasaurs</script>
</div>
<div class="battle-log battle-log-inline"><div class="inner"><div class="battle-options"></div><div class="inner"><div class="chat"><small>KMJNext joined.</small></div><div class="chat"><small>Matawan Bulbasaurs joined.</small></div><div class=""><small>Format:</small> <br><strong>LC</strong></div><div class=""><small><em>Sleep Clause Mod:</em> Limit one foe put to sleep</small></div><div class=""><small><em>Species Clause:</em> Limit one of each Pokémon</small></div><div class=""><small><em>OHKO Clause:</em> OHKO moves are banned</small></div><div class=""><small><em>Moody Clause:</em> Moody is banned</small></div><div class=""><small><em>Evasion Moves Clause:</em> Evasion moves are banned</small></div><div class=""><small><em>Endless Battle Clause:</em> Forcing endless battles is banned</small></div><div class=""><small><em>HP Percentage Mod:</em> HP is shown in percentages</small></div><div class="chat battle-history"><strong>KMJNext's team:</strong> <em style="color:#445566;display:block;">Elekid / Nosepass / Pineco / Shroomish / Yamask / Solosis</em></div><div class="chat battle-history"><strong>Matawan Bulbasaurs's team:</strong> <em style="color:#445566;display:block;">Litwick / Binacle / Gible / Staryu / Flabebe / Onix</em></div><div class="chat chatmessage-matawanbulbasaurs"><strong style="color:hsl(318,73%,41%)"><small>★</small><span class="username" data-name="Matawan Bulbasaurs">Matawan Bulbasaurs</span>:</strong> <em>hf</em></div><div class="chat chatmessage-kmjnext"><strong style="color:hsl(89,72%,30%)"><small>★</small><span class="username" data-name="KMJNext">KMJNext</span>:</strong> <em>hf</em></div><div class="chat"><small>Inuzuna joined.</small></div><div class="spacer battle-history"><br></div><div class="battle-history">Battle started between KMJNext and Matawan Bulbasaurs!<br></div><div class="spacer battle-history"><br></div><div class="battle-history">Go! Plug-In (<strong>Elekid</strong>)!<br></div><div class="spacer battle-history"><br></div><div class="battle-history">Matawan Bulbasaurs sent out Yung Strong Jaw (<strong>Gible</strong>)!<br></div><div class="spacer battle-history"><br></div><h2 class="battle-history">Turn 1</h2><div class="chat"><small>AlexGTE joined.</small></div><div class="chat chatmessage-alexgte"><strong style="color:hsl(232,72%,57.80483478454614%)"><small> </small><span class="username" data-name="AlexGTE">AlexGTE</span>:</strong> <em>GO NAMJ</em></div><div class="spacer battle-history"><br></div><div class="battle-history">Matawan Bulbasaurs withdrew Yung Strong Jaw!<br></div><div class="battle-history">Matawan Bulbasaurs sent out LIT (<strong>Litwick</strong>)!<br></div><div class="spacer battle-history"><br></div><div class="battle-history">Plug-In used <strong>Ice Punch</strong>!<br></div><div class="battle-history"><small>It's not very effective...</small><br></div><div class="battle-history"><small>A critical hit!</small><br></div><div class="battle-history"><small>(The opposing LIT lost <abbr title="−7/21">33.3%</abbr> of its health!)</small><br></div><div class="spacer battle-history"><br></div><h2 class="battle-history">Turn 2</h2><div class="spacer battle-history"><br></div><div class="battle-history">Plug-In, come back!<br></div><div class="battle-history">Go! My Hopes and Dream (<strong>Yamask</strong>)!<br></div><div class="spacer battle-history"><br></div><div class="battle-history">The opposing LIT used <strong>Fire Blast</strong>!<br></div><div class="battle-history"><small>(My Hopes and Dream lost <abbr title="−12/23">52.2%</abbr> of its health!)</small><br></div><div class="spacer battle-history"><br></div><h2 class="battle-history">Turn 3</h2><div class="spacer battle-history"><br></div><div class="battle-history">Matawan Bulbasaurs withdrew LIT!<br></div><div class="battle-history">Matawan Bulbasaurs sent out I'mAStarNoRaptor (<strong>Staryu</strong>)!<br></div><div class="spacer battle-history"><br></div><div class="battle-history">My Hopes and Dream used <strong>Dark Pulse</strong>!<br></div><div class="battle-history"><small>(The opposing I'mAStarNoRaptor lost <abbr title="−5/21">23.8%</abbr> of its health!)</small><br></div><div class="spacer battle-history"><br></div><h2 class="battle-history">Turn 4</h2><div class="spacer battle-history"><br></div><div class="battle-history">The opposing I'mAStarNoRaptor used <strong>Scald</strong>!<br></div><div class="battle-history"><small>(My Hopes and Dream lost <abbr title="−7/23">30.4%</abbr> of its health!)</small><br></div><div class="spacer battle-history"><br></div><div class="battle-history">My Hopes and Dream used <strong>Energy Ball</strong>!<br></div><div class="battle-history"><small>It's super effective!</small><br></div><div class="battle-history"><small>(The opposing I'mAStarNoRaptor lost <abbr title="−10/21">47.6%</abbr> of its health!)</small><br></div><div class="spacer battle-history"><br></div><h2 class="battle-history">Turn 5</h2><div class="spacer battle-history"><br></div><div class="battle-history">The opposing I'mAStarNoRaptor used <strong>Scald</strong>!<br></div><div class="battle-history"><small>(My Hopes and Dream lost <abbr title="−4/23">17.4%</abbr> of its health!)</small><br></div><div class="spacer battle-history"><br></div><div class="battle-history">My Hopes and Dream fainted!<br></div><div class="spacer battle-history"><br></div><div class="battle-history">Go! Plug-In (<strong>Elekid</strong>)!<br></div><div class="spacer battle-history"><br></div><h2 class="battle-history">Turn 6</h2><div class="spacer battle-history"><br></div><div class="battle-history">Matawan Bulbasaurs withdrew I'mAStarNoRaptor!<br></div><div class="battle-history">Matawan Bulbasaurs sent out My Duck( ͡° ͜ʖ ͡°) (<strong>Onix</strong>)!<br></div><div class="spacer battle-history"><br></div><div class="battle-history">Plug-In used <strong>Power-Up Punch</strong>!<br></div><div class="battle-history"><small>It's super effective!</small><br></div><div class="battle-history"><small>(The opposing My Duck( ͡° ͜ʖ ͡°) lost <abbr title="−7/21">33.3%</abbr> of its health!)</small><br></div><div class="battle-history"><small>Plug-In's Attack rose!</small><br></div><div class="spacer battle-history"><br></div><h2 class="battle-history">Turn 7</h2><div class="spacer battle-history"><br></div><div class="battle-history">Matawan Bulbasaurs withdrew My Duck( ͡° ͜ʖ ͡°)!<br></div><div class="battle-history">Matawan Bulbasaurs sent out My Bebe (<strong>Flabebe</strong>)!<br></div><div class="spacer battle-history"><br></div><div class="battle-history">Plug-In used <strong>Ice Punch</strong>!<br></div><div class="battle-history"><small>(The opposing My Bebe lost <abbr title="−10/24">41.7%</abbr> of its health!)</small><br></div><div class="spacer battle-history"><br></div><h2 class="battle-history">Turn 8</h2><div class="spacer battle-history"><br></div><div class="battle-history">Plug-In used <strong>Thunder Punch</strong>!<br></div><div class="battle-history"><small>(The opposing My Bebe lost <abbr title="−14/24">58.3%</abbr> of its health!)</small><br></div><div class="spacer battle-history"><br></div><div class="battle-history">The opposing My Bebe fainted!<br></div><div class="chat"><small>Gdbrown joined.</small></div><div class="chat chatmessage-gdbrown"><strong style="color:hsl(252,78%,60.060735312785624%)"><small> </small><span class="username" data-name="Gdbrown">Gdbrown</span>:</strong> <em>hi</em></div><div class="chat chatmessage-gdbrown"><strong style="color:hsl(252,78%,60.060735312785624%)"><small> </small><span class="username" data-name="Gdbrown">Gdbrown</span>:</strong> <em>GO NAZ</em></div><div class="chat chatmessage-matawanbulbasaurs"><strong style="color:hsl(318,73%,41%)"><small>★</small><span class="username" data-name="Matawan Bulbasaurs">Matawan Bulbasaurs</span>:</strong> <em>ty :]</em></div><div class="chat chatmessage-gdbrown"><strong style="color:hsl(252,78%,60.060735312785624%)"><small> </small><span class="username" data-name="Gdbrown">Gdbrown</span>:</strong> <em>AND KMJ</em></div><div class="spacer battle-history"><br></div><div class="battle-history">Matawan Bulbasaurs sent out Yung Strong Jaw (<strong>Gible</strong>)!<br></div><div class="spacer battle-history"><br></div><h2 class="battle-history">Turn 9</h2><div class="spacer battle-history"><br></div><div class="battle-history">Plug-In used <strong>Ice Punch</strong>!<br></div><div class="battle-history"><small>It's super effective!</small><br></div><div class="battle-history"><small>A critical hit!</small><br></div><div class="battle-history"><small>(The opposing Yung Strong Jaw lost <abbr title="−25/25">100%</abbr> of its health!)</small><br></div><div class="battle-history"><small>[The opposing Yung Strong Jaw's Rough Skin]</small><br><small>Plug-In was hurt!</small><br></div><div class="spacer battle-history"><br></div><div class="battle-history">The opposing Yung Strong Jaw fainted!<br></div><div class="spacer battle-history"><br></div><div class="battle-history">Matawan Bulbasaurs sent out I'mAStarNoRaptor (<strong>Staryu</strong>)!<br></div><div class="spacer battle-history"><br></div><h2 class="battle-history">Turn 10</h2><div class="spacer battle-history"><br></div><div class="battle-history">Plug-In used <strong>Power-Up Punch</strong>!<br></div><div class="battle-history"><small>(The opposing I'mAStarNoRaptor lost <abbr title="−4/21">19.0%</abbr> of its health!)</small><br></div><div class="battle-history"><small>Plug-In's Attack rose!</small><br></div><div class="spacer battle-history"><br></div><div class="battle-history">The opposing I'mAStarNoRaptor used <strong>Scald</strong>!<br></div><div class="battle-history"><small>(Plug-In lost <abbr title="−10/21">47.6%</abbr> of its health!)</small><br></div><div class="battle-history"><small>Plug-In was burned!</small><br></div><div class="spacer battle-history"><br></div><div class="battle-history"><small>Plug-In was hurt by its burn!</small><br></div><div class="spacer battle-history"><br></div><h2 class="battle-history">Turn 11</h2><div class="spacer battle-history"><br></div><div class="battle-history">Plug-In used <strong>Power-Up Punch</strong>!<br></div><div class="battle-history"><small>(The opposing I'mAStarNoRaptor lost <abbr title="−2/21">9.5%</abbr> of its health!)</small><br></div><div class="battle-history"><small>Plug-In's Attack rose!</small><br></div><div class="spacer battle-history"><br></div><div class="battle-history">The opposing I'mAStarNoRaptor fainted!<br></div><div class="spacer battle-history"><br></div><div class="battle-history"><small>Plug-In was hurt by its burn!</small><br></div><div class="chat chatmessage-gdbrown"><strong style="color:hsl(252,78%,60.060735312785624%)"><small> </small><span class="username" data-name="Gdbrown">Gdbrown</span>:</strong> <em>ooo hax</em></div><div class="spacer battle-history"><br></div><div class="battle-history">Matawan Bulbasaurs sent out LIT (<strong>Litwick</strong>)!<br></div><div class="spacer battle-history"><br></div><h2 class="battle-history">Turn 12</h2><div class="chat chatmessage-kmjnext"><strong style="color:hsl(89,72%,30%)"><small>★</small><span class="username" data-name="KMJNext">KMJNext</span>:</strong> <em>ah rip</em></div><div class="spacer battle-history"><br></div><div class="battle-history">Plug-In used <strong>Thunder Punch</strong>!<br></div><div class="battle-history"><small>(The opposing LIT lost <abbr title="−14/21">66.7%</abbr> of its health!)</small><br></div><div class="spacer battle-history"><br></div><div class="battle-history">The opposing LIT fainted!<br></div><div class="spacer battle-history"><br></div><div class="battle-history"><small>Plug-In was hurt by its burn!</small><br></div><div class="spacer battle-history"><br></div><div class="battle-history">Matawan Bulbasaurs sent out 2 heads 1 rock (<strong>Binacle</strong>)!<br></div><div class="spacer battle-history"><br></div><h2 class="battle-history">Turn 13</h2><div class="chat chatmessage-gdbrown"><strong style="color:hsl(252,78%,60.060735312785624%)"><small> </small><span class="username" data-name="Gdbrown">Gdbrown</span>:</strong> <em>jeez</em></div><div class="spacer battle-history"><br></div><div class="battle-history">Plug-In used <strong>Thunder Punch</strong>!<br></div><div class="battle-history"><small>It's super effective!</small><br></div><div class="battle-history"><small>(The opposing 2 heads 1 rock lost <abbr title="−20/20">100%</abbr> of its health!)</small><br></div><div class="spacer battle-history"><br></div><div class="battle-history">The opposing 2 heads 1 rock fainted!<br></div><div class="spacer battle-history"><br></div><div class="battle-history"><small>Plug-In was hurt by its burn!</small><br></div><div class="spacer battle-history"><br></div><div class="battle-history">Matawan Bulbasaurs sent out My Duck( ͡° ͜ʖ ͡°) (<strong>Onix</strong>)!<br></div><div class="spacer battle-history"><br></div><h2 class="battle-history">Turn 14</h2><div class="chat chatmessage-matawanbulbasaurs"><strong style="color:hsl(318,73%,41%)"><small>★</small><span class="username" data-name="Matawan Bulbasaurs">Matawan Bulbasaurs</span>:</strong> <em>gg I got swept</em></div><div class="chat chatmessage-kmjnext"><strong style="color:hsl(89,72%,30%)"><small>★</small><span class="username" data-name="KMJNext">KMJNext</span>:</strong> <em>gg</em></div><div class="spacer battle-history"><br></div><div class="battle-history">Plug-In used <strong>Ice Punch</strong>!<br></div><div class="battle-history"><small>It's super effective!</small><br></div><div class="battle-history"><small>(The opposing My Duck( ͡° ͜ʖ ͡°) lost <abbr title="−12/21">57.1%</abbr> of its health!)</small><br></div><div class="battle-history"><small>The opposing My Duck( ͡° ͜ʖ ͡°) was frozen solid!</small><br></div><div class="spacer battle-history"><br></div><div class="battle-history">The opposing My Duck( ͡° ͜ʖ ͡°) is frozen solid!<br></div><div class="spacer battle-history"><br></div><div class="battle-history"><small>Plug-In was hurt by its burn!</small><br></div><div class="spacer battle-history"><br></div><div class="battle-history">Plug-In fainted!<br></div><div class="chat chatmessage-matawanbulbasaurs"><strong style="color:hsl(318,73%,41%)"><small>★</small><span class="username" data-name="Matawan Bulbasaurs">Matawan Bulbasaurs</span>:</strong> <em>you have gotten to be kidding me</em></div><div class="spacer battle-history"><br></div><div class="battle-history">Go! KABLAMO (<strong>Pineco</strong>)!<br></div><div class="spacer battle-history"><br></div><h2 class="battle-history">Turn 15</h2><div class="chat chatmessage-matawanbulbasaurs"><strong style="color:hsl(318,73%,41%)"><small>★</small><span class="username" data-name="Matawan Bulbasaurs">Matawan Bulbasaurs</span>:</strong> <em>I had a chance</em></div><div class="chat chatmessage-gdbrown"><strong style="color:hsl(252,78%,60.060735312785624%)"><small> </small><span class="username" data-name="Gdbrown">Gdbrown</span>:</strong> <em>;-;</em></div><div class="chat chatmessage-matawanbulbasaurs"><strong style="color:hsl(318,73%,41%)"><small>★</small><span class="username" data-name="Matawan Bulbasaurs">Matawan Bulbasaurs</span>:</strong> <em>but you froze me</em></div><div class="chat chatmessage-kmjnext"><strong style="color:hsl(89,72%,30%)"><small>★</small><span class="username" data-name="KMJNext">KMJNext</span>:</strong> <em>watch and learn</em></div><div class="spacer battle-history"><br></div><div class="battle-history">The opposing My Duck( ͡° ͜ʖ ͡°) is frozen solid!<br></div><div class="spacer battle-history"><br></div><div class="battle-history">KABLAMO used <strong>Explosion</strong>!<br></div><div class="battle-history"><small>It's not very effective...</small><br></div><div class="battle-history"><small>(The opposing My Duck( ͡° ͜ʖ ͡°) lost <abbr title="−2/21">9.5%</abbr> of its health!)</small><br></div><div class="spacer battle-history"><br></div><div class="battle-history">KABLAMO fainted!<br></div><div class="battle-history">The opposing My Duck( ͡° ͜ʖ ͡°) fainted!<br></div><div class="spacer battle-history"><br></div><div class="battle-history"><strong>KMJNext</strong> won the battle!<br></div><div class="chat chatmessage-matawanbulbasaurs"><strong style="color:hsl(318,73%,41%)"><small>★</small><span class="username" data-name="Matawan Bulbasaurs">Matawan Bulbasaurs</span>:</strong> <em>gg</em></div><div class="chat chatmessage-gdbrown"><strong style="color:hsl(252,78%,60.060735312785624%)"><small> </small><span class="username" data-name="Gdbrown">Gdbrown</span>:</strong> <em>lol</em></div><div class="chat"><small>Gdbrown left.</small></div><div class="chat"><small>AlexGTE left.</small></div><div class="chat chatmessage-matawanbulbasaurs"><strong style="color:hsl(318,73%,41%)"><small>★</small><span class="username" data-name="Matawan Bulbasaurs">Matawan Bulbasaurs</span>:</strong> <em>the freeze lost me the game because I had a chance to comeback :/</em></div><div class="chat chatmessage-kmjnext"><strong style="color:hsl(89,72%,30%)"><small>★</small><span class="username" data-name="KMJNext">KMJNext</span>:</strong> <em>when u sack differential</em></div><div class="chat chatmessage-kmjnext"><strong style="color:hsl(89,72%,30%)"><small>★</small><span class="username" data-name="KMJNext">KMJNext</span>:</strong> <em>to get a kill with pineco</em></div><div class="chat"><small>Inuzuna left.</small></div><div class="chat"><small>KMJNext left.</small></div><div class="chat"><small>Matawan Bulbasaurs left.</small></div><div class="chat"><small>KMJNext joined.</small></div><div class="chat"><small>KMJNext left.</small></div><div class="chat"><small>Matawan Bulbasaurs joined.</small></div></div><div class="inner-preempt"></div></div></div>
</div>
<script>
let daily = Math.floor(Date.now()/1000/60/60/24);document.write('<script src="https://play.pokemonshowdown.com/js/replay-embed.js?version'+daily+'"></'+'script>');
</script>
