<!DOCTYPE html>
<meta charset="utf-8" />
<!-- version 1 -->
<title>LC replay: kingler12345 vs. Heysup</title>
<style>
html,body {font-family:Verdana, sans-serif;font-size:10pt;margin:0;padding:0;}body{padding:12px 0;} .battle-log {font-family:Verdana, sans-serif;font-size:10pt;} .battle-log-inline {border:1px solid #AAAAAA;background:#EEF2F5;color:black;max-width:640px;margin:0 auto 80px;padding-bottom:5px;} .battle-log .inner {padding:4px 8px 0px 8px;} .battle-log .inner-preempt {padding:0 8px 4px 8px;} .battle-log .inner-after {margin-top:0.5em;} .battle-log h2 {margin:0.5em -8px;padding:4px 8px;border:1px solid #AAAAAA;background:#E0E7EA;border-left:0;border-right:0;font-family:Verdana, sans-serif;font-size:13pt;} .battle-log .chat {vertical-align:middle;padding:3px 0 3px 0;font-size:8pt;} .battle-log .chat strong {color:#40576A;} .battle-log .chat em {padding:1px 4px 1px 3px;color:#000000;font-style:normal;} .chat.mine {background:rgba(0,0,0,0.05);margin-left:-8px;margin-right:-8px;padding-left:8px;padding-right:8px;} .spoiler {color:#BBBBBB;background:#BBBBBB;padding:0px 3px;} .spoiler:hover, .spoiler:active, .spoiler-shown {color:#000000;background:#E2E2E2;padding:0px 3px;} .spoiler a {color:#BBBBBB;} .spoiler:hover a, .spoiler:active a, .spoiler-shown a {color:#2288CC;} .chat code, .chat .spoiler:hover code, .chat .spoiler:active code, .chat .spoiler-shown code {border:1px solid #C0C0C0;background:#EEEEEE;color:black;padding:0 2px;} .chat .spoiler code {border:1px solid #CCCCCC;background:#CCCCCC;color:#CCCCCC;} .battle-log .rated {padding:3px 4px;} .battle-log .rated strong {color:white;background:#89A;padding:1px 4px;border-radius:4px;} .spacer {margin-top:0.5em;} .message-announce {background:#6688AA;color:white;padding:1px 4px 2px;} .message-announce a, .broadcast-green a, .broadcast-blue a, .broadcast-red a {color:#DDEEFF;} .broadcast-green {background-color:#559955;color:white;padding:2px 4px;} .broadcast-blue {background-color:#6688AA;color:white;padding:2px 4px;} .infobox {border:1px solid #6688AA;padding:2px 4px;} .infobox-limited {max-height:200px;overflow:auto;overflow-x:hidden;} .broadcast-red {background-color:#AA5544;color:white;padding:2px 4px;} .message-learn-canlearn {font-weight:bold;color:#228822;text-decoration:underline;} .message-learn-cannotlearn {font-weight:bold;color:#CC2222;text-decoration:underline;} .message-effect-weak {font-weight:bold;color:#CC2222;} .message-effect-resist {font-weight:bold;color:#6688AA;} .message-effect-immune {font-weight:bold;color:#666666;} .message-learn-list {margin-top:0;margin-bottom:0;} .message-throttle-notice, .message-error {color:#992222;} .message-overflow, .chat small.message-overflow {font-size:0pt;} .message-overflow::before {font-size:9pt;content:'...';} .subtle {color:#3A4A66;}
</style>
<div class="wrapper replay-wrapper" style="max-width:1180px;margin:0 auto">
<input type="hidden" name="replayid" value="smogtours-lc-231645" />
<div class="battle"></div><div class="battle-log"></div><div class="replay-controls"></div><div class="replay-controls-2"></div>
<h1 style="font-weight:normal;text-align:center"><strong>LC</strong><br /><a href="http://pokemonshowdown.com/users/kingler12345" class="subtle" target="_blank">kingler12345</a> vs. <a href="http://pokemonshowdown.com/users/heysup" class="subtle" target="_blank">Heysup</a></h1>
<script type="text/plain" class="battle-log-data">|inactive|Battle timer is ON: inactive players will automatically lose when time's up.
|J|kingler12345
|J|Heysup
|player|p1|kingler12345|44
|player|p2|Heysup|145
|gametype|singles
|gen|6
|tier|LC
|seed|33728,42696,42455,13426
|clearpoke
|poke|p1|Porygon, L5|item
|poke|p1|Magnemite, L5|item
|poke|p1|Abra, L5, F|item
|poke|p1|Mienfoo, L5, F|item
|poke|p1|Pumpkaboo-*, L5, F|item
|poke|p1|Staryu, L5|item
|poke|p2|Togepi, L5, M|item
|poke|p2|Abra, L5, M|item
|poke|p2|Torchic, L5, F|item
|poke|p2|Exeggcute, L5, M|item
|poke|p2|Onix, L5, M|item
|poke|p2|Mienfoo, L5, M|item
|rule|Sleep Clause Mod: Limit one foe put to sleep
|rule|Species Clause: Limit one of each Pokémon
|rule|OHKO Clause: OHKO moves are banned
|rule|Moody Clause: Moody is banned
|rule|Evasion Moves Clause: Evasion moves are banned
|rule|Endless Battle Clause: Forcing endless battles is banned
|rule|HP Percentage Mod: HP is shown in percentages
|teampreview
|choice|team 5, team 2, team 3, team 4, team 1, team 6|team 3, team 2, team 1, team 4, team 5, team 6
|
|start
|switch|p1a: Pumpkaboo|Pumpkaboo-Super, L5, F|25\/25
|switch|p2a: Torchic|Torchic, L5, F|19\/19
|-item|p2a: Torchic|Life Orb|[from] ability: Frisk|[of] p1a: Pumpkaboo|[identify]
|turn|1
|choice|switch 6|move fireblast
|
|switch|p1a: Staryu|Staryu, L5|21\/21
|move|p2a: Torchic|Fire Blast|p1a: Staryu
|-resisted|p1a: Staryu
|-damage|p1a: Staryu|13\/21
|-damage|p2a: Torchic|18\/19|[from] item: Life Orb
|
|-ability|p2a: Torchic|Speed Boost|boost
|-boost|p2a: Torchic|spe|1
|upkeep
|turn|2
|choice|switch 5|move hiddenpower
|
|switch|p1a: Porygon|Porygon, L5|25\/25
|-ability|p1a: Porygon|Download|boost
|-boost|p1a: Porygon|spa|1
|move|p2a: Torchic|Hidden Power|p1a: Porygon
|-damage|p1a: Porygon|20\/25
|-damage|p2a: Torchic|17\/19|[from] item: Life Orb
|
|-ability|p2a: Torchic|Speed Boost|boost
|-boost|p2a: Torchic|spe|1
|upkeep
|turn|3
|choice|move triattack|move protect
|
|move|p2a: Torchic|Protect|p2a: Torchic
|-singleturn|p2a: Torchic|Protect
|move|p1a: Porygon|Tri Attack|p2a: Torchic
|-activate|p2a: Torchic|move: Protect
|
|-ability|p2a: Torchic|Speed Boost|boost
|-boost|p2a: Torchic|spe|1
|upkeep
|turn|4
|L|kingler12345
|player|p1
|J|kingler12345
|player|p1|kingler12345|44
|choice|move triattack|move batonpass
|
|move|p2a: Torchic|Baton Pass|p2a: Torchic
|L|kingler12345
|player|p1
|-message|kingler12345 lost due to inactivity.
|
|win|Heysup</script>
</div>
<div class="battle-log battle-log-inline"><div class="inner"><div class="battle-options"></div><div class="inner"><div class="chat message-error">Battle timer is ON: inactive players will automatically lose when time's up.</div><div class=""><small>Format:</small> <br><strong>LC</strong></div><div class=""><small><em>Sleep Clause Mod:</em> Limit one foe put to sleep</small></div><div class=""><small><em>Species Clause:</em> Limit one of each Pokémon</small></div><div class=""><small><em>OHKO Clause:</em> OHKO moves are banned</small></div><div class=""><small><em>Moody Clause:</em> Moody is banned</small></div><div class=""><small><em>Evasion Moves Clause:</em> Evasion moves are banned</small></div><div class=""><small><em>Endless Battle Clause:</em> Forcing endless battles is banned</small></div><div class=""><small><em>HP Percentage Mod:</em> HP is shown in percentages</small></div><div class="chat battle-history"><strong>kingler12345's team:</strong> <em style="color:#445566;display:block;">Porygon / Magnemite / Abra / Mienfoo / Pumpkaboo-* / Staryu</em></div><div class="chat battle-history"><strong>Heysup's team:</strong> <em style="color:#445566;display:block;">Togepi / Abra / Torchic / Exeggcute / Onix / Mienfoo</em></div><div class="spacer battle-history"><br></div><div class="battle-history">Battle started between kingler12345 and Heysup!<br></div><div class="spacer battle-history"><br></div><div class="battle-history">Go! Pumpkaboo (<strong>Pumpkaboo-Super</strong>)!<br></div><div class="spacer battle-history"><br></div><div class="battle-history">Heysup sent out <strong>Torchic</strong>!<br></div><div class="battle-history"><small>[Pumpkaboo's Frisk]</small><br><small>Pumpkaboo frisked the opposing Torchic and found its Life Orb!</small><br></div><div class="spacer battle-history"><br></div><h2 class="battle-history">Turn 1</h2><div class="spacer battle-history"><br></div><div class="battle-history">Pumpkaboo, come back!<br></div><div class="battle-history">Go! <strong>Staryu</strong>!<br></div><div class="spacer battle-history"><br></div><div class="battle-history">The opposing Torchic used <strong>Fire Blast</strong>!<br></div><div class="battle-history"><small>It's not very effective...</small><br></div><div class="battle-history"><small>(Staryu lost <abbr title="−8/21">38.1%</abbr> of its health!)</small><br></div><div class="battle-history"><small>The opposing Torchic lost some of its HP!</small><br></div><div class="spacer battle-history"><br></div><div class="battle-history"><small>[The opposing Torchic's Speed Boost]</small><br></div><div class="battle-history"><small>The opposing Torchic's Speed rose!</small><br></div><div class="spacer battle-history"><br></div><h2 class="battle-history">Turn 2</h2><div class="spacer battle-history"><br></div><div class="battle-history">Staryu, come back!<br></div><div class="battle-history">Go! <strong>Porygon</strong>!<br></div><div class="battle-history"><small>[Porygon's Download]</small><br></div><div class="battle-history"><small>Porygon's Special Attack rose!</small><br></div><div class="spacer battle-history"><br></div><div class="battle-history">The opposing Torchic used <strong>Hidden Power</strong>!<br></div><div class="battle-history"><small>(Porygon lost <abbr title="−5/25">20%</abbr> of its health!)</small><br></div><div class="battle-history"><small>The opposing Torchic lost some of its HP!</small><br></div><div class="spacer battle-history"><br></div><div class="battle-history"><small>[The opposing Torchic's Speed Boost]</small><br></div><div class="battle-history"><small>The opposing Torchic's Speed rose!</small><br></div><div class="spacer battle-history"><br></div><h2 class="battle-history">Turn 3</h2><div class="spacer battle-history"><br></div><div class="battle-history">The opposing Torchic used <strong>Protect</strong>!<br></div><div class="battle-history"><small>The opposing Torchic protected itself!</small><br></div><div class="spacer battle-history"><br></div><div class="battle-history">Porygon used <strong>Tri Attack</strong>!<br></div><div class="battle-history"><small>The opposing Torchic protected itself!</small><br></div><div class="spacer battle-history"><br></div><div class="battle-history"><small>[The opposing Torchic's Speed Boost]</small><br></div><div class="battle-history"><small>The opposing Torchic's Speed rose!</small><br></div><div class="spacer battle-history"><br></div><h2 class="battle-history">Turn 4</h2><div class="spacer battle-history"><br></div><div class="battle-history">The opposing Torchic used <strong>Baton Pass</strong>!<br></div><div class="battle-history"><small>kingler12345 lost due to inactivity.</small><br></div><div class="spacer battle-history"><br></div><div class="battle-history"><strong>Heysup</strong> won the battle!<br></div></div><div class="inner-preempt"></div></div></div>
</div>
<script>
let daily = Math.floor(Date.now()/1000/60/60/24);document.write('<script src="https://play.pokemonshowdown.com/js/replay-embed.js?version'+daily+'"></'+'script>');
</script>
