<!DOCTYPE html>
<meta charset="utf-8" />
<!-- version 1 -->
<title>LC replay: Feliks✘ vs. Charlie Marx</title>
<style>
html,body {font-family:Verdana, sans-serif;font-size:10pt;margin:0;padding:0;}body{padding:12px 0;} .battle-log {font-family:Verdana, sans-serif;font-size:10pt;} .battle-log-inline {border:1px solid #AAAAAA;background:#EEF2F5;color:black;max-width:640px;margin:0 auto 80px;padding-bottom:5px;} .battle-log .inner {padding:4px 8px 0px 8px;} .battle-log .inner-preempt {padding:0 8px 4px 8px;} .battle-log .inner-after {margin-top:0.5em;} .battle-log h2 {margin:0.5em -8px;padding:4px 8px;border:1px solid #AAAAAA;background:#E0E7EA;border-left:0;border-right:0;font-family:Verdana, sans-serif;font-size:13pt;} .battle-log .chat {vertical-align:middle;padding:3px 0 3px 0;font-size:8pt;} .battle-log .chat strong {color:#40576A;} .battle-log .chat em {padding:1px 4px 1px 3px;color:#000000;font-style:normal;} .chat.mine {background:rgba(0,0,0,0.05);margin-left:-8px;margin-right:-8px;padding-left:8px;padding-right:8px;} .spoiler {color:#BBBBBB;background:#BBBBBB;padding:0px 3px;} .spoiler:hover, .spoiler:active, .spoiler-shown {color:#000000;background:#E2E2E2;padding:0px 3px;} .spoiler a {color:#BBBBBB;} .spoiler:hover a, .spoiler:active a, .spoiler-shown a {color:#2288CC;} .chat code, .chat .spoiler:hover code, .chat .spoiler:active code, .chat .spoiler-shown code {border:1px solid #C0C0C0;background:#EEEEEE;color:black;padding:0 2px;} .chat .spoiler code {border:1px solid #CCCCCC;background:#CCCCCC;color:#CCCCCC;} .battle-log .rated {padding:3px 4px;} .battle-log .rated strong {color:white;background:#89A;padding:1px 4px;border-radius:4px;} .spacer {margin-top:0.5em;} .message-announce {background:#6688AA;color:white;padding:1px 4px 2px;} .message-announce a, .broadcast-green a, .broadcast-blue a, .broadcast-red a {color:#DDEEFF;} .broadcast-green {background-color:#559955;color:white;padding:2px 4px;} .broadcast-blue {background-color:#6688AA;color:white;padding:2px 4px;} .infobox {border:1px solid #6688AA;padding:2px 4px;} .infobox-limited {max-height:200px;overflow:auto;overflow-x:hidden;} .broadcast-red {background-color:#AA5544;color:white;padding:2px 4px;} .message-learn-canlearn {font-weight:bold;color:#228822;text-decoration:underline;} .message-learn-cannotlearn {font-weight:bold;color:#CC2222;text-decoration:underline;} .message-effect-weak {font-weight:bold;color:#CC2222;} .message-effect-resist {font-weight:bold;color:#6688AA;} .message-effect-immune {font-weight:bold;color:#666666;} .message-learn-list {margin-top:0;margin-bottom:0;} .message-throttle-notice, .message-error {color:#992222;} .message-overflow, .chat small.message-overflow {font-size:0pt;} .message-overflow::before {font-size:9pt;content:'...';} .subtle {color:#3A4A66;}
</style>
<div class="wrapper replay-wrapper" style="max-width:1180px;margin:0 auto">
<input type="hidden" name="replayid" value="destiny-lc-75046" />
<div class="battle"></div><div class="battle-log"></div><div class="replay-controls"></div><div class="replay-controls-2"></div>
<h1 style="font-weight:normal;text-align:center"><strong>LC</strong><br /><a href="http://pokemonshowdown.com/users/feliks" class="subtle" target="_blank">Feliks✘</a> vs. <a href="http://pokemonshowdown.com/users/charliemarx" class="subtle" target="_blank">Charlie Marx</a></h1>
<script type="text/plain" class="battle-log-data">|j|Feliks✘
|j|Charlie Marx
|unlink|||tour
|player|p1|Feliks✘|feliks.gif?172c0655
|player|p2|Charlie Marx|1030
|gametype|singles
|gen|7
|tier|LC
|seed|42751,31546,30609,51357
|rule|Cláusula de Contoneo: se prohibe el uso de Contoneo
|clearpoke
|poke|p1|Mienfoo, L5, F|item
|poke|p1|Wynaut, L5, F|item
|poke|p1|Pumpkaboo-*, L5, F|item
|poke|p1|Surskit, L5, M|item
|poke|p1|Pawniard, L5, M|item
|poke|p1|Abra, L5, F|item
|poke|p2|Scraggy, L5, M, shiny|item
|poke|p2|Geodude-Alola, L5, M|item
|poke|p2|Mareanie, L5, M, shiny|item
|poke|p2|Doduo, L5, F|item
|poke|p2|Cottonee, L5, M|item
|poke|p2|Taillow, L5, F|item
|rule|Cláusula-Mod de Dormir: solo puedes dormir a uno de tus oponentes a la vez.
|rule|Cláusula de Especie: Hasta un Pokémon de cada especie
|rule|Cláusula de Golpe Fulminante: los movimientos fulminantes (OHKO) estan prohibidos
|rule|Cláusula de Moody: la habilidad Moody está prohibida
|rule|Cláusula de Movimientos Evasivos: los movimientos de evasion estan prohibidos
|rule|Cláusula de Batallas Eternas: forzar batallas eternas está prohibido
|teampreview
|choice|*|*team 321456
|choice|*team 523416|*
|choice|team 5, team 2, team 3, team 4, team 1, team 6|team 3, team 2, team 1, team 4, team 5, team 6
|
|start
|switch|p1a: Pawniard|Pawniard, L5, M|21\/21
|switch|p2a: Eoito|Mareanie, L5, M, shiny|21\/21
|turn|1
|choice|*move 4|*
|j|RayParK_
|l|RayParK_
|choice|*|*move 3
|choice|move stealthrock|move protect
|
|move|p2a: Eoito|Protect|p2a: Eoito
|-singleturn|p2a: Eoito|Protect
|move|p1a: Pawniard|Stealth Rock|p2a: Eoito
|-sidestart|p2: Charlie Marx|move: Stealth Rock
|
|upkeep
|turn|2
|choice|*|*move 1
|c|☆Charlie Marx|hola?
|c|☆Feliks✘|Hola
|c|☆Feliks✘|sorry
|c|☆Feliks✘|aoduaij
|choice|*move 1|*
|choice|move knockoff|move toxicspikes
|
|move|p1a: Pawniard|Knock Off|p2a: Eoito
|-crit|p2a: Eoito
|-damage|p2a: Eoito|3\/21
|-enditem|p2a: Eoito|Leftovers|[from] move: Knock Off|[of] p1a: Pawniard
|move|p2a: Eoito|Toxic Spikes|p1a: Pawniard
|-sidestart|p1: Feliks✘|move: Toxic Spikes
|
|upkeep
|turn|3
|choice|*move 1|*
|c|☆Charlie Marx|tranquilo
|choice|*|*move 1
|choice|move knockoff|move toxicspikes
|
|move|p1a: Pawniard|Knock Off|p2a: Eoito
|-damage|p2a: Eoito|0 fnt
|faint|p2a: Eoito
|
|upkeep
|choice|*|*switch 3
|choice||switch 3
|
|switch|p2a: Scraggggy|Scraggy, L5, M, shiny|21\/21
|-damage|p2a: Scraggggy|20\/21|[from] Stealth Rock
|turn|4
|choice|*|*move 1
|choice|*move 3|*
|choice|move ironhead|move dragondance
|
|move|p1a: Pawniard|Iron Head|p2a: Scraggggy
|-damage|p2a: Scraggggy|11\/21
|move|p2a: Scraggggy|Dragon Dance|p2a: Scraggggy
|-boost|p2a: Scraggggy|atk|1
|-boost|p2a: Scraggggy|spe|1
|
|upkeep
|turn|5
|choice|*move 3|*
|choice|*|*move 2
|choice|move ironhead|move drainpunch
|
|move|p2a: Scraggggy|Drain Punch|p1a: Pawniard
|-supereffective|p1a: Pawniard
|-damage|p1a: Pawniard|0 fnt
|-heal|p2a: Scraggggy|21\/21|[from] drain|[of] p1a: Pawniard
|faint|p1a: Pawniard
|
|upkeep
|choice|*switch 2|*
|choice|switch 2|
|
|switch|p1a: Wynaut|Wynaut, L5, F|29\/29
|-status|p1a: Wynaut|psn
|turn|6
|choice|*move 1|*
|choice|*|*move 3
|choice|move counter|move ironhead
|
|move|p2a: Scraggggy|Iron Head|p1a: Wynaut
|-damage|p1a: Wynaut|14\/29 psn
|-enditem|p1a: Wynaut|Berry Juice
|-heal|p1a: Wynaut|29\/29 psn|[from] item: Berry Juice
|cant|p1a: Wynaut|flinch
|
|-damage|p1a: Wynaut|26\/29 psn|[from] psn
|upkeep
|turn|7
|choice|*|*move 3
|choice|*move 4|*
|choice|move destinybond|move ironhead
|
|move|p2a: Scraggggy|Iron Head|p1a: Wynaut
|-damage|p1a: Wynaut|12\/29 psn
|move|p1a: Wynaut|Destiny Bond|p1a: Wynaut
|-singlemove|p1a: Wynaut|Destiny Bond
|
|-damage|p1a: Wynaut|9\/29 psn|[from] psn
|upkeep
|turn|8
|choice|*move 3|*
|choice|*|*move 1
|choice|move encore|move dragondance
|
|move|p2a: Scraggggy|Dragon Dance|p2a: Scraggggy
|-boost|p2a: Scraggggy|atk|1
|-boost|p2a: Scraggggy|spe|1
|move|p1a: Wynaut|Encore|p2a: Scraggggy
|-start|p2a: Scraggggy|Encore
|
|-damage|p1a: Wynaut|6\/29 psn|[from] psn
|upkeep
|turn|9
|choice|*|*move 1
|choice|*switch 6|*
|choice|switch 6|move dragondance
|
|switch|p1a: Abra|Abra, L5, F|19\/19
|-status|p1a: Abra|psn
|move|p2a: Scraggggy|Dragon Dance|p2a: Scraggggy
|-boost|p2a: Scraggggy|atk|1
|-boost|p2a: Scraggggy|spe|1
|
|upkeep
|turn|10
|choice|*move 3|*
|choice|*|*move 1
|choice|move substitute|move dragondance
|
|move|p2a: Scraggggy|Dragon Dance|p2a: Scraggggy
|-boost|p2a: Scraggggy|atk|1
|-boost|p2a: Scraggggy|spe|1
|move|p1a: Abra|Substitute|p1a: Abra
|-start|p1a: Abra|Substitute
|-damage|p1a: Abra|15\/19 psn
|
|upkeep
|turn|11
|choice|*move 2|*
|c|☆Charlie Marx|demasiado podeeeeeeeeeer
|choice|*|*move 1
|choice|move dazzlinggleam|move dragondance
|
|move|p2a: Scraggggy|Dragon Dance|p2a: Scraggggy
|-boost|p2a: Scraggggy|atk|1
|-boost|p2a: Scraggggy|spe|1
|move|p1a: Abra|Dazzling Gleam|p2a: Scraggggy
|-supereffective|p2a: Scraggggy
|-damage|p2a: Scraggggy|0 fnt
|faint|p2a: Scraggggy
|
|upkeep
|choice|*|*switch 2
|choice||switch 2
|
|switch|p2a: Rocky|Geodude-Alola, L5, M|20\/20
|-damage|p2a: Rocky|18\/20|[from] Stealth Rock
|turn|12
|choice|*|*move 4
|choice|*move 4|*
|choice|move hiddenpower|move earthquake
|
|move|p1a: Abra|Hidden Power|p2a: Rocky
|-supereffective|p2a: Rocky
|-damage|p2a: Rocky|0 fnt
|faint|p2a: Rocky
|
|upkeep
|choice|*|*switch 5
|choice||switch 5
|
|switch|p2a: Ovejita|Cottonee, L5, M|20\/20
|-damage|p2a: Ovejita|18\/20|[from] Stealth Rock
|turn|13
|choice|*|*move 1
|choice|*move 1|*
|choice|move psychic|move protect
|
|move|p2a: Ovejita|Protect|p2a: Ovejita
|-singleturn|p2a: Ovejita|Protect
|move|p1a: Abra|Psychic|p2a: Ovejita
|-activate|p2a: Ovejita|move: Protect
|
|-heal|p2a: Ovejita|19\/20|[from] item: Leftovers
|upkeep
|turn|14
|choice|*move 1|*
|j|Gochan - ΑℱΚ
|choice|*|*move 4
|choice|move psychic|move dazzlinggleam
|
|move|p1a: Abra|Psychic|p2a: Ovejita
|-damage|p2a: Ovejita|0 fnt
|faint|p2a: Ovejita
|
|upkeep
|choice|*|*switch 4
|choice||switch 4
|
|switch|p2a: 2por1|Doduo, L5, F|20\/20
|-damage|p2a: 2por1|15\/20|[from] Stealth Rock
|turn|15
|choice|*|*move 3
|choice|*move 1|*
|choice|move psychic|move drillpeck
|
|move|p1a: Abra|Psychic|p2a: 2por1
|-damage|p2a: 2por1|0 fnt
|faint|p2a: 2por1
|
|upkeep
|choice|*|*switch 6
|choice||switch 6
|
|switch|p2a: KFC|Taillow, L5, F|21\/21
|-damage|p2a: KFC|16\/21|[from] Stealth Rock
|turn|16
|choice|*move 1|*
|choice|*|*move 2
|choice|move psychic|move facade
|
|move|p2a: KFC|Facade|p1a: Abra
|-crit|p1a: Abra
|-end|p1a: Abra|Substitute
|move|p1a: Abra|Psychic|p2a: KFC
|-damage|p2a: KFC|0 fnt
|faint|p2a: KFC
|
|win|Feliks✘
|player|p1
|player|p2
|l|Charlie Marx</script>
</div>
<div class="battle-log battle-log-inline"><div class="inner"><div class="battle-options"></div><div class="inner"><div class="chat"><small>Feliks✘ joined.</small></div><div class="chat"><small>Charlie Marx joined.</small></div><div class=""><small>Format:</small> <br><strong>LC</strong></div><div class=""><small><em>Cláusula de Contoneo:</em> se prohibe el uso de Contoneo</small></div><div class=""><small><em>Cláusula-Mod de Dormir:</em> solo puedes dormir a uno de tus oponentes a la vez.</small></div><div class=""><small><em>Cláusula de Especie:</em> Hasta un Pokémon de cada especie</small></div><div class=""><small><em>Cláusula de Golpe Fulminante:</em> los movimientos fulminantes (OHKO) estan prohibidos</small></div><div class=""><small><em>Cláusula de Moody:</em> la habilidad Moody está prohibida</small></div><div class=""><small><em>Cláusula de Movimientos Evasivos:</em> los movimientos de evasion estan prohibidos</small></div><div class=""><small><em>Cláusula de Batallas Eternas:</em> forzar batallas eternas está prohibido</small></div><div class="chat battle-history"><strong>Feliks✘'s team:</strong> <em style="color:#445566;display:block;">Mienfoo / Wynaut / Pumpkaboo-* / Surskit / Pawniard / Abra</em></div><div class="chat battle-history"><strong>Charlie Marx's team:</strong> <em style="color:#445566;display:block;">Scraggy / Geodude-Alola / Mareanie / Doduo / Cottonee / Taillow</em></div><div class="spacer battle-history"><br></div><div class="battle-history">Battle started between Feliks✘ and Charlie Marx!<br></div><div class="spacer battle-history"><br></div><div class="battle-history">Go! <strong>Pawniard</strong>!<br></div><div class="spacer battle-history"><br></div><div class="battle-history">Charlie Marx sent out Eoito (<strong>Mareanie</strong>)!<br></div><div class="spacer battle-history"><br></div><h2 class="battle-history">Turn 1</h2><div class="chat"><small>RayParK_ joined.</small></div><div class="chat"><small>RayParK_ left.</small></div><div class="spacer battle-history"><br></div><div class="battle-history">The opposing Eoito used <strong>Protect</strong>!<br></div><div class="battle-history"><small>The opposing Eoito protected itself!</small><br></div><div class="spacer battle-history"><br></div><div class="battle-history">Pawniard used <strong>Stealth Rock</strong>!<br></div><div class="battle-history"><small>Pointed stones float in the air around the opposing team!</small><br></div><div class="spacer battle-history"><br></div><h2 class="battle-history">Turn 2</h2><div class="chat chatmessage-charliemarx"><strong style="color:hsl(328,74%,47.41559800746904%)"><small>☆</small><span class="username" data-name="Charlie Marx">Charlie Marx</span>:</strong> <em>hola?</em></div><div class="chat chatmessage-feliks"><strong style="color:hsl(159,57%,38%)"><small>☆</small><span class="username" data-name="Feliks✘">Feliks✘</span>:</strong> <em>Hola</em></div><div class="chat chatmessage-feliks"><strong style="color:hsl(159,57%,38%)"><small>☆</small><span class="username" data-name="Feliks✘">Feliks✘</span>:</strong> <em>sorry</em></div><div class="chat chatmessage-feliks"><strong style="color:hsl(159,57%,38%)"><small>☆</small><span class="username" data-name="Feliks✘">Feliks✘</span>:</strong> <em>aoduaij</em></div><div class="spacer battle-history"><br></div><div class="battle-history">Pawniard used <strong>Knock Off</strong>!<br></div><div class="battle-history"><small>A critical hit!</small><br></div><div class="battle-history"><small>(The opposing Eoito lost <abbr title="−18/21">85.7%</abbr> of its health!)</small><br></div><div class="battle-history"><small>Pawniard knocked off the opposing Eoito's Leftovers!</small><br></div><div class="spacer battle-history"><br></div><div class="battle-history">The opposing Eoito used <strong>Toxic Spikes</strong>!<br></div><div class="battle-history"><small>Poison spikes were scattered on the ground all around your team!</small><br></div><div class="spacer battle-history"><br></div><h2 class="battle-history">Turn 3</h2><div class="chat chatmessage-charliemarx"><strong style="color:hsl(328,74%,47.41559800746904%)"><small>☆</small><span class="username" data-name="Charlie Marx">Charlie Marx</span>:</strong> <em>tranquilo</em></div><div class="spacer battle-history"><br></div><div class="battle-history">Pawniard used <strong>Knock Off</strong>!<br></div><div class="battle-history"><small>(The opposing Eoito lost <abbr title="−3/21">14.3%</abbr> of its health!)</small><br></div><div class="spacer battle-history"><br></div><div class="battle-history">The opposing Eoito fainted!<br></div><div class="spacer battle-history"><br></div><div class="battle-history">Charlie Marx sent out Scraggggy (<strong>Scraggy</strong>)!<br></div><div class="battle-history"><small>Pointed stones dug into the opposing Scraggggy!</small><br></div><div class="spacer battle-history"><br></div><h2 class="battle-history">Turn 4</h2><div class="spacer battle-history"><br></div><div class="battle-history">Pawniard used <strong>Iron Head</strong>!<br></div><div class="battle-history"><small>(The opposing Scraggggy lost <abbr title="−9/21">42.9%</abbr> of its health!)</small><br></div><div class="spacer battle-history"><br></div><div class="battle-history">The opposing Scraggggy used <strong>Dragon Dance</strong>!<br></div><div class="battle-history"><small>The opposing Scraggggy's Attack rose!</small><br></div><div class="battle-history"><small>The opposing Scraggggy's Speed rose!</small><br></div><div class="spacer battle-history"><br></div><h2 class="battle-history">Turn 5</h2><div class="spacer battle-history"><br></div><div class="battle-history">The opposing Scraggggy used <strong>Drain Punch</strong>!<br></div><div class="battle-history"><small>It's super effective!</small><br></div><div class="battle-history"><small>(Pawniard lost <abbr title="−21/21">100%</abbr> of its health!)</small><br></div><div class="battle-history"><small>Pawniard had its energy drained!</small><br></div><div class="spacer battle-history"><br></div><div class="battle-history">Pawniard fainted!<br></div><div class="spacer battle-history"><br></div><div class="battle-history">Go! <strong>Wynaut</strong>!<br></div><div class="battle-history"><small>Wynaut was poisoned!</small><br></div><div class="spacer battle-history"><br></div><h2 class="battle-history">Turn 6</h2><div class="spacer battle-history"><br></div><div class="battle-history">The opposing Scraggggy used <strong>Iron Head</strong>!<br></div><div class="battle-history"><small>(Wynaut lost <abbr title="−15/29">51.7%</abbr> of its health!)</small><br></div><div class="battle-history"><small>(Wynaut used its Berry Juice!)</small><br></div><div class="battle-history"><small>Wynaut restored HP using its Berry Juice!</small><br></div><div class="spacer battle-history"><br></div><div class="battle-history">Wynaut flinched and couldn't move!<br></div><div class="spacer battle-history"><br></div><div class="battle-history"><small>Wynaut was hurt by poison!</small><br></div><div class="spacer battle-history"><br></div><h2 class="battle-history">Turn 7</h2><div class="spacer battle-history"><br></div><div class="battle-history">The opposing Scraggggy used <strong>Iron Head</strong>!<br></div><div class="battle-history"><small>(Wynaut lost <abbr title="−14/29">48.3%</abbr> of its health!)</small><br></div><div class="spacer battle-history"><br></div><div class="battle-history">Wynaut used <strong>Destiny Bond</strong>!<br></div><div class="battle-history">Wynaut is hoping to take its attacker down with it!<br></div><div class="spacer battle-history"><br></div><div class="battle-history"><small>Wynaut was hurt by poison!</small><br></div><div class="spacer battle-history"><br></div><h2 class="battle-history">Turn 8</h2><div class="spacer battle-history"><br></div><div class="battle-history">The opposing Scraggggy used <strong>Dragon Dance</strong>!<br></div><div class="battle-history"><small>The opposing Scraggggy's Attack rose!</small><br></div><div class="battle-history"><small>The opposing Scraggggy's Speed rose!</small><br></div><div class="spacer battle-history"><br></div><div class="battle-history">Wynaut used <strong>Encore</strong>!<br></div><div class="battle-history"><small>The opposing Scraggggy received an encore!</small><br></div><div class="spacer battle-history"><br></div><div class="battle-history"><small>Wynaut was hurt by poison!</small><br></div><div class="spacer battle-history"><br></div><h2 class="battle-history">Turn 9</h2><div class="spacer battle-history"><br></div><div class="battle-history">Wynaut, come back!<br></div><div class="battle-history">Go! <strong>Abra</strong>!<br></div><div class="battle-history"><small>Abra was poisoned!</small><br></div><div class="spacer battle-history"><br></div><div class="battle-history">The opposing Scraggggy used <strong>Dragon Dance</strong>!<br></div><div class="battle-history"><small>The opposing Scraggggy's Attack rose!</small><br></div><div class="battle-history"><small>The opposing Scraggggy's Speed rose!</small><br></div><div class="spacer battle-history"><br></div><h2 class="battle-history">Turn 10</h2><div class="spacer battle-history"><br></div><div class="battle-history">The opposing Scraggggy used <strong>Dragon Dance</strong>!<br></div><div class="battle-history"><small>The opposing Scraggggy's Attack rose!</small><br></div><div class="battle-history"><small>The opposing Scraggggy's Speed rose!</small><br></div><div class="spacer battle-history"><br></div><div class="battle-history">Abra used <strong>Substitute</strong>!<br></div><div class="battle-history"><small>Abra put in a substitute!</small><br></div><div class="battle-history"><small>(Abra lost <abbr title="−4/19">21.1%</abbr> of its health!)</small><br></div><div class="spacer battle-history"><br></div><h2 class="battle-history">Turn 11</h2><div class="chat chatmessage-charliemarx"><strong style="color:hsl(328,74%,47.41559800746904%)"><small>☆</small><span class="username" data-name="Charlie Marx">Charlie Marx</span>:</strong> <em>demasiado podeeeeeeeeeer</em></div><div class="spacer battle-history"><br></div><div class="battle-history">The opposing Scraggggy used <strong>Dragon Dance</strong>!<br></div><div class="battle-history"><small>The opposing Scraggggy's Attack rose!</small><br></div><div class="battle-history"><small>The opposing Scraggggy's Speed rose!</small><br></div><div class="spacer battle-history"><br></div><div class="battle-history">Abra used <strong>Dazzling Gleam</strong>!<br></div><div class="battle-history"><small>It's super effective!</small><br></div><div class="battle-history"><small>(The opposing Scraggggy lost <abbr title="−21/21">100%</abbr> of its health!)</small><br></div><div class="spacer battle-history"><br></div><div class="battle-history">The opposing Scraggggy fainted!<br></div><div class="spacer battle-history"><br></div><div class="battle-history">Charlie Marx sent out Rocky (<strong>Geodude-Alola</strong>)!<br></div><div class="battle-history"><small>Pointed stones dug into the opposing Rocky!</small><br></div><div class="spacer battle-history"><br></div><h2 class="battle-history">Turn 12</h2><div class="spacer battle-history"><br></div><div class="battle-history">Abra used <strong>Hidden Power</strong>!<br></div><div class="battle-history"><small>It's super effective!</small><br></div><div class="battle-history"><small>(The opposing Rocky lost <abbr title="−18/20">90%</abbr> of its health!)</small><br></div><div class="spacer battle-history"><br></div><div class="battle-history">The opposing Rocky fainted!<br></div><div class="spacer battle-history"><br></div><div class="battle-history">Charlie Marx sent out Ovejita (<strong>Cottonee</strong>)!<br></div><div class="battle-history"><small>Pointed stones dug into the opposing Ovejita!</small><br></div><div class="spacer battle-history"><br></div><h2 class="battle-history">Turn 13</h2><div class="spacer battle-history"><br></div><div class="battle-history">The opposing Ovejita used <strong>Protect</strong>!<br></div><div class="battle-history"><small>The opposing Ovejita protected itself!</small><br></div><div class="spacer battle-history"><br></div><div class="battle-history">Abra used <strong>Psychic</strong>!<br></div><div class="battle-history"><small>The opposing Ovejita protected itself!</small><br></div><div class="spacer battle-history"><br></div><div class="battle-history"><small>The opposing Ovejita restored a little HP using its Leftovers!</small><br></div><div class="spacer battle-history"><br></div><h2 class="battle-history">Turn 14</h2><div class="chat"><small>Gochan - ΑℱΚ joined.</small></div><div class="spacer battle-history"><br></div><div class="battle-history">Abra used <strong>Psychic</strong>!<br></div><div class="battle-history"><small>(The opposing Ovejita lost <abbr title="−19/20">95%</abbr> of its health!)</small><br></div><div class="spacer battle-history"><br></div><div class="battle-history">The opposing Ovejita fainted!<br></div><div class="spacer battle-history"><br></div><div class="battle-history">Charlie Marx sent out 2por1 (<strong>Doduo</strong>)!<br></div><div class="battle-history"><small>Pointed stones dug into the opposing 2por1!</small><br></div><div class="spacer battle-history"><br></div><h2 class="battle-history">Turn 15</h2><div class="spacer battle-history"><br></div><div class="battle-history">Abra used <strong>Psychic</strong>!<br></div><div class="battle-history"><small>(The opposing 2por1 lost <abbr title="−15/20">75%</abbr> of its health!)</small><br></div><div class="spacer battle-history"><br></div><div class="battle-history">The opposing 2por1 fainted!<br></div><div class="spacer battle-history"><br></div><div class="battle-history">Charlie Marx sent out KFC (<strong>Taillow</strong>)!<br></div><div class="battle-history"><small>Pointed stones dug into the opposing KFC!</small><br></div><div class="spacer battle-history"><br></div><h2 class="battle-history">Turn 16</h2><div class="spacer battle-history"><br></div><div class="battle-history">The opposing KFC used <strong>Facade</strong>!<br></div><div class="battle-history"><small>A critical hit!</small><br></div><div class="battle-history"><small>Abra's substitute faded!</small><br></div><div class="spacer battle-history"><br></div><div class="battle-history">Abra used <strong>Psychic</strong>!<br></div><div class="battle-history"><small>(The opposing KFC lost <abbr title="−16/21">76.2%</abbr> of its health!)</small><br></div><div class="spacer battle-history"><br></div><div class="battle-history">The opposing KFC fainted!<br></div><div class="spacer battle-history"><br></div><div class="battle-history"><strong>Feliks✘</strong> won the battle!<br></div><div class="chat"><small>Charlie Marx left.</small></div></div><div class="inner-preempt"></div></div></div>
</div>
<script>
let daily = Math.floor(Date.now()/1000/60/60/24);document.write('<script src="https://play.pokemonshowdown.com/js/replay-embed.js?version'+daily+'"></'+'script>');
</script>
