<!DOCTYPE html>
<meta charset="utf-8" />
<!-- version 1 -->
<title>LC replay: alfredopasta vs. JADBui</title>
<style>
html,body {font-family:Verdana, sans-serif;font-size:10pt;margin:0;padding:0;}body{padding:12px 0;} .battle-log {font-family:Verdana, sans-serif;font-size:10pt;} .battle-log-inline {border:1px solid #AAAAAA;background:#EEF2F5;color:black;max-width:640px;margin:0 auto 80px;padding-bottom:5px;} .battle-log .inner {padding:4px 8px 0px 8px;} .battle-log .inner-preempt {padding:0 8px 4px 8px;} .battle-log .inner-after {margin-top:0.5em;} .battle-log h2 {margin:0.5em -8px;padding:4px 8px;border:1px solid #AAAAAA;background:#E0E7EA;border-left:0;border-right:0;font-family:Verdana, sans-serif;font-size:13pt;} .battle-log .chat {vertical-align:middle;padding:3px 0 3px 0;font-size:8pt;} .battle-log .chat strong {color:#40576A;} .battle-log .chat em {padding:1px 4px 1px 3px;color:#000000;font-style:normal;} .chat.mine {background:rgba(0,0,0,0.05);margin-left:-8px;margin-right:-8px;padding-left:8px;padding-right:8px;} .spoiler {color:#BBBBBB;background:#BBBBBB;padding:0px 3px;} .spoiler:hover, .spoiler:active, .spoiler-shown {color:#000000;background:#E2E2E2;padding:0px 3px;} .spoiler a {color:#BBBBBB;} .spoiler:hover a, .spoiler:active a, .spoiler-shown a {color:#2288CC;} .chat code, .chat .spoiler:hover code, .chat .spoiler:active code, .chat .spoiler-shown code {border:1px solid #C0C0C0;background:#EEEEEE;color:black;padding:0 2px;} .chat .spoiler code {border:1px solid #CCCCCC;background:#CCCCCC;color:#CCCCCC;} .battle-log .rated {padding:3px 4px;} .battle-log .rated strong {color:white;background:#89A;padding:1px 4px;border-radius:4px;} .spacer {margin-top:0.5em;} .message-announce {background:#6688AA;color:white;padding:1px 4px 2px;} .message-announce a, .broadcast-green a, .broadcast-blue a, .broadcast-red a {color:#DDEEFF;} .broadcast-green {background-color:#559955;color:white;padding:2px 4px;} .broadcast-blue {background-color:#6688AA;color:white;padding:2px 4px;} .infobox {border:1px solid #6688AA;padding:2px 4px;} .infobox-limited {max-height:200px;overflow:auto;overflow-x:hidden;} .broadcast-red {background-color:#AA5544;color:white;padding:2px 4px;} .message-learn-canlearn {font-weight:bold;color:#228822;text-decoration:underline;} .message-learn-cannotlearn {font-weight:bold;color:#CC2222;text-decoration:underline;} .message-effect-weak {font-weight:bold;color:#CC2222;} .message-effect-resist {font-weight:bold;color:#6688AA;} .message-effect-immune {font-weight:bold;color:#666666;} .message-learn-list {margin-top:0;margin-bottom:0;} .message-throttle-notice, .message-error {color:#992222;} .message-overflow, .chat small.message-overflow {font-size:0pt;} .message-overflow::before {font-size:9pt;content:'...';} .subtle {color:#3A4A66;}
</style>
<div class="wrapper replay-wrapper" style="max-width:1180px;margin:0 auto">
<input type="hidden" name="replayid" value="lc-510006052" />
<div class="battle"></div><div class="battle-log"></div><div class="replay-controls"></div><div class="replay-controls-2"></div>
<h1 style="font-weight:normal;text-align:center"><strong>LC</strong><br /><a href="http://pokemonshowdown.com/users/alfredopasta" class="subtle" target="_blank">alfredopasta</a> vs. <a href="http://pokemonshowdown.com/users/jadbui" class="subtle" target="_blank">JADBui</a></h1>
<script type="text/plain" class="battle-log-data">|j|alfredopasta
|j|JADBui
|player|p1|alfredopasta|249
|player|p2|JADBui|101
|gametype|singles
|gen|6
|tier|LC
|rated
|seed|56742,33952,33955,7212
|clearpoke
|poke|p1|Zigzagoon, L5, M|item
|poke|p1|Diglett, L5, M|item
|poke|p1|Gothita, L5, F|item
|poke|p1|Magnemite, L5|item
|poke|p1|Archen, L5, F|item
|poke|p1|Chinchou, L5, F|item
|poke|p2|Munchlax, L5, M|item
|poke|p2|Duskull, L5, M|item
|poke|p2|Hippopotas, L5, M|item
|poke|p2|Buizel, L5, F|item
|poke|p2|Bunnelby, L5, F|item
|poke|p2|Tyrogue, L5, M|item
|rule|Sleep Clause Mod: Limit one foe put to sleep
|rule|Species Clause: Limit one of each Pokémon
|rule|OHKO Clause: OHKO moves are banned
|rule|Moody Clause: Moody is banned
|rule|Evasion Moves Clause: Evasion moves are banned
|rule|Endless Battle Clause: Forcing endless battles is banned
|rule|HP Percentage Mod: HP is shown in percentages
|teampreview
|choice|team 5, team 2, team 3, team 4, team 1, team 6|team 4, team 2, team 3, team 1, team 5, team 6
|
|start
|switch|p1a: Archen|Archen, L5, F|23\/23
|switch|p2a: Buizel|Buizel, L5, F|22\/22
|turn|1
|choice|switch 6|move poweruppunch
|
|switch|p1a: Chinchou|Chinchou, L5, F|27\/27
|move|p2a: Buizel|Power-Up Punch|p1a: Chinchou
|-damage|p1a: Chinchou|23\/27
|-boost|p2a: Buizel|atk|1
|
|-damage|p2a: Buizel|20\/22|[from] item: Black Sludge
|upkeep
|turn|2
|choice|move voltswitch|move switcheroo
|
|move|p2a: Buizel|Switcheroo|p1a: Chinchou
|-activate|p2a: Buizel|move: Trick|[of] p1a: Chinchou
|-item|p1a: Chinchou|Black Sludge|[from] Trick
|-item|p2a: Buizel|Eviolite|[from] Trick
|move|p1a: Chinchou|Volt Switch|p2a: Buizel
|-supereffective|p2a: Buizel
|-damage|p2a: Buizel|2\/22
|choice|switch 5|
|
|switch|p1a: Zigzagoon|Zigzagoon, L5, M|22\/22
|
|upkeep
|turn|3
|choice|move extremespeed|move poweruppunch
|
|move|p1a: Zigzagoon|Extreme Speed|p2a: Buizel
|-damage|p2a: Buizel|0 fnt
|faint|p2a: Buizel
|
|upkeep
|choice||switch 2
|
|switch|p2a: Duskull|Duskull, L5, M|21\/21
|turn|4
|choice|move bellydrum|move willowisp
|
|move|p1a: Zigzagoon|Belly Drum|p1a: Zigzagoon
|-damage|p1a: Zigzagoon|11\/22
|-setboost|p1a: Zigzagoon|atk|6|[from] move: Belly Drum
|-enditem|p1a: Zigzagoon|Berry Juice
|-heal|p1a: Zigzagoon|22\/22|[from] item: Berry Juice
|move|p2a: Duskull|Will-O-Wisp|p1a: Zigzagoon
|-status|p1a: Zigzagoon|brn
|
|-damage|p1a: Zigzagoon|20\/22 brn|[from] brn
|upkeep
|turn|5
|choice|move thief|move confuseray
|
|move|p1a: Zigzagoon|Thief|p2a: Duskull
|-supereffective|p2a: Duskull
|-damage|p2a: Duskull|12\/21
|-item|p1a: Zigzagoon|Eviolite|[from] move: Thief|[of] p2a: Duskull
|move|p2a: Duskull|Confuse Ray|p1a: Zigzagoon
|-start|p1a: Zigzagoon|confusion
|
|-damage|p1a: Zigzagoon|18\/22 brn|[from] brn
|upkeep
|turn|6
|choice|move thief|move ominouswind
|
|-activate|p1a: Zigzagoon|confusion
|-damage|p1a: Zigzagoon|13\/22 brn|[from] confusion
|move|p2a: Duskull|Ominous Wind|p1a: Zigzagoon
|-immune|p1a: Zigzagoon|[msg]
|
|-damage|p1a: Zigzagoon|11\/22 brn|[from] brn
|upkeep
|turn|7
|choice|move thief|move ominouswind
|
|-activate|p1a: Zigzagoon|confusion
|move|p1a: Zigzagoon|Thief|p2a: Duskull
|-supereffective|p2a: Duskull
|-damage|p2a: Duskull|0 fnt
|faint|p2a: Duskull
|
|-damage|p1a: Zigzagoon|9\/22 brn|[from] brn
|upkeep
|choice||switch 6
|
|switch|p2a: Tyrogue|Tyrogue, L5, M|20\/20
|turn|8
|choice|move extremespeed|move fakeout
|
|move|p2a: Tyrogue|Fake Out|p1a: Zigzagoon
|-damage|p1a: Zigzagoon|6\/22 brn
|cant|p1a: Zigzagoon|flinch
|
|-damage|p1a: Zigzagoon|4\/22 brn|[from] brn
|-status|p2a: Tyrogue|tox|[from] item: Toxic Orb
|upkeep
|turn|9
|choice|move extremespeed|move machpunch
|
|-activate|p1a: Zigzagoon|confusion
|move|p1a: Zigzagoon|Extreme Speed|p2a: Tyrogue
|-damage|p2a: Tyrogue|0 fnt
|faint|p2a: Tyrogue
|
|-damage|p1a: Zigzagoon|2\/22 brn|[from] brn
|upkeep
|choice||switch 3
|
|switch|p2a: Hippopotas|Hippopotas, L5, M|25\/25
|-weather|Sandstorm|[from] ability: Sand Stream|[of] p2a: Hippopotas
|turn|10
|choice|move seedbomb|move protect
|
|move|p2a: Hippopotas|Protect|p2a: Hippopotas
|-singleturn|p2a: Hippopotas|Protect
|-activate|p1a: Zigzagoon|confusion
|move|p1a: Zigzagoon|Seed Bomb|p2a: Hippopotas
|-activate|p2a: Hippopotas|move: Protect
|
|-weather|Sandstorm|[upkeep]
|-damage|p1a: Zigzagoon|1\/22 brn|[from] sandstorm
|-damage|p1a: Zigzagoon|0 fnt|[from] brn
|upkeep
|faint|p1a: Zigzagoon
|choice|switch 6|
|
|switch|p1a: Archen|Archen, L5, F|23\/23
|turn|11
|choice|move uturn|move toxic
|
|move|p1a: Archen|U-turn|p2a: Hippopotas
|-damage|p2a: Hippopotas|20\/25
|choice|switch 5|
|
|switch|p1a: Chinchou|Chinchou, L5, F|23\/27
|move|p2a: Hippopotas|Toxic|p1a: Chinchou
|-status|p1a: Chinchou|tox
|
|-weather|Sandstorm|[upkeep]
|-damage|p1a: Chinchou|22\/27 tox|[from] sandstorm
|-damage|p1a: Chinchou|19\/27 tox|[from] item: Black Sludge
|-damage|p1a: Chinchou|18\/27 tox|[from] psn
|upkeep
|turn|12
|choice|move scald|move protect
|
|move|p2a: Hippopotas|Protect|p2a: Hippopotas
|-singleturn|p2a: Hippopotas|Protect
|move|p1a: Chinchou|Scald|p2a: Hippopotas
|-activate|p2a: Hippopotas|move: Protect
|
|-weather|Sandstorm|[upkeep]
|-damage|p1a: Chinchou|17\/27 tox|[from] sandstorm
|-damage|p1a: Chinchou|14\/27 tox|[from] item: Black Sludge
|-damage|p1a: Chinchou|12\/27 tox|[from] psn
|upkeep
|turn|13
|choice|move rest|switch 4
|
|switch|p2a: Munchlax|Munchlax, L5, M|33\/33
|move|p1a: Chinchou|Rest|p1a: Chinchou
|-status|p1a: Chinchou|slp
|-heal|p1a: Chinchou|27\/27 slp|[silent]
|-status|p1a: Chinchou|slp|[from] move: Rest
|
|-weather|Sandstorm|[upkeep]
|-damage|p1a: Chinchou|26\/27 slp|[from] sandstorm
|-damage|p2a: Munchlax|31\/33|[from] sandstorm
|-damage|p1a: Chinchou|23\/27 slp|[from] item: Black Sludge
|upkeep
|turn|14
|choice|move sleeptalk|move poweruppunch
|
|cant|p1a: Chinchou|slp
|move|p1a: Chinchou|Sleep Talk|p1a: Chinchou
|move|p1a: Chinchou|Volt Switch|p2a: Munchlax|[from]Sleep Talk
|-damage|p2a: Munchlax|25\/33
|choice|switch 4|
|
|switch|p1a: Magnemite|Magnemite, L5|19\/19
|move|p2a: Munchlax|Power-Up Punch|p1a: Magnemite
|-supereffective|p1a: Magnemite
|-damage|p1a: Magnemite|11\/19
|-boost|p2a: Munchlax|atk|1
|
|-weather|none
|upkeep
|turn|15
|choice|move flashcannon|move poweruppunch
|
|move|p1a: Magnemite|Flash Cannon|p2a: Munchlax
|-damage|p2a: Munchlax|16\/33
|move|p2a: Munchlax|Power-Up Punch|p1a: Magnemite
|-supereffective|p1a: Magnemite
|-damage|p1a: Magnemite|1\/19
|-boost|p2a: Munchlax|atk|1
|-enditem|p1a: Magnemite|Berry Juice
|-heal|p1a: Magnemite|19\/19|[from] item: Berry Juice
|
|upkeep
|turn|16
|choice|move flashcannon|move poweruppunch
|
|move|p1a: Magnemite|Flash Cannon|p2a: Munchlax
|-damage|p2a: Munchlax|7\/33
|move|p2a: Munchlax|Power-Up Punch|p1a: Magnemite
|-supereffective|p1a: Magnemite
|-damage|p1a: Magnemite|3\/19
|-boost|p2a: Munchlax|atk|1
|
|upkeep
|turn|17
|choice|move flashcannon|move poweruppunch
|
|move|p1a: Magnemite|Flash Cannon|p2a: Munchlax
|-damage|p2a: Munchlax|0 fnt
|faint|p2a: Munchlax
|
|upkeep
|choice||switch 5
|
|switch|p2a: Bunnelby|Bunnelby, L5, F|23\/23
|turn|18
|choice|move flashcannon|move poweruppunch
|
|move|p1a: Magnemite|Flash Cannon|p2a: Bunnelby
|-damage|p2a: Bunnelby|7\/23
|-unboost|p2a: Bunnelby|spd|1
|-enditem|p2a: Bunnelby|Sitrus Berry|[eat]
|-heal|p2a: Bunnelby|12\/23|[from] item: Sitrus Berry
|-heal|p2a: Bunnelby|19\/23|[from] ability: Cheek Pouch
|move|p2a: Bunnelby|Power-Up Punch|p1a: Magnemite
|-supereffective|p1a: Magnemite
|-damage|p1a: Magnemite|0 fnt
|-boost|p2a: Bunnelby|atk|1
|faint|p1a: Magnemite
|
|upkeep
|choice|switch 3|
|
|switch|p1a: Gothita|Gothita, L5, F|21\/21
|turn|19
|choice|move trick|move recycle
|
|move|p1a: Gothita|Trick|p2a: Bunnelby
|-activate|p1a: Gothita|move: Trick|[of] p2a: Bunnelby
|-item|p2a: Bunnelby|Choice Scarf|[from] move: Trick
|-enditem|p1a: Gothita|Choice Scarf|[silent]
|move|p2a: Bunnelby|Recycle|p2a: Bunnelby
|-fail|p2a: Bunnelby
|
|upkeep
|turn|20
|choice|move psychic|move recycle
|
|move|p2a: Bunnelby|Recycle|p2a: Bunnelby
|-fail|p2a: Bunnelby
|move|p1a: Gothita|Psychic|p2a: Bunnelby
|-damage|p2a: Bunnelby|0 fnt
|faint|p2a: Bunnelby
|
|upkeep
|choice||switch 4
|
|switch|p2a: Hippopotas|Hippopotas, L5, M|20\/25
|-weather|Sandstorm|[from] ability: Sand Stream|[of] p2a: Hippopotas
|turn|21
|choice|move energyball|move slackoff
|
|move|p1a: Gothita|Energy Ball|p2a: Hippopotas
|-supereffective|p2a: Hippopotas
|-damage|p2a: Hippopotas|8\/25
|move|p2a: Hippopotas|Slack Off|p2a: Hippopotas
|-heal|p2a: Hippopotas|21\/25
|
|-weather|Sandstorm|[upkeep]
|-damage|p1a: Gothita|20\/21|[from] sandstorm
|upkeep
|turn|22
|choice|move energyball|move toxic
|
|move|p1a: Gothita|Energy Ball|p2a: Hippopotas
|-supereffective|p2a: Hippopotas
|-damage|p2a: Hippopotas|9\/25
|move|p2a: Hippopotas|Toxic|p1a: Gothita
|-status|p1a: Gothita|tox
|
|-weather|Sandstorm|[upkeep]
|-damage|p1a: Gothita|19\/21 tox|[from] sandstorm
|-damage|p1a: Gothita|18\/21 tox|[from] psn
|upkeep
|turn|23
|choice|move energyball|move protect
|
|move|p2a: Hippopotas|Protect|p2a: Hippopotas
|-singleturn|p2a: Hippopotas|Protect
|move|p1a: Gothita|Energy Ball|p2a: Hippopotas
|-activate|p2a: Hippopotas|move: Protect
|
|-weather|Sandstorm|[upkeep]
|-damage|p1a: Gothita|17\/21 tox|[from] sandstorm
|-damage|p1a: Gothita|15\/21 tox|[from] psn
|upkeep
|turn|24
|choice|move energyball|move slackoff
|
|move|p1a: Gothita|Energy Ball|p2a: Hippopotas
|-supereffective|p2a: Hippopotas
|-damage|p2a: Hippopotas|0 fnt
|faint|p2a: Hippopotas
|
|win|alfredopasta
|player|p1
|player|p2</script>
</div>
<div class="battle-log battle-log-inline"><div class="inner"><div class="battle-options"></div><div class="inner"><div class="chat"><small>alfredopasta joined.</small></div><div class="chat"><small>JADBui joined.</small></div><div class=""><small>Format:</small> <br><strong>LC</strong></div><div class="rated"><strong>Rated battle</strong></div><div class=""><small><em>Sleep Clause Mod:</em> Limit one foe put to sleep</small></div><div class=""><small><em>Species Clause:</em> Limit one of each Pokémon</small></div><div class=""><small><em>OHKO Clause:</em> OHKO moves are banned</small></div><div class=""><small><em>Moody Clause:</em> Moody is banned</small></div><div class=""><small><em>Evasion Moves Clause:</em> Evasion moves are banned</small></div><div class=""><small><em>Endless Battle Clause:</em> Forcing endless battles is banned</small></div><div class=""><small><em>HP Percentage Mod:</em> HP is shown in percentages</small></div><div class="chat battle-history"><strong>alfredopasta's team:</strong> <em style="color:#445566;display:block;">Zigzagoon / Diglett / Gothita / Magnemite / Archen / Chinchou</em></div><div class="chat battle-history"><strong>JADBui's team:</strong> <em style="color:#445566;display:block;">Munchlax / Duskull / Hippopotas / Buizel / Bunnelby / Tyrogue</em></div><div class="spacer battle-history"><br></div><div class="battle-history">Battle started between alfredopasta and JADBui!<br></div><div class="spacer battle-history"><br></div><div class="battle-history">Go! <strong>Archen</strong>!<br></div><div class="spacer battle-history"><br></div><div class="battle-history">JADBui sent out <strong>Buizel</strong>!<br></div><div class="spacer battle-history"><br></div><h2 class="battle-history">Turn 1</h2><div class="spacer battle-history"><br></div><div class="battle-history">Archen, come back!<br></div><div class="battle-history">Go! <strong>Chinchou</strong>!<br></div><div class="spacer battle-history"><br></div><div class="battle-history">The opposing Buizel used <strong>Power-Up Punch</strong>!<br></div><div class="battle-history"><small>(Chinchou lost <abbr title="−4/27">14.8%</abbr> of its health!)</small><br></div><div class="battle-history"><small>The opposing Buizel's Attack rose!</small><br></div><div class="spacer battle-history"><br></div><div class="battle-history"><small>The opposing Buizel is hurt by its Black Sludge!</small><br></div><div class="spacer battle-history"><br></div><h2 class="battle-history">Turn 2</h2><div class="spacer battle-history"><br></div><div class="battle-history">The opposing Buizel used <strong>Switcheroo</strong>!<br></div><div class="battle-history"><small>The opposing Buizel switched items with its target!</small><br></div><div class="battle-history"><small>Chinchou obtained one Black Sludge.</small><br></div><div class="battle-history"><small>The opposing Buizel obtained one Eviolite.</small><br></div><div class="spacer battle-history"><br></div><div class="battle-history">Chinchou used <strong>Volt Switch</strong>!<br></div><div class="battle-history"><small>It's super effective!</small><br></div><div class="battle-history"><small>(The opposing Buizel lost <abbr title="−18/22">81.8%</abbr> of its health!)</small><br></div><div class="spacer battle-history"><br></div><div class="battle-history">Chinchou went back to alfredopasta!<br></div><div class="battle-history">Go! <strong>Zigzagoon</strong>!<br></div><div class="spacer battle-history"><br></div><h2 class="battle-history">Turn 3</h2><div class="spacer battle-history"><br></div><div class="battle-history">Zigzagoon used <strong>Extreme Speed</strong>!<br></div><div class="battle-history"><small>(The opposing Buizel lost <abbr title="−2/22">9.1%</abbr> of its health!)</small><br></div><div class="spacer battle-history"><br></div><div class="battle-history">The opposing Buizel fainted!<br></div><div class="spacer battle-history"><br></div><div class="battle-history">JADBui sent out <strong>Duskull</strong>!<br></div><div class="spacer battle-history"><br></div><h2 class="battle-history">Turn 4</h2><div class="spacer battle-history"><br></div><div class="battle-history">Zigzagoon used <strong>Belly Drum</strong>!<br></div><div class="battle-history"><small>(Zigzagoon lost <abbr title="−11/22">50%</abbr> of its health!)</small><br></div><div class="battle-history"><small>Zigzagoon cut its own HP and maximized its Attack!</small><br></div><div class="battle-history"><small>(Zigzagoon used its Berry Juice!)</small><br></div><div class="battle-history"><small>Zigzagoon restored HP using its Berry Juice!</small><br></div><div class="spacer battle-history"><br></div><div class="battle-history">The opposing Duskull used <strong>Will-O-Wisp</strong>!<br></div><div class="battle-history"><small>Zigzagoon was burned!</small><br></div><div class="spacer battle-history"><br></div><div class="battle-history"><small>Zigzagoon was hurt by its burn!</small><br></div><div class="spacer battle-history"><br></div><h2 class="battle-history">Turn 5</h2><div class="spacer battle-history"><br></div><div class="battle-history">Zigzagoon used <strong>Thief</strong>!<br></div><div class="battle-history"><small>It's super effective!</small><br></div><div class="battle-history"><small>(The opposing Duskull lost <abbr title="−9/21">42.9%</abbr> of its health!)</small><br></div><div class="battle-history"><small>Zigzagoon stole the opposing Duskull's Eviolite!</small><br></div><div class="spacer battle-history"><br></div><div class="battle-history">The opposing Duskull used <strong>Confuse Ray</strong>!<br></div><div class="battle-history"><small>Zigzagoon became confused!</small><br></div><div class="spacer battle-history"><br></div><div class="battle-history"><small>Zigzagoon was hurt by its burn!</small><br></div><div class="spacer battle-history"><br></div><h2 class="battle-history">Turn 6</h2><div class="spacer battle-history"><br></div><div class="battle-history"><small>Zigzagoon is confused!</small><br></div><div class="battle-history">It hurt itself in its confusion!<br></div><div class="spacer battle-history"><br></div><div class="battle-history">The opposing Duskull used <strong>Ominous Wind</strong>!<br></div><div class="battle-history"><small>It doesn't affect Zigzagoon...</small><br></div><div class="spacer battle-history"><br></div><div class="battle-history"><small>Zigzagoon was hurt by its burn!</small><br></div><div class="spacer battle-history"><br></div><h2 class="battle-history">Turn 7</h2><div class="spacer battle-history"><br></div><div class="battle-history"><small>Zigzagoon is confused!</small><br></div><div class="battle-history">Zigzagoon used <strong>Thief</strong>!<br></div><div class="battle-history"><small>It's super effective!</small><br></div><div class="battle-history"><small>(The opposing Duskull lost <abbr title="−12/21">57.1%</abbr> of its health!)</small><br></div><div class="spacer battle-history"><br></div><div class="battle-history">The opposing Duskull fainted!<br></div><div class="spacer battle-history"><br></div><div class="battle-history"><small>Zigzagoon was hurt by its burn!</small><br></div><div class="spacer battle-history"><br></div><div class="battle-history">JADBui sent out <strong>Tyrogue</strong>!<br></div><div class="spacer battle-history"><br></div><h2 class="battle-history">Turn 8</h2><div class="spacer battle-history"><br></div><div class="battle-history">The opposing Tyrogue used <strong>Fake Out</strong>!<br></div><div class="battle-history"><small>(Zigzagoon lost <abbr title="−3/22">13.6%</abbr> of its health!)</small><br></div><div class="spacer battle-history"><br></div><div class="battle-history">Zigzagoon flinched and couldn't move!<br></div><div class="spacer battle-history"><br></div><div class="battle-history"><small>Zigzagoon was hurt by its burn!</small><br></div><div class="battle-history"><small>The opposing Tyrogue was badly poisoned!</small><br></div><div class="spacer battle-history"><br></div><h2 class="battle-history">Turn 9</h2><div class="spacer battle-history"><br></div><div class="battle-history"><small>Zigzagoon is confused!</small><br></div><div class="battle-history">Zigzagoon used <strong>Extreme Speed</strong>!<br></div><div class="battle-history"><small>(The opposing Tyrogue lost <abbr title="−20/20">100%</abbr> of its health!)</small><br></div><div class="spacer battle-history"><br></div><div class="battle-history">The opposing Tyrogue fainted!<br></div><div class="spacer battle-history"><br></div><div class="battle-history"><small>Zigzagoon was hurt by its burn!</small><br></div><div class="spacer battle-history"><br></div><div class="battle-history">JADBui sent out <strong>Hippopotas</strong>!<br></div><div class="battle-history"><small>[The opposing Hippopotas's Sand Stream]</small><br><small>A sandstorm kicked up!</small><br></div><div class="spacer battle-history"><br></div><h2 class="battle-history">Turn 10</h2><div class="spacer battle-history"><br></div><div class="battle-history">The opposing Hippopotas used <strong>Protect</strong>!<br></div><div class="battle-history"><small>The opposing Hippopotas protected itself!</small><br></div><div class="spacer battle-history"><br></div><div class="battle-history"><small>Zigzagoon is confused!</small><br></div><div class="battle-history">Zigzagoon used <strong>Seed Bomb</strong>!<br></div><div class="battle-history"><small>The opposing Hippopotas protected itself!</small><br></div><div class="spacer battle-history"><br></div><div class="battle-history"><small>The sandstorm is raging.</small><br></div><div class="battle-history"><small>Zigzagoon is buffeted by the sandstorm!</small><br></div><div class="battle-history"><small>Zigzagoon was hurt by its burn!</small><br></div><div class="spacer battle-history"><br></div><div class="battle-history">Zigzagoon fainted!<br></div><div class="spacer battle-history"><br></div><div class="battle-history">Go! <strong>Archen</strong>!<br></div><div class="spacer battle-history"><br></div><h2 class="battle-history">Turn 11</h2><div class="spacer battle-history"><br></div><div class="battle-history">Archen used <strong>U-turn</strong>!<br></div><div class="battle-history"><small>(The opposing Hippopotas lost <abbr title="−5/25">20%</abbr> of its health!)</small><br></div><div class="spacer battle-history"><br></div><div class="battle-history">Archen went back to alfredopasta!<br></div><div class="battle-history">Go! <strong>Chinchou</strong>!<br></div><div class="spacer battle-history"><br></div><div class="battle-history">The opposing Hippopotas used <strong>Toxic</strong>!<br></div><div class="battle-history"><small>Chinchou was badly poisoned!</small><br></div><div class="spacer battle-history"><br></div><div class="battle-history"><small>The sandstorm is raging.</small><br></div><div class="battle-history"><small>Chinchou is buffeted by the sandstorm!</small><br></div><div class="battle-history"><small>Chinchou is hurt by its Black Sludge!</small><br></div><div class="battle-history"><small>Chinchou was hurt by poison!</small><br></div><div class="spacer battle-history"><br></div><h2 class="battle-history">Turn 12</h2><div class="spacer battle-history"><br></div><div class="battle-history">The opposing Hippopotas used <strong>Protect</strong>!<br></div><div class="battle-history"><small>The opposing Hippopotas protected itself!</small><br></div><div class="spacer battle-history"><br></div><div class="battle-history">Chinchou used <strong>Scald</strong>!<br></div><div class="battle-history"><small>The opposing Hippopotas protected itself!</small><br></div><div class="spacer battle-history"><br></div><div class="battle-history"><small>The sandstorm is raging.</small><br></div><div class="battle-history"><small>Chinchou is buffeted by the sandstorm!</small><br></div><div class="battle-history"><small>Chinchou is hurt by its Black Sludge!</small><br></div><div class="battle-history"><small>Chinchou was hurt by poison!</small><br></div><div class="spacer battle-history"><br></div><h2 class="battle-history">Turn 13</h2><div class="spacer battle-history"><br></div><div class="battle-history">JADBui withdrew Hippopotas!<br></div><div class="battle-history">JADBui sent out <strong>Munchlax</strong>!<br></div><div class="spacer battle-history"><br></div><div class="battle-history">Chinchou used <strong>Rest</strong>!<br></div><div class="battle-history"><small>Chinchou fell asleep!</small><br></div><div class="battle-history"><small>Chinchou slept and became healthy!</small><br></div><div class="spacer battle-history"><br></div><div class="battle-history"><small>The sandstorm is raging.</small><br></div><div class="battle-history"><small>Chinchou is buffeted by the sandstorm!</small><br></div><div class="battle-history"><small>The opposing Munchlax is buffeted by the sandstorm!</small><br></div><div class="battle-history"><small>Chinchou is hurt by its Black Sludge!</small><br></div><div class="spacer battle-history"><br></div><h2 class="battle-history">Turn 14</h2><div class="spacer battle-history"><br></div><div class="battle-history">Chinchou is fast asleep.<br></div><div class="spacer battle-history"><br></div><div class="battle-history">Chinchou used <strong>Sleep Talk</strong>!<br></div><div class="spacer battle-history"><br></div><div class="battle-history">Chinchou used <strong>Volt Switch</strong>!<br></div><div class="battle-history"><small>(The opposing Munchlax lost <abbr title="−6/33">18.2%</abbr> of its health!)</small><br></div><div class="spacer battle-history"><br></div><div class="battle-history">Chinchou went back to alfredopasta!<br></div><div class="battle-history">Go! <strong>Magnemite</strong>!<br></div><div class="spacer battle-history"><br></div><div class="battle-history">The opposing Munchlax used <strong>Power-Up Punch</strong>!<br></div><div class="battle-history"><small>It's super effective!</small><br></div><div class="battle-history"><small>(Magnemite lost <abbr title="−8/19">42.1%</abbr> of its health!)</small><br></div><div class="battle-history"><small>The opposing Munchlax's Attack rose!</small><br></div><div class="spacer battle-history"><br></div><div class="battle-history"><small>The sandstorm subsided.</small><br></div><div class="spacer battle-history"><br></div><h2 class="battle-history">Turn 15</h2><div class="spacer battle-history"><br></div><div class="battle-history">Magnemite used <strong>Flash Cannon</strong>!<br></div><div class="battle-history"><small>(The opposing Munchlax lost <abbr title="−9/33">27.3%</abbr> of its health!)</small><br></div><div class="spacer battle-history"><br></div><div class="battle-history">The opposing Munchlax used <strong>Power-Up Punch</strong>!<br></div><div class="battle-history"><small>It's super effective!</small><br></div><div class="battle-history"><small>(Magnemite lost <abbr title="−10/19">52.6%</abbr> of its health!)</small><br></div><div class="battle-history"><small>The opposing Munchlax's Attack rose!</small><br></div><div class="battle-history"><small>(Magnemite used its Berry Juice!)</small><br></div><div class="battle-history"><small>Magnemite restored HP using its Berry Juice!</small><br></div><div class="spacer battle-history"><br></div><h2 class="battle-history">Turn 16</h2><div class="spacer battle-history"><br></div><div class="battle-history">Magnemite used <strong>Flash Cannon</strong>!<br></div><div class="battle-history"><small>(The opposing Munchlax lost <abbr title="−9/33">27.3%</abbr> of its health!)</small><br></div><div class="spacer battle-history"><br></div><div class="battle-history">The opposing Munchlax used <strong>Power-Up Punch</strong>!<br></div><div class="battle-history"><small>It's super effective!</small><br></div><div class="battle-history"><small>(Magnemite lost <abbr title="−16/19">84.2%</abbr> of its health!)</small><br></div><div class="battle-history"><small>The opposing Munchlax's Attack rose!</small><br></div><div class="spacer battle-history"><br></div><h2 class="battle-history">Turn 17</h2><div class="spacer battle-history"><br></div><div class="battle-history">Magnemite used <strong>Flash Cannon</strong>!<br></div><div class="battle-history"><small>(The opposing Munchlax lost <abbr title="−7/33">21.2%</abbr> of its health!)</small><br></div><div class="spacer battle-history"><br></div><div class="battle-history">The opposing Munchlax fainted!<br></div><div class="spacer battle-history"><br></div><div class="battle-history">JADBui sent out <strong>Bunnelby</strong>!<br></div><div class="spacer battle-history"><br></div><h2 class="battle-history">Turn 18</h2><div class="spacer battle-history"><br></div><div class="battle-history">Magnemite used <strong>Flash Cannon</strong>!<br></div><div class="battle-history"><small>(The opposing Bunnelby lost <abbr title="−16/23">69.6%</abbr> of its health!)</small><br></div><div class="battle-history"><small>The opposing Bunnelby's Special Defense fell!</small><br></div><div class="battle-history"><small>The opposing Bunnelby ate its Sitrus Berry!</small><br></div><div class="battle-history"><small>The opposing Bunnelby restored HP using its Sitrus Berry!</small><br></div><div class="battle-history"><small>[The opposing Bunnelby's Cheek Pouch]</small><br><small>The opposing Bunnelby restored its HP.</small><br></div><div class="spacer battle-history"><br></div><div class="battle-history">The opposing Bunnelby used <strong>Power-Up Punch</strong>!<br></div><div class="battle-history"><small>It's super effective!</small><br></div><div class="battle-history"><small>(Magnemite lost <abbr title="−3/19">15.8%</abbr> of its health!)</small><br></div><div class="battle-history"><small>The opposing Bunnelby's Attack rose!</small><br></div><div class="spacer battle-history"><br></div><div class="battle-history">Magnemite fainted!<br></div><div class="spacer battle-history"><br></div><div class="battle-history">Go! <strong>Gothita</strong>!<br></div><div class="spacer battle-history"><br></div><h2 class="battle-history">Turn 19</h2><div class="spacer battle-history"><br></div><div class="battle-history">Gothita used <strong>Trick</strong>!<br></div><div class="battle-history"><small>Gothita switched items with its target!</small><br></div><div class="battle-history"><small>The opposing Bunnelby obtained one Choice Scarf.</small><br></div><div class="spacer battle-history"><br></div><div class="battle-history">The opposing Bunnelby used <strong>Recycle</strong>!<br></div><div class="battle-history"><small>But it failed!</small><br></div><div class="spacer battle-history"><br></div><h2 class="battle-history">Turn 20</h2><div class="spacer battle-history"><br></div><div class="battle-history">The opposing Bunnelby used <strong>Recycle</strong>!<br></div><div class="battle-history"><small>But it failed!</small><br></div><div class="spacer battle-history"><br></div><div class="battle-history">Gothita used <strong>Psychic</strong>!<br></div><div class="battle-history"><small>(The opposing Bunnelby lost <abbr title="−19/23">82.6%</abbr> of its health!)</small><br></div><div class="spacer battle-history"><br></div><div class="battle-history">The opposing Bunnelby fainted!<br></div><div class="spacer battle-history"><br></div><div class="battle-history">JADBui sent out <strong>Hippopotas</strong>!<br></div><div class="battle-history"><small>[The opposing Hippopotas's Sand Stream]</small><br><small>A sandstorm kicked up!</small><br></div><div class="spacer battle-history"><br></div><h2 class="battle-history">Turn 21</h2><div class="spacer battle-history"><br></div><div class="battle-history">Gothita used <strong>Energy Ball</strong>!<br></div><div class="battle-history"><small>It's super effective!</small><br></div><div class="battle-history"><small>(The opposing Hippopotas lost <abbr title="−12/25">48%</abbr> of its health!)</small><br></div><div class="spacer battle-history"><br></div><div class="battle-history">The opposing Hippopotas used <strong>Slack Off</strong>!<br></div><div class="battle-history"><small>The opposing Hippopotas restored its HP.</small><br></div><div class="spacer battle-history"><br></div><div class="battle-history"><small>The sandstorm is raging.</small><br></div><div class="battle-history"><small>Gothita is buffeted by the sandstorm!</small><br></div><div class="spacer battle-history"><br></div><h2 class="battle-history">Turn 22</h2><div class="spacer battle-history"><br></div><div class="battle-history">Gothita used <strong>Energy Ball</strong>!<br></div><div class="battle-history"><small>It's super effective!</small><br></div><div class="battle-history"><small>(The opposing Hippopotas lost <abbr title="−12/25">48%</abbr> of its health!)</small><br></div><div class="spacer battle-history"><br></div><div class="battle-history">The opposing Hippopotas used <strong>Toxic</strong>!<br></div><div class="battle-history"><small>Gothita was badly poisoned!</small><br></div><div class="spacer battle-history"><br></div><div class="battle-history"><small>The sandstorm is raging.</small><br></div><div class="battle-history"><small>Gothita is buffeted by the sandstorm!</small><br></div><div class="battle-history"><small>Gothita was hurt by poison!</small><br></div><div class="spacer battle-history"><br></div><h2 class="battle-history">Turn 23</h2><div class="spacer battle-history"><br></div><div class="battle-history">The opposing Hippopotas used <strong>Protect</strong>!<br></div><div class="battle-history"><small>The opposing Hippopotas protected itself!</small><br></div><div class="spacer battle-history"><br></div><div class="battle-history">Gothita used <strong>Energy Ball</strong>!<br></div><div class="battle-history"><small>The opposing Hippopotas protected itself!</small><br></div><div class="spacer battle-history"><br></div><div class="battle-history"><small>The sandstorm is raging.</small><br></div><div class="battle-history"><small>Gothita is buffeted by the sandstorm!</small><br></div><div class="battle-history"><small>Gothita was hurt by poison!</small><br></div><div class="spacer battle-history"><br></div><h2 class="battle-history">Turn 24</h2><div class="spacer battle-history"><br></div><div class="battle-history">Gothita used <strong>Energy Ball</strong>!<br></div><div class="battle-history"><small>It's super effective!</small><br></div><div class="battle-history"><small>(The opposing Hippopotas lost <abbr title="−9/25">36%</abbr> of its health!)</small><br></div><div class="spacer battle-history"><br></div><div class="battle-history">The opposing Hippopotas fainted!<br></div><div class="spacer battle-history"><br></div><div class="battle-history"><strong>alfredopasta</strong> won the battle!<br></div></div><div class="inner-preempt"></div></div></div>
</div>
<script>
let daily = Math.floor(Date.now()/1000/60/60/24);document.write('<script src="https://play.pokemonshowdown.com/js/replay-embed.js?version'+daily+'"></'+'script>');
</script>
