<!DOCTYPE html>
<meta charset="utf-8" />
<!-- version 1 -->
<title>LC replay: Thelvyn vs. Halodemon25</title>
<style>
html,body {font-family:Verdana, sans-serif;font-size:10pt;margin:0;padding:0;}body{padding:12px 0;} .battle-log {font-family:Verdana, sans-serif;font-size:10pt;} .battle-log-inline {border:1px solid #AAAAAA;background:#EEF2F5;color:black;max-width:640px;margin:0 auto 80px;padding-bottom:5px;} .battle-log .inner {padding:4px 8px 0px 8px;} .battle-log .inner-preempt {padding:0 8px 4px 8px;} .battle-log .inner-after {margin-top:0.5em;} .battle-log h2 {margin:0.5em -8px;padding:4px 8px;border:1px solid #AAAAAA;background:#E0E7EA;border-left:0;border-right:0;font-family:Verdana, sans-serif;font-size:13pt;} .battle-log .chat {vertical-align:middle;padding:3px 0 3px 0;font-size:8pt;} .battle-log .chat strong {color:#40576A;} .battle-log .chat em {padding:1px 4px 1px 3px;color:#000000;font-style:normal;} .chat.mine {background:rgba(0,0,0,0.05);margin-left:-8px;margin-right:-8px;padding-left:8px;padding-right:8px;} .spoiler {color:#BBBBBB;background:#BBBBBB;padding:0px 3px;} .spoiler:hover, .spoiler:active, .spoiler-shown {color:#000000;background:#E2E2E2;padding:0px 3px;} .spoiler a {color:#BBBBBB;} .spoiler:hover a, .spoiler:active a, .spoiler-shown a {color:#2288CC;} .chat code, .chat .spoiler:hover code, .chat .spoiler:active code, .chat .spoiler-shown code {border:1px solid #C0C0C0;background:#EEEEEE;color:black;padding:0 2px;} .chat .spoiler code {border:1px solid #CCCCCC;background:#CCCCCC;color:#CCCCCC;} .battle-log .rated {padding:3px 4px;} .battle-log .rated strong {color:white;background:#89A;padding:1px 4px;border-radius:4px;} .spacer {margin-top:0.5em;} .message-announce {background:#6688AA;color:white;padding:1px 4px 2px;} .message-announce a, .broadcast-green a, .broadcast-blue a, .broadcast-red a {color:#DDEEFF;} .broadcast-green {background-color:#559955;color:white;padding:2px 4px;} .broadcast-blue {background-color:#6688AA;color:white;padding:2px 4px;} .infobox {border:1px solid #6688AA;padding:2px 4px;} .infobox-limited {max-height:200px;overflow:auto;overflow-x:hidden;} .broadcast-red {background-color:#AA5544;color:white;padding:2px 4px;} .message-learn-canlearn {font-weight:bold;color:#228822;text-decoration:underline;} .message-learn-cannotlearn {font-weight:bold;color:#CC2222;text-decoration:underline;} .message-effect-weak {font-weight:bold;color:#CC2222;} .message-effect-resist {font-weight:bold;color:#6688AA;} .message-effect-immune {font-weight:bold;color:#666666;} .message-learn-list {margin-top:0;margin-bottom:0;} .message-throttle-notice, .message-error {color:#992222;} .message-overflow, .chat small.message-overflow {font-size:0pt;} .message-overflow::before {font-size:9pt;content:'...';} .subtle {color:#3A4A66;}
</style>
<div class="wrapper replay-wrapper" style="max-width:1180px;margin:0 auto">
<input type="hidden" name="replayid" value="lc-489051972" />
<div class="battle"></div><div class="battle-log"></div><div class="replay-controls"></div><div class="replay-controls-2"></div>
<h1 style="font-weight:normal;text-align:center"><strong>LC</strong><br /><a href="http://pokemonshowdown.com/users/thelvyn" class="subtle" target="_blank">Thelvyn</a> vs. <a href="http://pokemonshowdown.com/users/halodemon25" class="subtle" target="_blank">Halodemon25</a></h1>
<script type="text/plain" class="battle-log-data">|j|Thelvyn
|j|Halodemon25
|player|p1|Thelvyn|238
|player|p2|Halodemon25|2
|gametype|singles
|gen|6
|tier|LC
|rated
|seed|10071,37119,60995,47530
|clearpoke
|poke|p1|Voltorb, L5|item
|poke|p1|Frillish, L5, F|item
|poke|p1|Diglett, L5, M|item
|poke|p1|Vullaby, L5, F|item
|poke|p1|Munchlax, L5, M|item
|poke|p1|Chimchar, L5, M|item
|poke|p2|Archen, L5, M|item
|poke|p2|Barboach, L5, M, shiny|item
|poke|p2|Yamask, L5, F|item
|poke|p2|Ferroseed, L5, M|item
|poke|p2|Chinchou, L5, F, shiny|item
|poke|p2|Darumaka, L5, F|item
|rule|Sleep Clause Mod: Limit one foe put to sleep
|rule|Species Clause: Limit one of each Pokémon
|rule|OHKO Clause: OHKO moves are banned
|rule|Moody Clause: Moody is banned
|rule|Evasion Moves Clause: Evasion moves are banned
|rule|Endless Battle Clause: Forcing endless battles is banned
|rule|HP Percentage Mod: HP is shown in percentages
|teampreview
|choice|team 3, team 2, team 1, team 4, team 5, team 6|team 3, team 2, team 1, team 4, team 5, team 6
|
|start
|switch|p1a: Diglett|Diglett, L5, M|20\/20
|switch|p2a: Yamask|Yamask, L5, F|20\/20
|turn|1
|choice|move toxic|switch 3
|
|switch|p2a: Archen|Archen, L5, M|22\/22
|move|p1a: Diglett|Toxic|p2a: Archen
|-status|p2a: Archen|tox
|
|-damage|p2a: Archen|21\/22 tox|[from] psn
|turn|2
|choice|switch 3|move headsmash
|
|switch|p1a: Voltorb|Voltorb, L5|22\/22
|move|p2a: Archen|Head Smash|p1a: Voltorb
|-enditem|p1a: Voltorb|Focus Sash
|-damage|p1a: Voltorb|1\/22
|-damage|p2a: Archen|10\/22 tox|[from] recoil|[of] p1a: Voltorb
|
|-damage|p2a: Archen|8\/22 tox|[from] psn
|turn|3
|choice|move protect|switch 4
|
|switch|p2a: Ferroseed|Ferroseed, L5, M|21\/21
|move|p1a: Voltorb|Protect|p1a: Voltorb
|-fail|p1a: Voltorb
|
|turn|4
|choice|move explosion|move stealthrock
|
|move|p1a: Voltorb|Explosion|p2a: Ferroseed
|-resisted|p2a: Ferroseed
|-damage|p2a: Ferroseed|16\/21
|faint|p1a: Voltorb
|move|p2a: Ferroseed|Stealth Rock|p1: Voltorb
|-sidestart|p1: Thelvyn|move: Stealth Rock
|
|choice|switch 6|
|
|switch|p1a: Chimchar|Chimchar, L5, M|22\/22
|-damage|p1a: Chimchar|17\/22|[from] Stealth Rock
|turn|5
|choice|move firepunch|switch 2
|
|switch|p2a: Barboach|Barboach, L5, M, shiny|21\/21
|move|p1a: Chimchar|Fire Punch|p2a: Barboach
|-resisted|p2a: Barboach
|-damage|p2a: Barboach|14\/21
|
|-heal|p2a: Barboach|15\/21|[from] item: Leftovers
|turn|6
|choice|switch 2|move dragondance
|
|switch|p1a: Frillish|Frillish, L5, F|25\/25
|-damage|p1a: Frillish|22\/25|[from] Stealth Rock
|move|p2a: Barboach|Dragon Dance|p2a: Barboach
|-boost|p2a: Barboach|atk|1
|-boost|p2a: Barboach|spe|1
|
|-heal|p2a: Barboach|16\/21|[from] item: Leftovers
|turn|7
|choice|move gigadrain|move earthquake
|
|move|p2a: Barboach|Earthquake|p1a: Frillish
|-damage|p1a: Frillish|4\/25
|move|p1a: Frillish|Giga Drain|p2a: Barboach
|-supereffective|p2a: Barboach
|-damage|p2a: Barboach|0 fnt
|-heal|p1a: Frillish|12\/25|[from] drain|[of] p2a: Barboach
|faint|p2a: Barboach
|
|choice||switch 4
|
|switch|p2a: Archen|Archen, L5, M|8\/22 tox
|turn|8
|choice|move recover|move headsmash
|
|move|p2a: Archen|Head Smash|p1a: Frillish
|-damage|p1a: Frillish|0 fnt
|-damage|p2a: Archen|2\/22 tox|[from] recoil|[of] p1a: Frillish
|faint|p1a: Frillish
|
|-damage|p2a: Archen|1\/22 tox|[from] psn
|choice|switch 5|
|
|switch|p1a: Munchlax|Munchlax, L5, M|33\/33
|-damage|p1a: Munchlax|29\/33|[from] Stealth Rock
|turn|9
|choice|move stockpile|move roost
|
|move|p2a: Archen|Roost|p2a: Archen
|-heal|p2a: Archen|12\/22 tox
|move|p1a: Munchlax|Stockpile|p1a: Munchlax
|-start|p1a: Munchlax|stockpile1
|-boost|p1a: Munchlax|def|1
|-boost|p1a: Munchlax|spd|1
|
|-heal|p1a: Munchlax|31\/33|[from] item: Leftovers
|-damage|p2a: Archen|10\/22 tox|[from] psn
|turn|10
|choice|move stockpile|move headsmash
|
|move|p2a: Archen|Head Smash|p1a: Munchlax
|-damage|p1a: Munchlax|21\/33
|-damage|p2a: Archen|5\/22 tox|[from] recoil|[of] p1a: Munchlax
|move|p1a: Munchlax|Stockpile|p1a: Munchlax
|-start|p1a: Munchlax|stockpile2
|-boost|p1a: Munchlax|def|1
|-boost|p1a: Munchlax|spd|1
|
|-heal|p1a: Munchlax|23\/33|[from] item: Leftovers
|-damage|p2a: Archen|2\/22 tox|[from] psn
|turn|11
|choice|move stockpile|switch 2
|
|switch|p2a: Ferroseed|Ferroseed, L5, M|16\/21
|move|p1a: Munchlax|Stockpile|p1a: Munchlax
|-start|p1a: Munchlax|stockpile3
|-boost|p1a: Munchlax|def|1
|-boost|p1a: Munchlax|spd|1
|
|-heal|p1a: Munchlax|25\/33|[from] item: Leftovers
|turn|12
|choice|move poweruppunch|move leechseed
|
|move|p2a: Ferroseed|Leech Seed|p1a: Munchlax
|-start|p1a: Munchlax|move: Leech Seed
|move|p1a: Munchlax|Power-Up Punch|p2a: Ferroseed
|-supereffective|p2a: Ferroseed
|-damage|p2a: Ferroseed|10\/21
|-damage|p1a: Munchlax|21\/33|[from] ability: Iron Barbs|[of] p2a: Ferroseed
|-damage|p1a: Munchlax|16\/33|[from] item: Rocky Helmet|[of] p2a: Ferroseed
|-boost|p1a: Munchlax|atk|1
|
|-heal|p1a: Munchlax|18\/33|[from] item: Leftovers
|-damage|p1a: Munchlax|14\/33|[from] Leech Seed|[of] p2a: Ferroseed
|-heal|p2a: Ferroseed|14\/21|[silent]
|turn|13
|choice|move poweruppunch|move ingrain
|
|move|p2a: Ferroseed|Ingrain|p2a: Ferroseed
|-start|p2a: Ferroseed|move: Ingrain
|move|p1a: Munchlax|Power-Up Punch|p2a: Ferroseed
|-supereffective|p2a: Ferroseed
|-damage|p2a: Ferroseed|6\/21
|-damage|p1a: Munchlax|10\/33|[from] ability: Iron Barbs|[of] p2a: Ferroseed
|-damage|p1a: Munchlax|5\/33|[from] item: Rocky Helmet|[of] p2a: Ferroseed
|-boost|p1a: Munchlax|atk|1
|
|-heal|p1a: Munchlax|7\/33|[from] item: Leftovers
|-heal|p2a: Ferroseed|7\/21|[from] Ingrain
|-damage|p1a: Munchlax|3\/33|[from] Leech Seed|[of] p2a: Ferroseed
|-heal|p2a: Ferroseed|11\/21|[silent]
|turn|14
|choice|move rest|move toxic
|
|move|p2a: Ferroseed|Toxic|p1a: Munchlax
|-status|p1a: Munchlax|tox
|move|p1a: Munchlax|Rest|p1a: Munchlax
|-status|p1a: Munchlax|slp
|-heal|p1a: Munchlax|33\/33 slp|[silent]
|-status|p1a: Munchlax|slp|[from] move: Rest
|
|-heal|p2a: Ferroseed|12\/21|[from] Ingrain
|-damage|p1a: Munchlax|29\/33 slp|[from] Leech Seed|[of] p2a: Ferroseed
|-heal|p2a: Ferroseed|16\/21|[silent]
|turn|15
|choice|move poweruppunch|move stealthrock
|
|move|p2a: Ferroseed|Stealth Rock|p1a: Munchlax
|-fail|p1a: Munchlax
|cant|p1a: Munchlax|slp
|
|-heal|p1a: Munchlax|31\/33 slp|[from] item: Leftovers
|-heal|p2a: Ferroseed|17\/21|[from] Ingrain
|-damage|p1a: Munchlax|27\/33 slp|[from] Leech Seed|[of] p2a: Ferroseed
|-heal|p2a: Ferroseed|21\/21|[silent]
|turn|16
|choice|move poweruppunch|move toxic
|
|move|p2a: Ferroseed|Toxic|p1a: Munchlax
|-fail|p1a: Munchlax
|cant|p1a: Munchlax|slp
|
|-heal|p1a: Munchlax|29\/33 slp|[from] item: Leftovers
|-damage|p1a: Munchlax|25\/33 slp|[from] Leech Seed|[of] p2a: Ferroseed
|turn|17
|choice|move poweruppunch|move toxic
|
|move|p2a: Ferroseed|Toxic|p1a: Munchlax
|-fail|p1a: Munchlax
|-curestatus|p1a: Munchlax|slp|[msg]
|move|p1a: Munchlax|Power-Up Punch|p2a: Ferroseed
|-supereffective|p2a: Ferroseed
|-damage|p2a: Ferroseed|7\/21
|-damage|p1a: Munchlax|21\/33|[from] ability: Iron Barbs|[of] p2a: Ferroseed
|-damage|p1a: Munchlax|16\/33|[from] item: Rocky Helmet|[of] p2a: Ferroseed
|-boost|p1a: Munchlax|atk|1
|
|-heal|p1a: Munchlax|18\/33|[from] item: Leftovers
|-heal|p2a: Ferroseed|8\/21|[from] Ingrain
|-damage|p1a: Munchlax|14\/33|[from] Leech Seed|[of] p2a: Ferroseed
|-heal|p2a: Ferroseed|12\/21|[silent]
|turn|18
|choice|move poweruppunch|move toxic
|
|move|p2a: Ferroseed|Toxic|p1a: Munchlax
|-status|p1a: Munchlax|tox
|move|p1a: Munchlax|Power-Up Punch|p2a: Ferroseed
|-supereffective|p2a: Ferroseed
|-damage|p2a: Ferroseed|0 fnt
|-damage|p1a: Munchlax|10\/33 tox|[from] ability: Iron Barbs|[of] p2a: Ferroseed
|-damage|p1a: Munchlax|5\/33 tox|[from] item: Rocky Helmet|[of] p2a: Ferroseed
|-boost|p1a: Munchlax|atk|1
|faint|p2a: Ferroseed
|
|-heal|p1a: Munchlax|7\/33 tox|[from] item: Leftovers
|-damage|p1a: Munchlax|5\/33 tox|[from] psn
|choice||switch 3
|
|switch|p2a: Yamask|Yamask, L5, F|20\/20
|turn|19
|choice|move thunderpunch|move calmmind
|
|move|p2a: Yamask|Calm Mind|p2a: Yamask
|-boost|p2a: Yamask|spa|1
|-boost|p2a: Yamask|spd|1
|move|p1a: Munchlax|Thunder Punch|p2a: Yamask
|-damage|p2a: Yamask|8\/20
|-activate|p2a: Yamask|ability: Mummy|Thick Fat|[of] p1a: Munchlax
|-status|p2a: Yamask|par
|
|-heal|p1a: Munchlax|7\/33 tox|[from] item: Leftovers
|-damage|p1a: Munchlax|3\/33 tox|[from] Leech Seed|[of] p2a: Yamask
|-heal|p2a: Yamask|12\/20 par|[silent]
|-damage|p1a: Munchlax|0 fnt|[from] psn
|faint|p1a: Munchlax
|choice|switch 4|
|
|switch|p1a: Vullaby|Vullaby, L5, F|26\/26
|-damage|p1a: Vullaby|20\/26|[from] Stealth Rock
|turn|20
|choice|move knockoff|switch 2
|
|switch|p2a: Archen|Archen, L5, M|2\/22 tox
|move|p1a: Vullaby|Knock Off|p2a: Archen
|-damage|p2a: Archen|0 fnt
|-enditem|p2a: Archen|Expert Belt|[from] move: Knock Off|[of] p1a: Vullaby
|faint|p2a: Archen
|
|choice||switch 5
|
|switch|p2a: Chinchou|Chinchou, L5, F, shiny|27\/27
|turn|21
|choice|move knockoff|move hydropump
|
|move|p2a: Chinchou|Hydro Pump|p1a: Vullaby
|-damage|p1a: Vullaby|5\/26
|move|p1a: Vullaby|Knock Off|p2a: Chinchou
|-damage|p2a: Chinchou|2\/27
|-enditem|p2a: Chinchou|Damp Rock|[from] move: Knock Off|[of] p1a: Vullaby
|
|turn|22
|choice|move knockoff|move chargebeam
|
|move|p2a: Chinchou|Charge Beam|p1a: Vullaby
|-supereffective|p1a: Vullaby
|-damage|p1a: Vullaby|0 fnt
|-boost|p2a: Chinchou|spa|1
|faint|p1a: Vullaby
|
|choice|switch 2|
|
|switch|p1a: Chimchar|Chimchar, L5, M|17\/22
|-damage|p1a: Chimchar|12\/22|[from] Stealth Rock
|turn|23
|choice|move thunderpunch|move hydropump
|
|move|p1a: Chimchar|Thunder Punch|p2a: Chinchou
|-damage|p2a: Chinchou|0 fnt
|faint|p2a: Chinchou
|
|choice||switch 6
|
|switch|p2a: Darumaka|Darumaka, L5, F|26\/26
|turn|24
|choice|move thunderpunch|move brickbreak
|
|move|p1a: Chimchar|Thunder Punch|p2a: Darumaka
|-damage|p2a: Darumaka|16\/26
|move|p2a: Darumaka|Brick Break|p1a: Chimchar
|-damage|p1a: Chimchar|0 fnt
|faint|p1a: Chimchar
|
|choice|switch 3|
|
|switch|p1a: Diglett|Diglett, L5, M|20\/20
|-damage|p1a: Diglett|19\/20|[from] Stealth Rock
|turn|25
|choice|move toxic|move flareblitz
|
|move|p1a: Diglett|Toxic|p2a: Darumaka
|-status|p2a: Darumaka|tox
|move|p2a: Darumaka|Flare Blitz|p1a: Diglett
|-damage|p1a: Diglett|4\/20
|-damage|p2a: Darumaka|11\/26 tox|[from] recoil|[of] p1a: Diglett
|-enditem|p2a: Darumaka|Berry Juice
|-heal|p2a: Darumaka|26\/26 tox|[from] item: Berry Juice
|
|-damage|p2a: Darumaka|25\/26 tox|[from] psn
|turn|26
|choice|move earthquake|move brickbreak
|
|move|p1a: Diglett|Earthquake|p2a: Darumaka
|-supereffective|p2a: Darumaka
|-damage|p2a: Darumaka|0 fnt
|faint|p2a: Darumaka
|
|choice||switch 2
|
|switch|p2a: Yamask|Yamask, L5, F|12\/20 par
|turn|27
|choice|move rest|move shadowball
|
|move|p1a: Diglett|Rest|p1a: Diglett
|-status|p1a: Diglett|slp
|-heal|p1a: Diglett|20\/20 slp|[silent]
|-status|p1a: Diglett|slp|[from] move: Rest
|cant|p2a: Yamask|par
|
|turn|28
|choice|move sleeptalk|move shadowball
|
|cant|p1a: Diglett|slp
|move|p1a: Diglett|Sleep Talk|p1a: Diglett
|move|p1a: Diglett|Earthquake|p2a: Yamask|[from]Sleep Talk
|-crit|p2a: Yamask
|-damage|p2a: Yamask|3\/20 par
|move|p2a: Yamask|Shadow Ball|p1a: Diglett
|-damage|p1a: Diglett|13\/20 slp
|-unboost|p1a: Diglett|spd|1
|
|turn|29
|choice|move sleeptalk|move shadowball
|
|cant|p1a: Diglett|slp
|move|p1a: Diglett|Sleep Talk|p1a: Diglett
|move|p1a: Diglett|Toxic|p2a: Yamask|[from]Sleep Talk
|-fail|p2a: Yamask
|move|p2a: Yamask|Shadow Ball|p1a: Diglett
|-damage|p1a: Diglett|4\/20 slp
|
|turn|30
|choice|move earthquake|move shadowball
|
|-curestatus|p1a: Diglett|slp|[msg]
|move|p1a: Diglett|Earthquake|p2a: Yamask
|-damage|p2a: Yamask|0 fnt
|faint|p2a: Yamask
|
|win|Thelvyn
|player|p1
|player|p2
|l|Halodemon25</script>
</div>
<div class="battle-log battle-log-inline"><div class="inner"><div class="battle-options"></div><div class="inner"><div class="chat"><small>Thelvyn joined.</small></div><div class="chat"><small>Halodemon25 joined.</small></div><div class=""><small>Format:</small> <br><strong>LC</strong></div><div class="rated"><strong>Rated battle</strong></div><div class=""><small><em>Sleep Clause Mod:</em> Limit one foe put to sleep</small></div><div class=""><small><em>Species Clause:</em> Limit one of each Pokémon</small></div><div class=""><small><em>OHKO Clause:</em> OHKO moves are banned</small></div><div class=""><small><em>Moody Clause:</em> Moody is banned</small></div><div class=""><small><em>Evasion Moves Clause:</em> Evasion moves are banned</small></div><div class=""><small><em>Endless Battle Clause:</em> Forcing endless battles is banned</small></div><div class=""><small><em>HP Percentage Mod:</em> HP is shown in percentages</small></div><div class="chat battle-history"><strong>Thelvyn's team:</strong> <em style="color:#445566;display:block;">Voltorb / Frillish / Diglett / Vullaby / Munchlax / Chimchar</em></div><div class="chat battle-history"><strong>Halodemon25's team:</strong> <em style="color:#445566;display:block;">Archen / Barboach / Yamask / Ferroseed / Chinchou / Darumaka</em></div><div class="spacer battle-history"><br></div><div class="battle-history">Battle started between Thelvyn and Halodemon25!<br></div><div class="spacer battle-history"><br></div><div class="battle-history">Go! <strong>Diglett</strong>!<br></div><div class="spacer battle-history"><br></div><div class="battle-history">Halodemon25 sent out <strong>Yamask</strong>!<br></div><div class="spacer battle-history"><br></div><h2 class="battle-history">Turn 1</h2><div class="spacer battle-history"><br></div><div class="battle-history">Halodemon25 withdrew Yamask!<br></div><div class="battle-history">Halodemon25 sent out <strong>Archen</strong>!<br></div><div class="spacer battle-history"><br></div><div class="battle-history">Diglett used <strong>Toxic</strong>!<br></div><div class="battle-history"><small>The opposing Archen was badly poisoned!</small><br></div><div class="spacer battle-history"><br></div><div class="battle-history"><small>The opposing Archen was hurt by poison!</small><br></div><div class="spacer battle-history"><br></div><h2 class="battle-history">Turn 2</h2><div class="spacer battle-history"><br></div><div class="battle-history">Diglett, come back!<br></div><div class="battle-history">Go! <strong>Voltorb</strong>!<br></div><div class="spacer battle-history"><br></div><div class="battle-history">The opposing Archen used <strong>Head Smash</strong>!<br></div><div class="battle-history"><small>Voltorb hung on using its Focus Sash!</small><br></div><div class="battle-history"><small>(Voltorb lost <abbr title="−21/22">95.5%</abbr> of its health!)</small><br></div><div class="battle-history"><small>The opposing Archen is damaged by the recoil!</small><br></div><div class="spacer battle-history"><br></div><div class="battle-history"><small>The opposing Archen was hurt by poison!</small><br></div><div class="spacer battle-history"><br></div><h2 class="battle-history">Turn 3</h2><div class="spacer battle-history"><br></div><div class="battle-history">Halodemon25 withdrew Archen!<br></div><div class="battle-history">Halodemon25 sent out <strong>Ferroseed</strong>!<br></div><div class="spacer battle-history"><br></div><div class="battle-history">Voltorb used <strong>Protect</strong>!<br></div><div class="battle-history"><small>But it failed!</small><br></div><div class="spacer battle-history"><br></div><h2 class="battle-history">Turn 4</h2><div class="spacer battle-history"><br></div><div class="battle-history">Voltorb used <strong>Explosion</strong>!<br></div><div class="battle-history"><small>It's not very effective...</small><br></div><div class="battle-history"><small>(The opposing Ferroseed lost <abbr title="−5/21">23.8%</abbr> of its health!)</small><br></div><div class="spacer battle-history"><br></div><div class="battle-history">Voltorb fainted!<br></div><div class="battle-history">The opposing Ferroseed used <strong>Stealth Rock</strong>!<br></div><div class="battle-history"><small>Pointed stones float in the air around your team!</small><br></div><div class="spacer battle-history"><br></div><div class="battle-history">Go! <strong>Chimchar</strong>!<br></div><div class="battle-history"><small>Pointed stones dug into Chimchar!</small><br></div><div class="spacer battle-history"><br></div><h2 class="battle-history">Turn 5</h2><div class="spacer battle-history"><br></div><div class="battle-history">Halodemon25 withdrew Ferroseed!<br></div><div class="battle-history">Halodemon25 sent out <strong>Barboach</strong>!<br></div><div class="spacer battle-history"><br></div><div class="battle-history">Chimchar used <strong>Fire Punch</strong>!<br></div><div class="battle-history"><small>It's not very effective...</small><br></div><div class="battle-history"><small>(The opposing Barboach lost <abbr title="−7/21">33.3%</abbr> of its health!)</small><br></div><div class="spacer battle-history"><br></div><div class="battle-history"><small>The opposing Barboach restored a little HP using its Leftovers!</small><br></div><div class="spacer battle-history"><br></div><h2 class="battle-history">Turn 6</h2><div class="spacer battle-history"><br></div><div class="battle-history">Chimchar, come back!<br></div><div class="battle-history">Go! <strong>Frillish</strong>!<br></div><div class="battle-history"><small>Pointed stones dug into Frillish!</small><br></div><div class="spacer battle-history"><br></div><div class="battle-history">The opposing Barboach used <strong>Dragon Dance</strong>!<br></div><div class="battle-history"><small>The opposing Barboach's Attack rose!</small><br></div><div class="battle-history"><small>The opposing Barboach's Speed rose!</small><br></div><div class="spacer battle-history"><br></div><div class="battle-history"><small>The opposing Barboach restored a little HP using its Leftovers!</small><br></div><div class="spacer battle-history"><br></div><h2 class="battle-history">Turn 7</h2><div class="spacer battle-history"><br></div><div class="battle-history">The opposing Barboach used <strong>Earthquake</strong>!<br></div><div class="battle-history"><small>(Frillish lost <abbr title="−18/25">72%</abbr> of its health!)</small><br></div><div class="spacer battle-history"><br></div><div class="battle-history">Frillish used <strong>Giga Drain</strong>!<br></div><div class="battle-history"><small>It's super effective!</small><br></div><div class="battle-history"><small>(The opposing Barboach lost <abbr title="−16/21">76.2%</abbr> of its health!)</small><br></div><div class="battle-history"><small>The opposing Barboach had its energy drained!</small><br></div><div class="spacer battle-history"><br></div><div class="battle-history">The opposing Barboach fainted!<br></div><div class="spacer battle-history"><br></div><div class="battle-history">Halodemon25 sent out <strong>Archen</strong>!<br></div><div class="spacer battle-history"><br></div><h2 class="battle-history">Turn 8</h2><div class="spacer battle-history"><br></div><div class="battle-history">The opposing Archen used <strong>Head Smash</strong>!<br></div><div class="battle-history"><small>(Frillish lost <abbr title="−12/25">48%</abbr> of its health!)</small><br></div><div class="battle-history"><small>The opposing Archen is damaged by the recoil!</small><br></div><div class="spacer battle-history"><br></div><div class="battle-history">Frillish fainted!<br></div><div class="spacer battle-history"><br></div><div class="battle-history"><small>The opposing Archen was hurt by poison!</small><br></div><div class="spacer battle-history"><br></div><div class="battle-history">Go! <strong>Munchlax</strong>!<br></div><div class="battle-history"><small>Pointed stones dug into Munchlax!</small><br></div><div class="spacer battle-history"><br></div><h2 class="battle-history">Turn 9</h2><div class="spacer battle-history"><br></div><div class="battle-history">The opposing Archen used <strong>Roost</strong>!<br></div><div class="battle-history"><small>The opposing Archen restored its HP.</small><br></div><div class="spacer battle-history"><br></div><div class="battle-history">Munchlax used <strong>Stockpile</strong>!<br></div><div class="battle-history"><small>Munchlax stockpiled 1!</small><br></div><div class="battle-history"><small>Munchlax's Defense rose!</small><br></div><div class="battle-history"><small>Munchlax's Special Defense rose!</small><br></div><div class="spacer battle-history"><br></div><div class="battle-history"><small>Munchlax restored a little HP using its Leftovers!</small><br></div><div class="battle-history"><small>The opposing Archen was hurt by poison!</small><br></div><div class="spacer battle-history"><br></div><h2 class="battle-history">Turn 10</h2><div class="spacer battle-history"><br></div><div class="battle-history">The opposing Archen used <strong>Head Smash</strong>!<br></div><div class="battle-history"><small>(Munchlax lost <abbr title="−10/33">30.3%</abbr> of its health!)</small><br></div><div class="battle-history"><small>The opposing Archen is damaged by the recoil!</small><br></div><div class="spacer battle-history"><br></div><div class="battle-history">Munchlax used <strong>Stockpile</strong>!<br></div><div class="battle-history"><small>Munchlax stockpiled 2!</small><br></div><div class="battle-history"><small>Munchlax's Defense rose!</small><br></div><div class="battle-history"><small>Munchlax's Special Defense rose!</small><br></div><div class="spacer battle-history"><br></div><div class="battle-history"><small>Munchlax restored a little HP using its Leftovers!</small><br></div><div class="battle-history"><small>The opposing Archen was hurt by poison!</small><br></div><div class="spacer battle-history"><br></div><h2 class="battle-history">Turn 11</h2><div class="spacer battle-history"><br></div><div class="battle-history">Halodemon25 withdrew Archen!<br></div><div class="battle-history">Halodemon25 sent out <strong>Ferroseed</strong>!<br></div><div class="spacer battle-history"><br></div><div class="battle-history">Munchlax used <strong>Stockpile</strong>!<br></div><div class="battle-history"><small>Munchlax stockpiled 3!</small><br></div><div class="battle-history"><small>Munchlax's Defense rose!</small><br></div><div class="battle-history"><small>Munchlax's Special Defense rose!</small><br></div><div class="spacer battle-history"><br></div><div class="battle-history"><small>Munchlax restored a little HP using its Leftovers!</small><br></div><div class="spacer battle-history"><br></div><h2 class="battle-history">Turn 12</h2><div class="spacer battle-history"><br></div><div class="battle-history">The opposing Ferroseed used <strong>Leech Seed</strong>!<br></div><div class="battle-history"><small>Munchlax was seeded!</small><br></div><div class="spacer battle-history"><br></div><div class="battle-history">Munchlax used <strong>Power-Up Punch</strong>!<br></div><div class="battle-history"><small>It's super effective!</small><br></div><div class="battle-history"><small>(The opposing Ferroseed lost <abbr title="−6/21">28.6%</abbr> of its health!)</small><br></div><div class="battle-history"><small>[The opposing Ferroseed's Iron Barbs]</small><br><small>Munchlax was hurt!</small><br></div><div class="battle-history"><small>Munchlax was hurt by the Rocky Helmet!</small><br></div><div class="battle-history"><small>Munchlax's Attack rose!</small><br></div><div class="spacer battle-history"><br></div><div class="battle-history"><small>Munchlax restored a little HP using its Leftovers!</small><br></div><div class="battle-history"><small>Munchlax's health is sapped by Leech Seed!</small><br></div><div class="spacer battle-history"><br></div><h2 class="battle-history">Turn 13</h2><div class="spacer battle-history"><br></div><div class="battle-history">The opposing Ferroseed used <strong>Ingrain</strong>!<br></div><div class="battle-history"><small>The opposing Ferroseed planted its roots!</small><br></div><div class="spacer battle-history"><br></div><div class="battle-history">Munchlax used <strong>Power-Up Punch</strong>!<br></div><div class="battle-history"><small>It's super effective!</small><br></div><div class="battle-history"><small>(The opposing Ferroseed lost <abbr title="−8/21">38.1%</abbr> of its health!)</small><br></div><div class="battle-history"><small>[The opposing Ferroseed's Iron Barbs]</small><br><small>Munchlax was hurt!</small><br></div><div class="battle-history"><small>Munchlax was hurt by the Rocky Helmet!</small><br></div><div class="battle-history"><small>Munchlax's Attack rose!</small><br></div><div class="spacer battle-history"><br></div><div class="battle-history"><small>Munchlax restored a little HP using its Leftovers!</small><br></div><div class="battle-history"><small>The opposing Ferroseed absorbed nutrients with its roots!</small><br></div><div class="battle-history"><small>Munchlax's health is sapped by Leech Seed!</small><br></div><div class="spacer battle-history"><br></div><h2 class="battle-history">Turn 14</h2><div class="spacer battle-history"><br></div><div class="battle-history">The opposing Ferroseed used <strong>Toxic</strong>!<br></div><div class="battle-history"><small>Munchlax was badly poisoned!</small><br></div><div class="spacer battle-history"><br></div><div class="battle-history">Munchlax used <strong>Rest</strong>!<br></div><div class="battle-history"><small>Munchlax fell asleep!</small><br></div><div class="battle-history"><small>Munchlax slept and became healthy!</small><br></div><div class="spacer battle-history"><br></div><div class="battle-history"><small>The opposing Ferroseed absorbed nutrients with its roots!</small><br></div><div class="battle-history"><small>Munchlax's health is sapped by Leech Seed!</small><br></div><div class="spacer battle-history"><br></div><h2 class="battle-history">Turn 15</h2><div class="spacer battle-history"><br></div><div class="battle-history">The opposing Ferroseed used <strong>Stealth Rock</strong>!<br></div><div class="battle-history"><small>But it failed!</small><br></div><div class="spacer battle-history"><br></div><div class="battle-history">Munchlax is fast asleep.<br></div><div class="spacer battle-history"><br></div><div class="battle-history"><small>Munchlax restored a little HP using its Leftovers!</small><br></div><div class="battle-history"><small>The opposing Ferroseed absorbed nutrients with its roots!</small><br></div><div class="battle-history"><small>Munchlax's health is sapped by Leech Seed!</small><br></div><div class="spacer battle-history"><br></div><h2 class="battle-history">Turn 16</h2><div class="spacer battle-history"><br></div><div class="battle-history">The opposing Ferroseed used <strong>Toxic</strong>!<br></div><div class="battle-history"><small>But it failed!</small><br></div><div class="spacer battle-history"><br></div><div class="battle-history">Munchlax is fast asleep.<br></div><div class="spacer battle-history"><br></div><div class="battle-history"><small>Munchlax restored a little HP using its Leftovers!</small><br></div><div class="battle-history"><small>Munchlax's health is sapped by Leech Seed!</small><br></div><div class="spacer battle-history"><br></div><h2 class="battle-history">Turn 17</h2><div class="spacer battle-history"><br></div><div class="battle-history">The opposing Ferroseed used <strong>Toxic</strong>!<br></div><div class="battle-history"><small>But it failed!</small><br></div><div class="battle-history"><small>Munchlax woke up!</small><br></div><div class="spacer battle-history"><br></div><div class="battle-history">Munchlax used <strong>Power-Up Punch</strong>!<br></div><div class="battle-history"><small>It's super effective!</small><br></div><div class="battle-history"><small>(The opposing Ferroseed lost <abbr title="−14/21">66.7%</abbr> of its health!)</small><br></div><div class="battle-history"><small>[The opposing Ferroseed's Iron Barbs]</small><br><small>Munchlax was hurt!</small><br></div><div class="battle-history"><small>Munchlax was hurt by the Rocky Helmet!</small><br></div><div class="battle-history"><small>Munchlax's Attack rose!</small><br></div><div class="spacer battle-history"><br></div><div class="battle-history"><small>Munchlax restored a little HP using its Leftovers!</small><br></div><div class="battle-history"><small>The opposing Ferroseed absorbed nutrients with its roots!</small><br></div><div class="battle-history"><small>Munchlax's health is sapped by Leech Seed!</small><br></div><div class="spacer battle-history"><br></div><h2 class="battle-history">Turn 18</h2><div class="spacer battle-history"><br></div><div class="battle-history">The opposing Ferroseed used <strong>Toxic</strong>!<br></div><div class="battle-history"><small>Munchlax was badly poisoned!</small><br></div><div class="spacer battle-history"><br></div><div class="battle-history">Munchlax used <strong>Power-Up Punch</strong>!<br></div><div class="battle-history"><small>It's super effective!</small><br></div><div class="battle-history"><small>(The opposing Ferroseed lost <abbr title="−12/21">57.1%</abbr> of its health!)</small><br></div><div class="battle-history"><small>[The opposing Ferroseed's Iron Barbs]</small><br><small>Munchlax was hurt!</small><br></div><div class="battle-history"><small>Munchlax was hurt by the Rocky Helmet!</small><br></div><div class="battle-history"><small>Munchlax's Attack rose!</small><br></div><div class="spacer battle-history"><br></div><div class="battle-history">The opposing Ferroseed fainted!<br></div><div class="spacer battle-history"><br></div><div class="battle-history"><small>Munchlax restored a little HP using its Leftovers!</small><br></div><div class="battle-history"><small>Munchlax was hurt by poison!</small><br></div><div class="spacer battle-history"><br></div><div class="battle-history">Halodemon25 sent out <strong>Yamask</strong>!<br></div><div class="spacer battle-history"><br></div><h2 class="battle-history">Turn 19</h2><div class="spacer battle-history"><br></div><div class="battle-history">The opposing Yamask used <strong>Calm Mind</strong>!<br></div><div class="battle-history"><small>The opposing Yamask's Special Attack rose!</small><br></div><div class="battle-history"><small>The opposing Yamask's Special Defense rose!</small><br></div><div class="spacer battle-history"><br></div><div class="battle-history">Munchlax used <strong>Thunder Punch</strong>!<br></div><div class="battle-history"><small>(The opposing Yamask lost <abbr title="−12/20">60%</abbr> of its health!)</small><br></div><div class="battle-history"><small>[The opposing Yamask's Mummy]</small><br><small>[Munchlax's Thick Fat]</small><br><small>[Munchlax's Mummy]</small><br><small>Munchlax's Ability became Mummy!</small><br></div><div class="battle-history"><small>The opposing Yamask is paralyzed! It may be unable to move!</small><br></div><div class="spacer battle-history"><br></div><div class="battle-history"><small>Munchlax restored a little HP using its Leftovers!</small><br></div><div class="battle-history"><small>Munchlax's health is sapped by Leech Seed!</small><br></div><div class="battle-history"><small>Munchlax was hurt by poison!</small><br></div><div class="spacer battle-history"><br></div><div class="battle-history">Munchlax fainted!<br></div><div class="spacer battle-history"><br></div><div class="battle-history">Go! <strong>Vullaby</strong>!<br></div><div class="battle-history"><small>Pointed stones dug into Vullaby!</small><br></div><div class="spacer battle-history"><br></div><h2 class="battle-history">Turn 20</h2><div class="spacer battle-history"><br></div><div class="battle-history">Halodemon25 withdrew Yamask!<br></div><div class="battle-history">Halodemon25 sent out <strong>Archen</strong>!<br></div><div class="spacer battle-history"><br></div><div class="battle-history">Vullaby used <strong>Knock Off</strong>!<br></div><div class="battle-history"><small>(The opposing Archen lost <abbr title="−2/22">9.1%</abbr> of its health!)</small><br></div><div class="battle-history"><small>Vullaby knocked off the opposing Archen's Expert Belt!</small><br></div><div class="spacer battle-history"><br></div><div class="battle-history">The opposing Archen fainted!<br></div><div class="spacer battle-history"><br></div><div class="battle-history">Halodemon25 sent out <strong>Chinchou</strong>!<br></div><div class="spacer battle-history"><br></div><h2 class="battle-history">Turn 21</h2><div class="spacer battle-history"><br></div><div class="battle-history">The opposing Chinchou used <strong>Hydro Pump</strong>!<br></div><div class="battle-history"><small>(Vullaby lost <abbr title="−15/26">57.7%</abbr> of its health!)</small><br></div><div class="spacer battle-history"><br></div><div class="battle-history">Vullaby used <strong>Knock Off</strong>!<br></div><div class="battle-history"><small>(The opposing Chinchou lost <abbr title="−25/27">92.6%</abbr> of its health!)</small><br></div><div class="battle-history"><small>Vullaby knocked off the opposing Chinchou's Damp Rock!</small><br></div><div class="spacer battle-history"><br></div><h2 class="battle-history">Turn 22</h2><div class="spacer battle-history"><br></div><div class="battle-history">The opposing Chinchou used <strong>Charge Beam</strong>!<br></div><div class="battle-history"><small>It's super effective!</small><br></div><div class="battle-history"><small>(Vullaby lost <abbr title="−5/26">19.2%</abbr> of its health!)</small><br></div><div class="battle-history"><small>The opposing Chinchou's Special Attack rose!</small><br></div><div class="spacer battle-history"><br></div><div class="battle-history">Vullaby fainted!<br></div><div class="spacer battle-history"><br></div><div class="battle-history">Go! <strong>Chimchar</strong>!<br></div><div class="battle-history"><small>Pointed stones dug into Chimchar!</small><br></div><div class="spacer battle-history"><br></div><h2 class="battle-history">Turn 23</h2><div class="spacer battle-history"><br></div><div class="battle-history">Chimchar used <strong>Thunder Punch</strong>!<br></div><div class="battle-history"><small>(The opposing Chinchou lost <abbr title="−2/27">7.4%</abbr> of its health!)</small><br></div><div class="spacer battle-history"><br></div><div class="battle-history">The opposing Chinchou fainted!<br></div><div class="spacer battle-history"><br></div><div class="battle-history">Halodemon25 sent out <strong>Darumaka</strong>!<br></div><div class="spacer battle-history"><br></div><h2 class="battle-history">Turn 24</h2><div class="spacer battle-history"><br></div><div class="battle-history">Chimchar used <strong>Thunder Punch</strong>!<br></div><div class="battle-history"><small>(The opposing Darumaka lost <abbr title="−10/26">38.5%</abbr> of its health!)</small><br></div><div class="spacer battle-history"><br></div><div class="battle-history">The opposing Darumaka used <strong>Brick Break</strong>!<br></div><div class="battle-history"><small>(Chimchar lost <abbr title="−12/22">54.5%</abbr> of its health!)</small><br></div><div class="spacer battle-history"><br></div><div class="battle-history">Chimchar fainted!<br></div><div class="spacer battle-history"><br></div><div class="battle-history">Go! <strong>Diglett</strong>!<br></div><div class="battle-history"><small>Pointed stones dug into Diglett!</small><br></div><div class="spacer battle-history"><br></div><h2 class="battle-history">Turn 25</h2><div class="spacer battle-history"><br></div><div class="battle-history">Diglett used <strong>Toxic</strong>!<br></div><div class="battle-history"><small>The opposing Darumaka was badly poisoned!</small><br></div><div class="spacer battle-history"><br></div><div class="battle-history">The opposing Darumaka used <strong>Flare Blitz</strong>!<br></div><div class="battle-history"><small>(Diglett lost <abbr title="−15/20">75%</abbr> of its health!)</small><br></div><div class="battle-history"><small>The opposing Darumaka is damaged by the recoil!</small><br></div><div class="battle-history"><small>(The opposing Darumaka used its Berry Juice!)</small><br></div><div class="battle-history"><small>The opposing Darumaka restored HP using its Berry Juice!</small><br></div><div class="spacer battle-history"><br></div><div class="battle-history"><small>The opposing Darumaka was hurt by poison!</small><br></div><div class="spacer battle-history"><br></div><h2 class="battle-history">Turn 26</h2><div class="spacer battle-history"><br></div><div class="battle-history">Diglett used <strong>Earthquake</strong>!<br></div><div class="battle-history"><small>It's super effective!</small><br></div><div class="battle-history"><small>(The opposing Darumaka lost <abbr title="−25/26">96.2%</abbr> of its health!)</small><br></div><div class="spacer battle-history"><br></div><div class="battle-history">The opposing Darumaka fainted!<br></div><div class="spacer battle-history"><br></div><div class="battle-history">Halodemon25 sent out <strong>Yamask</strong>!<br></div><div class="spacer battle-history"><br></div><h2 class="battle-history">Turn 27</h2><div class="spacer battle-history"><br></div><div class="battle-history">Diglett used <strong>Rest</strong>!<br></div><div class="battle-history"><small>Diglett fell asleep!</small><br></div><div class="battle-history"><small>Diglett slept and became healthy!</small><br></div><div class="spacer battle-history"><br></div><div class="battle-history">The opposing Yamask is paralyzed! It can't move!<br></div><div class="spacer battle-history"><br></div><h2 class="battle-history">Turn 28</h2><div class="spacer battle-history"><br></div><div class="battle-history">Diglett is fast asleep.<br></div><div class="spacer battle-history"><br></div><div class="battle-history">Diglett used <strong>Sleep Talk</strong>!<br></div><div class="spacer battle-history"><br></div><div class="battle-history">Diglett used <strong>Earthquake</strong>!<br></div><div class="battle-history"><small>A critical hit!</small><br></div><div class="battle-history"><small>(The opposing Yamask lost <abbr title="−9/20">45%</abbr> of its health!)</small><br></div><div class="spacer battle-history"><br></div><div class="battle-history">The opposing Yamask used <strong>Shadow Ball</strong>!<br></div><div class="battle-history"><small>(Diglett lost <abbr title="−7/20">35%</abbr> of its health!)</small><br></div><div class="battle-history"><small>Diglett's Special Defense fell!</small><br></div><div class="spacer battle-history"><br></div><h2 class="battle-history">Turn 29</h2><div class="spacer battle-history"><br></div><div class="battle-history">Diglett is fast asleep.<br></div><div class="spacer battle-history"><br></div><div class="battle-history">Diglett used <strong>Sleep Talk</strong>!<br></div><div class="spacer battle-history"><br></div><div class="battle-history">Diglett used <strong>Toxic</strong>!<br></div><div class="battle-history"><small>But it failed!</small><br></div><div class="spacer battle-history"><br></div><div class="battle-history">The opposing Yamask used <strong>Shadow Ball</strong>!<br></div><div class="battle-history"><small>(Diglett lost <abbr title="−9/20">45%</abbr> of its health!)</small><br></div><div class="spacer battle-history"><br></div><h2 class="battle-history">Turn 30</h2><div class="spacer battle-history"><br></div><div class="battle-history"><small>Diglett woke up!</small><br></div><div class="spacer battle-history"><br></div><div class="battle-history">Diglett used <strong>Earthquake</strong>!<br></div><div class="battle-history"><small>(The opposing Yamask lost <abbr title="−3/20">15%</abbr> of its health!)</small><br></div><div class="spacer battle-history"><br></div><div class="battle-history">The opposing Yamask fainted!<br></div><div class="spacer battle-history"><br></div><div class="battle-history"><strong>Thelvyn</strong> won the battle!<br></div><div class="chat"><small>Halodemon25 left.</small></div></div><div class="inner-preempt"></div></div></div>
</div>
<script>
let daily = Math.floor(Date.now()/1000/60/60/24);document.write('<script src="https://play.pokemonshowdown.com/js/replay-embed.js?version'+daily+'"></'+'script>');
</script>
