<!DOCTYPE html>
<meta charset="utf-8" />
<!-- version 1 -->
<title>LC replay: LuckyRyu vs. The Afterman</title>
<style>
html,body {font-family:Verdana, sans-serif;font-size:10pt;margin:0;padding:0;}body{padding:12px 0;} .battle-log {font-family:Verdana, sans-serif;font-size:10pt;} .battle-log-inline {border:1px solid #AAAAAA;background:#EEF2F5;color:black;max-width:640px;margin:0 auto 80px;padding-bottom:5px;} .battle-log .inner {padding:4px 8px 0px 8px;} .battle-log .inner-preempt {padding:0 8px 4px 8px;} .battle-log .inner-after {margin-top:0.5em;} .battle-log h2 {margin:0.5em -8px;padding:4px 8px;border:1px solid #AAAAAA;background:#E0E7EA;border-left:0;border-right:0;font-family:Verdana, sans-serif;font-size:13pt;} .battle-log .chat {vertical-align:middle;padding:3px 0 3px 0;font-size:8pt;} .battle-log .chat strong {color:#40576A;} .battle-log .chat em {padding:1px 4px 1px 3px;color:#000000;font-style:normal;} .chat.mine {background:rgba(0,0,0,0.05);margin-left:-8px;margin-right:-8px;padding-left:8px;padding-right:8px;} .spoiler {color:#BBBBBB;background:#BBBBBB;padding:0px 3px;} .spoiler:hover, .spoiler:active, .spoiler-shown {color:#000000;background:#E2E2E2;padding:0px 3px;} .spoiler a {color:#BBBBBB;} .spoiler:hover a, .spoiler:active a, .spoiler-shown a {color:#2288CC;} .chat code, .chat .spoiler:hover code, .chat .spoiler:active code, .chat .spoiler-shown code {border:1px solid #C0C0C0;background:#EEEEEE;color:black;padding:0 2px;} .chat .spoiler code {border:1px solid #CCCCCC;background:#CCCCCC;color:#CCCCCC;} .battle-log .rated {padding:3px 4px;} .battle-log .rated strong {color:white;background:#89A;padding:1px 4px;border-radius:4px;} .spacer {margin-top:0.5em;} .message-announce {background:#6688AA;color:white;padding:1px 4px 2px;} .message-announce a, .broadcast-green a, .broadcast-blue a, .broadcast-red a {color:#DDEEFF;} .broadcast-green {background-color:#559955;color:white;padding:2px 4px;} .broadcast-blue {background-color:#6688AA;color:white;padding:2px 4px;} .infobox {border:1px solid #6688AA;padding:2px 4px;} .infobox-limited {max-height:200px;overflow:auto;overflow-x:hidden;} .broadcast-red {background-color:#AA5544;color:white;padding:2px 4px;} .message-learn-canlearn {font-weight:bold;color:#228822;text-decoration:underline;} .message-learn-cannotlearn {font-weight:bold;color:#CC2222;text-decoration:underline;} .message-effect-weak {font-weight:bold;color:#CC2222;} .message-effect-resist {font-weight:bold;color:#6688AA;} .message-effect-immune {font-weight:bold;color:#666666;} .message-learn-list {margin-top:0;margin-bottom:0;} .message-throttle-notice, .message-error {color:#992222;} .message-overflow, .chat small.message-overflow {font-size:0pt;} .message-overflow::before {font-size:9pt;content:'...';} .subtle {color:#3A4A66;}
</style>
<div class="wrapper replay-wrapper" style="max-width:1180px;margin:0 auto">
<input type="hidden" name="replayid" value="lc-478713454" />
<div class="battle"></div><div class="battle-log"></div><div class="replay-controls"></div><div class="replay-controls-2"></div>
<h1 style="font-weight:normal;text-align:center"><strong>LC</strong><br /><a href="http://pokemonshowdown.com/users/luckyryu" class="subtle" target="_blank">LuckyRyu</a> vs. <a href="http://pokemonshowdown.com/users/theafterman" class="subtle" target="_blank">The Afterman</a></h1>
<script type="text/plain" class="battle-log-data">|j|LuckyRyu
|j|The Afterman
|player|p1|LuckyRyu|266
|player|p2|The Afterman|269
|gametype|singles
|gen|6
|tier|LC
|seed|11928,22640,47222,43088
|clearpoke
|poke|p1|Dwebble, L5, F|item
|poke|p1|Pumpkaboo-*, L5, F|item
|poke|p1|Carvanha, L5, F|item
|poke|p1|Mienfoo, L5, F|item
|poke|p1|Abra, L5, M|item
|poke|p1|Magnemite, L5|item
|poke|p2|Omanyte, L5, F|item
|poke|p2|Gothita, L5, F|item
|poke|p2|Pawniard, L5, M|item
|poke|p2|Snubbull, L5, F, shiny|item
|poke|p2|Snivy, L5, M|item
|poke|p2|Timburr, L5, F, shiny|item
|rule|Sleep Clause Mod: Limit one foe put to sleep
|rule|Species Clause: Limit one of each Pokémon
|rule|OHKO Clause: OHKO moves are banned
|rule|Moody Clause: Moody is banned
|rule|Evasion Moves Clause: Evasion moves are banned
|rule|Endless Battle Clause: Forcing endless battles is banned
|rule|HP Percentage Mod: HP is shown in percentages
|teampreview
|j|CaCaTuA
|c| CaCaTuA|BRIGA BRIGA
|c| CaCaTuA|BRIGA
|c| CaCaTuA|BRIGA
|c| CaCaTuA|BRIGA DE LOMBRIGA
|c|★LuckyRyu|MISS
|c|★LuckyRyu|MISS
|c|★LuckyRyu|MISS
|c|★LuckyRyu|Tem q errar leaf storm agr heim
|c| CaCaTuA|kkkkkkkkkk
|choice|team 1, team 2, team 3, team 4, team 5, team 6|team 3, team 2, team 1, team 4, team 5, team 6
|
|start
|switch|p1a: Dwebble|Dwebble, L5, F|21\/21
|switch|p2a: Pawniard|Pawniard, L5, M|21\/21
|turn|1
|c|★The Afterman|kkk
|c|★LuckyRyu|Vamo botar pressao
|c|★LuckyRyu|No adversario
|c|★LuckyRyu|.x
|c| CaCaTuA|UuuUUuU
|choice|move stealthrock|move ironhead
|
|move|p1a: Dwebble|Stealth Rock|p2a: Pawniard
|-sidestart|p2: The Afterman|move: Stealth Rock
|move|p2a: Pawniard|Iron Head|p1a: Dwebble
|-supereffective|p1a: Dwebble
|-ability|p1a: Dwebble|Sturdy
|-damage|p1a: Dwebble|1\/21
|-enditem|p1a: Dwebble|Berry Juice
|-heal|p1a: Dwebble|21\/21|[from] item: Berry Juice
|
|turn|2
|c| CaCaTuA|ele as vezes joga cagando
|c| CaCaTuA|=)
|c| CaCaTuA|no banheiro
|choice|move spikes|move ironhead
|
|move|p2a: Pawniard|Iron Head|p1a: Dwebble
|-supereffective|p1a: Dwebble
|-ability|p1a: Dwebble|Sturdy
|-damage|p1a: Dwebble|1\/21
|move|p1a: Dwebble|Spikes|p2a: Pawniard
|-sidestart|p2: The Afterman|Spikes
|
|turn|3
|c| CaCaTuA|assistindo os videos da paula carregosa
|c|★LuckyRyu|Nego tirou minha win em UU
|c|★LuckyRyu|Mt triste isso
|c|★LuckyRyu|:(
|c|★The Afterman|tipo agora :v
|c| CaCaTuA|kkkkk
|choice|move knockoff|move ironhead
|
|move|p2a: Pawniard|Iron Head|p1a: Dwebble
|-supereffective|p1a: Dwebble
|-damage|p1a: Dwebble|0 fnt
|faint|p1a: Dwebble
|
|choice|switch 4|
|
|switch|p1a: Mienfoo|Mienfoo, L5, F|21\/21
|turn|4
|choice|move uturn|switch 4
|
|switch|p2a: Snubbull|Snubbull, L5, F, shiny|23\/23
|-damage|p2a: Snubbull|21\/23|[from] Spikes
|-damage|p2a: Snubbull|19\/23|[from] Stealth Rock
|-ability|p2a: Snubbull|Intimidate|boost
|-unboost|p1a: Mienfoo|atk|1
|move|p1a: Mienfoo|U-turn|p2a: Snubbull
|-resisted|p2a: Snubbull
|-damage|p2a: Snubbull|17\/23
|choice|switch 6|
|
|switch|p1a: Magnemite|Magnemite, L5|19\/19
|
|turn|5
|choice|move flashcannon|move earthquake
|
|move|p1a: Magnemite|Flash Cannon|p2a: Snubbull
|-supereffective|p2a: Snubbull
|-damage|p2a: Snubbull|0 fnt
|faint|p2a: Snubbull
|
|choice||switch 6
|
|switch|p2a: Timburr|Timburr, L5, F, shiny|24\/24
|-damage|p2a: Timburr|23\/24|[from] Stealth Rock
|-damage|p2a: Timburr|20\/24|[from] Spikes
|turn|6
|choice|switch 2|move knockoff
|
|switch|p1a: Pumpkaboo|Pumpkaboo-Super, L5, F|25\/25
|-item|p2a: Timburr|Eviolite|[from] ability: Frisk|[of] p1a: Pumpkaboo|[identify]
|move|p2a: Timburr|Knock Off|p1a: Pumpkaboo
|-supereffective|p1a: Pumpkaboo
|-damage|p1a: Pumpkaboo|13\/25
|-enditem|p1a: Pumpkaboo|Eviolite|[from] move: Knock Off|[of] p2a: Timburr
|
|turn|7
|c|★LuckyRyu|Olha a pressao
|c|★LuckyRyu|Do timer
|c|★LuckyRyu|Agibdo
|c|★LuckyRyu|Agindo*
|choice|move bulletseed|move knockoff
|
|move|p1a: Pumpkaboo|Bullet Seed|p2a: Timburr
|-damage|p2a: Timburr|17\/24
|-damage|p2a: Timburr|14\/24
|-crit|p2a: Timburr
|-damage|p2a: Timburr|10\/24
|-hitcount|p2a: Timburr|3
|move|p2a: Timburr|Knock Off|p1a: Pumpkaboo
|-supereffective|p1a: Pumpkaboo
|-damage|p1a: Pumpkaboo|1\/25
|
|turn|8
|choice|move bulletseed|switch 5
|
|switch|p2a: Snivy|Snivy, L5, M|21\/21
|-damage|p2a: Snivy|19\/21|[from] Spikes
|-damage|p2a: Snivy|17\/21|[from] Stealth Rock
|move|p1a: Pumpkaboo|Bullet Seed|p2a: Snivy
|-resisted|p2a: Snivy
|-damage|p2a: Snivy|16\/21
|-resisted|p2a: Snivy
|-damage|p2a: Snivy|15\/21
|-resisted|p2a: Snivy
|-damage|p2a: Snivy|14\/21
|-resisted|p2a: Snivy
|-damage|p2a: Snivy|13\/21
|-resisted|p2a: Snivy
|-damage|p2a: Snivy|12\/21
|-hitcount|p2a: Snivy|5
|
|turn|9
|choice|switch 2|move leafstorm
|
|switch|p1a: Magnemite|Magnemite, L5|19\/19
|move|p2a: Snivy|Leaf Storm|p1a: Magnemite
|-resisted|p1a: Magnemite
|-damage|p1a: Magnemite|10\/19
|-boost|p2a: Snivy|spa|2
|
|turn|10
|choice|move voltswitch|move leafstorm
|
|move|p1a: Magnemite|Volt Switch|p2a: Snivy
|-resisted|p2a: Snivy
|-damage|p2a: Snivy|8\/21
|choice|switch 2|
|
|switch|p1a: Pumpkaboo|Pumpkaboo-Super, L5, F|1\/25
|-item|p2a: Snivy|Eviolite|[from] ability: Frisk|[of] p1a: Pumpkaboo|[identify]
|move|p2a: Snivy|Leaf Storm|p1a: Pumpkaboo
|-resisted|p1a: Pumpkaboo
|-damage|p1a: Pumpkaboo|0 fnt
|-boost|p2a: Snivy|spa|2
|faint|p1a: Pumpkaboo
|
|choice|switch 5|
|
|switch|p1a: Abra|Abra, L5, M|19\/19
|turn|11
|choice|move psychic|move synthesis
|
|move|p1a: Abra|Psychic|p2a: Snivy
|-damage|p2a: Snivy|0 fnt
|faint|p2a: Snivy
|
|choice||switch 2
|
|switch|p2a: Gothita|Gothita, L5, F|21\/21
|-damage|p2a: Gothita|19\/21|[from] Stealth Rock
|-damage|p2a: Gothita|17\/21|[from] Spikes
|turn|12
|choice|move energyball|move thunderbolt
|
|move|p2a: Gothita|Thunderbolt|p1a: Abra
|-damage|p1a: Abra|9\/19
|move|p1a: Abra|Energy Ball|p2a: Gothita
|-damage|p2a: Gothita|6\/21
|
|turn|13
|j|kbps
|c| kbps|ARROMBADO,ARROMBADO,ARROMBADO.
|c| kbps|VAI PREDO.
|choice|move energyball|move thunderbolt
|
|move|p2a: Gothita|Thunderbolt|p1a: Abra
|-damage|p1a: Abra|0 fnt
|faint|p1a: Abra
|
|c| kbps|BOA CUZA1
|choice|switch 3|
|
|switch|p1a: Carvanha|Carvanha, L5, F|19\/19
|turn|14
|raw|<div class="broadcast-red"><b>Moderated chat was set to +!<\/b><br \/>Only users of rank + and higher can talk.<\/div>
|choice|move aquajet|switch 5
|
|switch|p2a: Timburr|Timburr, L5, F, shiny|10\/24
|-damage|p2a: Timburr|7\/24|[from] Spikes
|-damage|p2a: Timburr|6\/24|[from] Stealth Rock
|move|p1a: Carvanha|Aqua Jet|p2a: Timburr
|-damage|p2a: Timburr|1\/24
|-damage|p1a: Carvanha|18\/19|[from] item: Life Orb
|
|-ability|p1a: Carvanha|Speed Boost|boost
|-boost|p1a: Carvanha|spe|1
|turn|15
|choice|move aquajet|move machpunch
|
|move|p1a: Carvanha|Aqua Jet|p2a: Timburr
|-damage|p2a: Timburr|0 fnt
|-damage|p1a: Carvanha|17\/19|[from] item: Life Orb
|faint|p2a: Timburr
|
|-ability|p1a: Carvanha|Speed Boost|boost
|-boost|p1a: Carvanha|spe|1
|choice||switch 4
|
|switch|p2a: Pawniard|Pawniard, L5, M|21\/21
|-damage|p2a: Pawniard|19\/21|[from] Spikes
|-damage|p2a: Pawniard|18\/21|[from] Stealth Rock
|turn|16
|choice|switch 6|move ironhead
|
|switch|p1a: Mienfoo|Mienfoo, L5, F|21\/21
|move|p2a: Pawniard|Iron Head|p1a: Mienfoo
|-damage|p1a: Mienfoo|12\/21
|
|turn|17
|choice|move drainpunch|move ironhead
|
|move|p1a: Mienfoo|Drain Punch|p2a: Pawniard
|-supereffective|p2a: Pawniard
|-damage|p2a: Pawniard|0 fnt
|-heal|p1a: Mienfoo|21\/21|[from] drain|[of] p2a: Pawniard
|faint|p2a: Pawniard
|
|choice||switch 5
|
|switch|p2a: Gothita|Gothita, L5, F|6\/21
|-damage|p2a: Gothita|4\/21|[from] Stealth Rock
|-damage|p2a: Gothita|2\/21|[from] Spikes
|turn|18
|choice|move knockoff|move trick
|
|move|p2a: Gothita|Trick|p1a: Mienfoo
|-activate|p2a: Gothita|move: Trick|[of] p1a: Mienfoo
|-item|p1a: Mienfoo|Choice Scarf|[from] move: Trick
|-item|p2a: Gothita|Eviolite|[from] move: Trick
|move|p1a: Mienfoo|Knock Off|p2a: Gothita
|-supereffective|p2a: Gothita
|-damage|p2a: Gothita|0 fnt
|-enditem|p2a: Gothita|Eviolite|[from] move: Knock Off|[of] p1a: Mienfoo
|faint|p2a: Gothita
|
|choice||switch 3
|
|switch|p2a: Omanyte|Omanyte, L5, F|21\/21
|-damage|p2a: Omanyte|19\/21|[from] Spikes
|-damage|p2a: Omanyte|17\/21|[from] Stealth Rock
|turn|19
|choice|move knockoff|move shellsmash
|
|move|p1a: Mienfoo|Knock Off|p2a: Omanyte
|-damage|p2a: Omanyte|12\/21
|-enditem|p2a: Omanyte|Eviolite|[from] move: Knock Off|[of] p1a: Mienfoo
|move|p2a: Omanyte|Shell Smash|p2a: Omanyte
|-unboost|p2a: Omanyte|def|1
|-unboost|p2a: Omanyte|spd|1
|-boost|p2a: Omanyte|atk|2
|-boost|p2a: Omanyte|spa|2
|-boost|p2a: Omanyte|spe|2
|
|turn|20
|choice|move knockoff|move surf
|
|move|p2a: Omanyte|Surf|p1a: Mienfoo
|-damage|p1a: Mienfoo|0 fnt
|faint|p1a: Mienfoo
|
|choice|switch 6|
|
|switch|p1a: Carvanha|Carvanha, L5, F|17\/19
|turn|21
|choice|move protect|move earthpower
|
|move|p1a: Carvanha|Protect|p1a: Carvanha
|-singleturn|p1a: Carvanha|Protect
|move|p2a: Omanyte|Earth Power|p1a: Carvanha
|-activate|p1a: Carvanha|move: Protect
|
|-ability|p1a: Carvanha|Speed Boost|boost
|-boost|p1a: Carvanha|spe|1
|turn|22
|choice|move aquajet|move earthpower
|
|move|p1a: Carvanha|Aqua Jet|p2a: Omanyte
|-damage|p2a: Omanyte|0 fnt
|-damage|p1a: Carvanha|16\/19|[from] item: Life Orb
|faint|p2a: Omanyte
|
|win|LuckyRyu
|player|p1
|player|p2
|l|CaCaTuA
|l|The Afterman</script>
</div>
<div class="battle-log battle-log-inline"><div class="inner"><div class="battle-options"></div><div class="inner"><div class="chat"><small>LuckyRyu joined.</small></div><div class="chat"><small>The Afterman joined.</small></div><div class=""><small>Format:</small> <br><strong>LC</strong></div><div class=""><small><em>Sleep Clause Mod:</em> Limit one foe put to sleep</small></div><div class=""><small><em>Species Clause:</em> Limit one of each Pokémon</small></div><div class=""><small><em>OHKO Clause:</em> OHKO moves are banned</small></div><div class=""><small><em>Moody Clause:</em> Moody is banned</small></div><div class=""><small><em>Evasion Moves Clause:</em> Evasion moves are banned</small></div><div class=""><small><em>Endless Battle Clause:</em> Forcing endless battles is banned</small></div><div class=""><small><em>HP Percentage Mod:</em> HP is shown in percentages</small></div><div class="chat battle-history"><strong>LuckyRyu's team:</strong> <em style="color:#445566;display:block;">Dwebble / Pumpkaboo-* / Carvanha / Mienfoo / Abra / Magnemite</em></div><div class="chat battle-history"><strong>The Afterman's team:</strong> <em style="color:#445566;display:block;">Omanyte / Gothita / Pawniard / Snubbull / Snivy / Timburr</em></div><div class="chat"><small>CaCaTuA joined.</small></div><div class="chat chatmessage-cacatua"><strong style="color:hsl(95,67%,39.05064787700159%)"><small> </small><span class="username" data-name="CaCaTuA">CaCaTuA</span>:</strong> <em>BRIGA BRIGA</em></div><div class="chat chatmessage-cacatua"><strong style="color:hsl(95,67%,39.05064787700159%)"><small> </small><span class="username" data-name="CaCaTuA">CaCaTuA</span>:</strong> <em>BRIGA</em></div><div class="chat chatmessage-cacatua"><strong style="color:hsl(95,67%,39.05064787700159%)"><small> </small><span class="username" data-name="CaCaTuA">CaCaTuA</span>:</strong> <em>BRIGA</em></div><div class="chat chatmessage-cacatua"><strong style="color:hsl(95,67%,39.05064787700159%)"><small> </small><span class="username" data-name="CaCaTuA">CaCaTuA</span>:</strong> <em>BRIGA DE LOMBRIGA</em></div><div class="chat chatmessage-luckyryu"><strong style="color:hsl(182,64%,36.333333333333336%)"><small>★</small><span class="username" data-name="LuckyRyu">LuckyRyu</span>:</strong> <em>MISS</em></div><div class="chat chatmessage-luckyryu"><strong style="color:hsl(182,64%,36.333333333333336%)"><small>★</small><span class="username" data-name="LuckyRyu">LuckyRyu</span>:</strong> <em>MISS</em></div><div class="chat chatmessage-luckyryu"><strong style="color:hsl(182,64%,36.333333333333336%)"><small>★</small><span class="username" data-name="LuckyRyu">LuckyRyu</span>:</strong> <em>MISS</em></div><div class="chat chatmessage-luckyryu"><strong style="color:hsl(182,64%,36.333333333333336%)"><small>★</small><span class="username" data-name="LuckyRyu">LuckyRyu</span>:</strong> <em>Tem q errar leaf storm agr heim</em></div><div class="chat chatmessage-cacatua"><strong style="color:hsl(95,67%,39.05064787700159%)"><small> </small><span class="username" data-name="CaCaTuA">CaCaTuA</span>:</strong> <em>kkkkkkkkkk</em></div><div class="spacer battle-history"><br></div><div class="battle-history">Battle started between LuckyRyu and The Afterman!<br></div><div class="spacer battle-history"><br></div><div class="battle-history">Go! <strong>Dwebble</strong>!<br></div><div class="spacer battle-history"><br></div><div class="battle-history">The Afterman sent out <strong>Pawniard</strong>!<br></div><div class="spacer battle-history"><br></div><h2 class="battle-history">Turn 1</h2><div class="chat chatmessage-theafterman"><strong style="color:hsl(68,41%,32%)"><small>★</small><span class="username" data-name="The Afterman">The Afterman</span>:</strong> <em>kkk</em></div><div class="chat chatmessage-luckyryu"><strong style="color:hsl(182,64%,36.333333333333336%)"><small>★</small><span class="username" data-name="LuckyRyu">LuckyRyu</span>:</strong> <em>Vamo botar pressao</em></div><div class="chat chatmessage-luckyryu"><strong style="color:hsl(182,64%,36.333333333333336%)"><small>★</small><span class="username" data-name="LuckyRyu">LuckyRyu</span>:</strong> <em>No adversario</em></div><div class="chat chatmessage-luckyryu"><strong style="color:hsl(182,64%,36.333333333333336%)"><small>★</small><span class="username" data-name="LuckyRyu">LuckyRyu</span>:</strong> <em>.x</em></div><div class="chat chatmessage-cacatua"><strong style="color:hsl(95,67%,39.05064787700159%)"><small> </small><span class="username" data-name="CaCaTuA">CaCaTuA</span>:</strong> <em>UuuUUuU</em></div><div class="spacer battle-history"><br></div><div class="battle-history">Dwebble used <strong>Stealth Rock</strong>!<br></div><div class="battle-history"><small>Pointed stones float in the air around the opposing team!</small><br></div><div class="spacer battle-history"><br></div><div class="battle-history">The opposing Pawniard used <strong>Iron Head</strong>!<br></div><div class="battle-history"><small>It's super effective!</small><br></div><div class="battle-history"><small>[Dwebble's Sturdy]</small><br><small>Dwebble endured the hit!</small><br></div><div class="battle-history"><small>(Dwebble lost <abbr title="−20/21">95.2%</abbr> of its health!)</small><br></div><div class="battle-history"><small>(Dwebble used its Berry Juice!)</small><br></div><div class="battle-history"><small>Dwebble restored HP using its Berry Juice!</small><br></div><div class="spacer battle-history"><br></div><h2 class="battle-history">Turn 2</h2><div class="chat chatmessage-cacatua"><strong style="color:hsl(95,67%,39.05064787700159%)"><small> </small><span class="username" data-name="CaCaTuA">CaCaTuA</span>:</strong> <em>ele as vezes joga cagando</em></div><div class="chat chatmessage-cacatua"><strong style="color:hsl(95,67%,39.05064787700159%)"><small> </small><span class="username" data-name="CaCaTuA">CaCaTuA</span>:</strong> <em>=)</em></div><div class="chat chatmessage-cacatua"><strong style="color:hsl(95,67%,39.05064787700159%)"><small> </small><span class="username" data-name="CaCaTuA">CaCaTuA</span>:</strong> <em>no banheiro</em></div><div class="spacer battle-history"><br></div><div class="battle-history">The opposing Pawniard used <strong>Iron Head</strong>!<br></div><div class="battle-history"><small>It's super effective!</small><br></div><div class="battle-history"><small>[Dwebble's Sturdy]</small><br><small>Dwebble endured the hit!</small><br></div><div class="battle-history"><small>(Dwebble lost <abbr title="−20/21">95.2%</abbr> of its health!)</small><br></div><div class="spacer battle-history"><br></div><div class="battle-history">Dwebble used <strong>Spikes</strong>!<br></div><div class="battle-history"><small>Spikes were scattered on the ground all around the opposing team!</small><br></div><div class="spacer battle-history"><br></div><h2 class="battle-history">Turn 3</h2><div class="chat chatmessage-cacatua"><strong style="color:hsl(95,67%,39.05064787700159%)"><small> </small><span class="username" data-name="CaCaTuA">CaCaTuA</span>:</strong> <em>assistindo os videos da paula carregosa</em></div><div class="chat chatmessage-luckyryu"><strong style="color:hsl(182,64%,36.333333333333336%)"><small>★</small><span class="username" data-name="LuckyRyu">LuckyRyu</span>:</strong> <em>Nego tirou minha win em UU</em></div><div class="chat chatmessage-luckyryu"><strong style="color:hsl(182,64%,36.333333333333336%)"><small>★</small><span class="username" data-name="LuckyRyu">LuckyRyu</span>:</strong> <em>Mt triste isso</em></div><div class="chat chatmessage-luckyryu"><strong style="color:hsl(182,64%,36.333333333333336%)"><small>★</small><span class="username" data-name="LuckyRyu">LuckyRyu</span>:</strong> <em>:(</em></div><div class="chat chatmessage-theafterman"><strong style="color:hsl(68,41%,32%)"><small>★</small><span class="username" data-name="The Afterman">The Afterman</span>:</strong> <em>tipo agora :v</em></div><div class="chat chatmessage-cacatua"><strong style="color:hsl(95,67%,39.05064787700159%)"><small> </small><span class="username" data-name="CaCaTuA">CaCaTuA</span>:</strong> <em>kkkkk</em></div><div class="spacer battle-history"><br></div><div class="battle-history">The opposing Pawniard used <strong>Iron Head</strong>!<br></div><div class="battle-history"><small>It's super effective!</small><br></div><div class="battle-history"><small>(Dwebble lost <abbr title="−1/21">4.8%</abbr> of its health!)</small><br></div><div class="spacer battle-history"><br></div><div class="battle-history">Dwebble fainted!<br></div><div class="spacer battle-history"><br></div><div class="battle-history">Go! <strong>Mienfoo</strong>!<br></div><div class="spacer battle-history"><br></div><h2 class="battle-history">Turn 4</h2><div class="spacer battle-history"><br></div><div class="battle-history">The Afterman withdrew Pawniard!<br></div><div class="battle-history">The Afterman sent out <strong>Snubbull</strong>!<br></div><div class="battle-history"><small>The opposing Snubbull is hurt by the spikes!</small><br></div><div class="battle-history"><small>Pointed stones dug into the opposing Snubbull!</small><br></div><div class="battle-history"><small>[The opposing Snubbull's Intimidate]</small><br></div><div class="battle-history"><small>Mienfoo's Attack fell!</small><br></div><div class="spacer battle-history"><br></div><div class="battle-history">Mienfoo used <strong>U-turn</strong>!<br></div><div class="battle-history"><small>It's not very effective...</small><br></div><div class="battle-history"><small>(The opposing Snubbull lost <abbr title="−2/23">8.7%</abbr> of its health!)</small><br></div><div class="spacer battle-history"><br></div><div class="battle-history">Mienfoo went back to LuckyRyu!<br></div><div class="battle-history">Go! <strong>Magnemite</strong>!<br></div><div class="spacer battle-history"><br></div><h2 class="battle-history">Turn 5</h2><div class="spacer battle-history"><br></div><div class="battle-history">Magnemite used <strong>Flash Cannon</strong>!<br></div><div class="battle-history"><small>It's super effective!</small><br></div><div class="battle-history"><small>(The opposing Snubbull lost <abbr title="−17/23">73.9%</abbr> of its health!)</small><br></div><div class="spacer battle-history"><br></div><div class="battle-history">The opposing Snubbull fainted!<br></div><div class="spacer battle-history"><br></div><div class="battle-history">The Afterman sent out <strong>Timburr</strong>!<br></div><div class="battle-history"><small>Pointed stones dug into the opposing Timburr!</small><br></div><div class="battle-history"><small>The opposing Timburr is hurt by the spikes!</small><br></div><div class="spacer battle-history"><br></div><h2 class="battle-history">Turn 6</h2><div class="spacer battle-history"><br></div><div class="battle-history">Magnemite, come back!<br></div><div class="battle-history">Go! Pumpkaboo (<strong>Pumpkaboo-Super</strong>)!<br></div><div class="battle-history"><small>[Pumpkaboo's Frisk]</small><br><small>Pumpkaboo frisked the opposing Timburr and found its Eviolite!</small><br></div><div class="spacer battle-history"><br></div><div class="battle-history">The opposing Timburr used <strong>Knock Off</strong>!<br></div><div class="battle-history"><small>It's super effective!</small><br></div><div class="battle-history"><small>(Pumpkaboo lost <abbr title="−12/25">48%</abbr> of its health!)</small><br></div><div class="battle-history"><small>The opposing Timburr knocked off Pumpkaboo's Eviolite!</small><br></div><div class="spacer battle-history"><br></div><h2 class="battle-history">Turn 7</h2><div class="chat chatmessage-luckyryu"><strong style="color:hsl(182,64%,36.333333333333336%)"><small>★</small><span class="username" data-name="LuckyRyu">LuckyRyu</span>:</strong> <em>Olha a pressao</em></div><div class="chat chatmessage-luckyryu"><strong style="color:hsl(182,64%,36.333333333333336%)"><small>★</small><span class="username" data-name="LuckyRyu">LuckyRyu</span>:</strong> <em>Do timer</em></div><div class="chat chatmessage-luckyryu"><strong style="color:hsl(182,64%,36.333333333333336%)"><small>★</small><span class="username" data-name="LuckyRyu">LuckyRyu</span>:</strong> <em>Agibdo</em></div><div class="chat chatmessage-luckyryu"><strong style="color:hsl(182,64%,36.333333333333336%)"><small>★</small><span class="username" data-name="LuckyRyu">LuckyRyu</span>:</strong> <em>Agindo*</em></div><div class="spacer battle-history"><br></div><div class="battle-history">Pumpkaboo used <strong>Bullet Seed</strong>!<br></div><div class="battle-history"><small>(The opposing Timburr lost <abbr title="−3/24">12.5%</abbr> of its health!)</small><br></div><div class="battle-history"><small>(The opposing Timburr lost <abbr title="−3/24">12.5%</abbr> of its health!)</small><br></div><div class="battle-history"><small>A critical hit!</small><br></div><div class="battle-history"><small>(The opposing Timburr lost <abbr title="−4/24">16.7%</abbr> of its health!)</small><br></div><div class="battle-history"><small>Hit 3 times!</small><br></div><div class="spacer battle-history"><br></div><div class="battle-history">The opposing Timburr used <strong>Knock Off</strong>!<br></div><div class="battle-history"><small>It's super effective!</small><br></div><div class="battle-history"><small>(Pumpkaboo lost <abbr title="−12/25">48%</abbr> of its health!)</small><br></div><div class="spacer battle-history"><br></div><h2 class="battle-history">Turn 8</h2><div class="spacer battle-history"><br></div><div class="battle-history">The Afterman withdrew Timburr!<br></div><div class="battle-history">The Afterman sent out <strong>Snivy</strong>!<br></div><div class="battle-history"><small>The opposing Snivy is hurt by the spikes!</small><br></div><div class="battle-history"><small>Pointed stones dug into the opposing Snivy!</small><br></div><div class="spacer battle-history"><br></div><div class="battle-history">Pumpkaboo used <strong>Bullet Seed</strong>!<br></div><div class="battle-history"><small>It's not very effective...</small><br></div><div class="battle-history"><small>(The opposing Snivy lost <abbr title="−1/21">4.8%</abbr> of its health!)</small><br></div><div class="battle-history"><small>It's not very effective...</small><br></div><div class="battle-history"><small>(The opposing Snivy lost <abbr title="−1/21">4.8%</abbr> of its health!)</small><br></div><div class="battle-history"><small>It's not very effective...</small><br></div><div class="battle-history"><small>(The opposing Snivy lost <abbr title="−1/21">4.8%</abbr> of its health!)</small><br></div><div class="battle-history"><small>It's not very effective...</small><br></div><div class="battle-history"><small>(The opposing Snivy lost <abbr title="−1/21">4.8%</abbr> of its health!)</small><br></div><div class="battle-history"><small>It's not very effective...</small><br></div><div class="battle-history"><small>(The opposing Snivy lost <abbr title="−1/21">4.8%</abbr> of its health!)</small><br></div><div class="battle-history"><small>Hit 5 times!</small><br></div><div class="spacer battle-history"><br></div><h2 class="battle-history">Turn 9</h2><div class="spacer battle-history"><br></div><div class="battle-history">Pumpkaboo, come back!<br></div><div class="battle-history">Go! <strong>Magnemite</strong>!<br></div><div class="spacer battle-history"><br></div><div class="battle-history">The opposing Snivy used <strong>Leaf Storm</strong>!<br></div><div class="battle-history"><small>It's not very effective...</small><br></div><div class="battle-history"><small>(Magnemite lost <abbr title="−9/19">47.4%</abbr> of its health!)</small><br></div><div class="battle-history"><small>The opposing Snivy's Special Attack rose sharply!</small><br></div><div class="spacer battle-history"><br></div><h2 class="battle-history">Turn 10</h2><div class="spacer battle-history"><br></div><div class="battle-history">Magnemite used <strong>Volt Switch</strong>!<br></div><div class="battle-history"><small>It's not very effective...</small><br></div><div class="battle-history"><small>(The opposing Snivy lost <abbr title="−4/21">19.0%</abbr> of its health!)</small><br></div><div class="spacer battle-history"><br></div><div class="battle-history">Magnemite went back to LuckyRyu!<br></div><div class="battle-history">Go! Pumpkaboo (<strong>Pumpkaboo-Super</strong>)!<br></div><div class="battle-history"><small>[Pumpkaboo's Frisk]</small><br><small>Pumpkaboo frisked the opposing Snivy and found its Eviolite!</small><br></div><div class="spacer battle-history"><br></div><div class="battle-history">The opposing Snivy used <strong>Leaf Storm</strong>!<br></div><div class="battle-history"><small>It's not very effective...</small><br></div><div class="battle-history"><small>(Pumpkaboo lost <abbr title="−1/25">4%</abbr> of its health!)</small><br></div><div class="battle-history"><small>The opposing Snivy's Special Attack rose sharply!</small><br></div><div class="spacer battle-history"><br></div><div class="battle-history">Pumpkaboo fainted!<br></div><div class="spacer battle-history"><br></div><div class="battle-history">Go! <strong>Abra</strong>!<br></div><div class="spacer battle-history"><br></div><h2 class="battle-history">Turn 11</h2><div class="spacer battle-history"><br></div><div class="battle-history">Abra used <strong>Psychic</strong>!<br></div><div class="battle-history"><small>(The opposing Snivy lost <abbr title="−8/21">38.1%</abbr> of its health!)</small><br></div><div class="spacer battle-history"><br></div><div class="battle-history">The opposing Snivy fainted!<br></div><div class="spacer battle-history"><br></div><div class="battle-history">The Afterman sent out <strong>Gothita</strong>!<br></div><div class="battle-history"><small>Pointed stones dug into the opposing Gothita!</small><br></div><div class="battle-history"><small>The opposing Gothita is hurt by the spikes!</small><br></div><div class="spacer battle-history"><br></div><h2 class="battle-history">Turn 12</h2><div class="spacer battle-history"><br></div><div class="battle-history">The opposing Gothita used <strong>Thunderbolt</strong>!<br></div><div class="battle-history"><small>(Abra lost <abbr title="−10/19">52.6%</abbr> of its health!)</small><br></div><div class="spacer battle-history"><br></div><div class="battle-history">Abra used <strong>Energy Ball</strong>!<br></div><div class="battle-history"><small>(The opposing Gothita lost <abbr title="−11/21">52.4%</abbr> of its health!)</small><br></div><div class="spacer battle-history"><br></div><h2 class="battle-history">Turn 13</h2><div class="chat"><small>kbps joined.</small></div><div class="chat chatmessage-kbps"><strong style="color:hsl(215,69%,51.118374676526415%)"><small> </small><span class="username" data-name="kbps">kbps</span>:</strong> <em>ARROMBADO,ARROMBADO,ARROMBADO.</em></div><div class="chat chatmessage-kbps"><strong style="color:hsl(215,69%,51.118374676526415%)"><small> </small><span class="username" data-name="kbps">kbps</span>:</strong> <em>VAI PREDO.</em></div><div class="spacer battle-history"><br></div><div class="battle-history">The opposing Gothita used <strong>Thunderbolt</strong>!<br></div><div class="battle-history"><small>(Abra lost <abbr title="−9/19">47.4%</abbr> of its health!)</small><br></div><div class="spacer battle-history"><br></div><div class="battle-history">Abra fainted!<br></div><div class="chat chatmessage-kbps"><strong style="color:hsl(215,69%,51.118374676526415%)"><small> </small><span class="username" data-name="kbps">kbps</span>:</strong> <em>BOA CUZA1</em></div><div class="spacer battle-history"><br></div><div class="battle-history">Go! <strong>Carvanha</strong>!<br></div><div class="spacer battle-history"><br></div><h2 class="battle-history">Turn 14</h2><div class="chat"><div class="broadcast-red"><b>Moderated chat was set to +!</b><br>Only users of rank + and higher can talk.</div></div><div class="spacer battle-history"><br></div><div class="battle-history">The Afterman withdrew Gothita!<br></div><div class="battle-history">The Afterman sent out <strong>Timburr</strong>!<br></div><div class="battle-history"><small>The opposing Timburr is hurt by the spikes!</small><br></div><div class="battle-history"><small>Pointed stones dug into the opposing Timburr!</small><br></div><div class="spacer battle-history"><br></div><div class="battle-history">Carvanha used <strong>Aqua Jet</strong>!<br></div><div class="battle-history"><small>(The opposing Timburr lost <abbr title="−5/24">20.8%</abbr> of its health!)</small><br></div><div class="battle-history"><small>Carvanha lost some of its HP!</small><br></div><div class="spacer battle-history"><br></div><div class="battle-history"><small>[Carvanha's Speed Boost]</small><br></div><div class="battle-history"><small>Carvanha's Speed rose!</small><br></div><div class="spacer battle-history"><br></div><h2 class="battle-history">Turn 15</h2><div class="spacer battle-history"><br></div><div class="battle-history">Carvanha used <strong>Aqua Jet</strong>!<br></div><div class="battle-history"><small>(The opposing Timburr lost <abbr title="−1/24">4.2%</abbr> of its health!)</small><br></div><div class="battle-history"><small>Carvanha lost some of its HP!</small><br></div><div class="spacer battle-history"><br></div><div class="battle-history">The opposing Timburr fainted!<br></div><div class="spacer battle-history"><br></div><div class="battle-history"><small>[Carvanha's Speed Boost]</small><br></div><div class="battle-history"><small>Carvanha's Speed rose!</small><br></div><div class="spacer battle-history"><br></div><div class="battle-history">The Afterman sent out <strong>Pawniard</strong>!<br></div><div class="battle-history"><small>The opposing Pawniard is hurt by the spikes!</small><br></div><div class="battle-history"><small>Pointed stones dug into the opposing Pawniard!</small><br></div><div class="spacer battle-history"><br></div><h2 class="battle-history">Turn 16</h2><div class="spacer battle-history"><br></div><div class="battle-history">Carvanha, come back!<br></div><div class="battle-history">Go! <strong>Mienfoo</strong>!<br></div><div class="spacer battle-history"><br></div><div class="battle-history">The opposing Pawniard used <strong>Iron Head</strong>!<br></div><div class="battle-history"><small>(Mienfoo lost <abbr title="−9/21">42.9%</abbr> of its health!)</small><br></div><div class="spacer battle-history"><br></div><h2 class="battle-history">Turn 17</h2><div class="spacer battle-history"><br></div><div class="battle-history">Mienfoo used <strong>Drain Punch</strong>!<br></div><div class="battle-history"><small>It's super effective!</small><br></div><div class="battle-history"><small>(The opposing Pawniard lost <abbr title="−18/21">85.7%</abbr> of its health!)</small><br></div><div class="battle-history"><small>The opposing Pawniard had its energy drained!</small><br></div><div class="spacer battle-history"><br></div><div class="battle-history">The opposing Pawniard fainted!<br></div><div class="spacer battle-history"><br></div><div class="battle-history">The Afterman sent out <strong>Gothita</strong>!<br></div><div class="battle-history"><small>Pointed stones dug into the opposing Gothita!</small><br></div><div class="battle-history"><small>The opposing Gothita is hurt by the spikes!</small><br></div><div class="spacer battle-history"><br></div><h2 class="battle-history">Turn 18</h2><div class="spacer battle-history"><br></div><div class="battle-history">The opposing Gothita used <strong>Trick</strong>!<br></div><div class="battle-history"><small>The opposing Gothita switched items with its target!</small><br></div><div class="battle-history"><small>Mienfoo obtained one Choice Scarf.</small><br></div><div class="battle-history"><small>The opposing Gothita obtained one Eviolite.</small><br></div><div class="spacer battle-history"><br></div><div class="battle-history">Mienfoo used <strong>Knock Off</strong>!<br></div><div class="battle-history"><small>It's super effective!</small><br></div><div class="battle-history"><small>(The opposing Gothita lost <abbr title="−2/21">9.5%</abbr> of its health!)</small><br></div><div class="battle-history"><small>Mienfoo knocked off the opposing Gothita's Eviolite!</small><br></div><div class="spacer battle-history"><br></div><div class="battle-history">The opposing Gothita fainted!<br></div><div class="spacer battle-history"><br></div><div class="battle-history">The Afterman sent out <strong>Omanyte</strong>!<br></div><div class="battle-history"><small>The opposing Omanyte is hurt by the spikes!</small><br></div><div class="battle-history"><small>Pointed stones dug into the opposing Omanyte!</small><br></div><div class="spacer battle-history"><br></div><h2 class="battle-history">Turn 19</h2><div class="spacer battle-history"><br></div><div class="battle-history">Mienfoo used <strong>Knock Off</strong>!<br></div><div class="battle-history"><small>(The opposing Omanyte lost <abbr title="−5/21">23.8%</abbr> of its health!)</small><br></div><div class="battle-history"><small>Mienfoo knocked off the opposing Omanyte's Eviolite!</small><br></div><div class="spacer battle-history"><br></div><div class="battle-history">The opposing Omanyte used <strong>Shell Smash</strong>!<br></div><div class="battle-history"><small>The opposing Omanyte's Defense fell!</small><br></div><div class="battle-history"><small>The opposing Omanyte's Special Defense fell!</small><br></div><div class="battle-history"><small>The opposing Omanyte's Attack rose sharply!</small><br></div><div class="battle-history"><small>The opposing Omanyte's Special Attack rose sharply!</small><br></div><div class="battle-history"><small>The opposing Omanyte's Speed rose sharply!</small><br></div><div class="spacer battle-history"><br></div><h2 class="battle-history">Turn 20</h2><div class="spacer battle-history"><br></div><div class="battle-history">The opposing Omanyte used <strong>Surf</strong>!<br></div><div class="battle-history"><small>(Mienfoo lost <abbr title="−21/21">100%</abbr> of its health!)</small><br></div><div class="spacer battle-history"><br></div><div class="battle-history">Mienfoo fainted!<br></div><div class="spacer battle-history"><br></div><div class="battle-history">Go! <strong>Carvanha</strong>!<br></div><div class="spacer battle-history"><br></div><h2 class="battle-history">Turn 21</h2><div class="spacer battle-history"><br></div><div class="battle-history">Carvanha used <strong>Protect</strong>!<br></div><div class="battle-history"><small>Carvanha protected itself!</small><br></div><div class="spacer battle-history"><br></div><div class="battle-history">The opposing Omanyte used <strong>Earth Power</strong>!<br></div><div class="battle-history"><small>Carvanha protected itself!</small><br></div><div class="spacer battle-history"><br></div><div class="battle-history"><small>[Carvanha's Speed Boost]</small><br></div><div class="battle-history"><small>Carvanha's Speed rose!</small><br></div><div class="spacer battle-history"><br></div><h2 class="battle-history">Turn 22</h2><div class="spacer battle-history"><br></div><div class="battle-history">Carvanha used <strong>Aqua Jet</strong>!<br></div><div class="battle-history"><small>(The opposing Omanyte lost <abbr title="−12/21">57.1%</abbr> of its health!)</small><br></div><div class="battle-history"><small>Carvanha lost some of its HP!</small><br></div><div class="spacer battle-history"><br></div><div class="battle-history">The opposing Omanyte fainted!<br></div><div class="spacer battle-history"><br></div><div class="battle-history"><strong>LuckyRyu</strong> won the battle!<br></div><div class="chat"><small>CaCaTuA left.</small></div><div class="chat"><small>The Afterman left.</small></div></div><div class="inner-preempt"></div></div></div>
</div>
<script>
let daily = Math.floor(Date.now()/1000/60/60/24);document.write('<script src="https://play.pokemonshowdown.com/js/replay-embed.js?version'+daily+'"></'+'script>');
</script>
