<!DOCTYPE html>
<meta charset="utf-8" />
<!-- version 1 -->
<title>LC replay: Spyro190 vs. Vinzzzz</title>
<style>
html,body {font-family:Verdana, sans-serif;font-size:10pt;margin:0;padding:0;}body{padding:12px 0;} .battle-log {font-family:Verdana, sans-serif;font-size:10pt;} .battle-log-inline {border:1px solid #AAAAAA;background:#EEF2F5;color:black;max-width:640px;margin:0 auto 80px;padding-bottom:5px;} .battle-log .inner {padding:4px 8px 0px 8px;} .battle-log .inner-preempt {padding:0 8px 4px 8px;} .battle-log .inner-after {margin-top:0.5em;} .battle-log h2 {margin:0.5em -8px;padding:4px 8px;border:1px solid #AAAAAA;background:#E0E7EA;border-left:0;border-right:0;font-family:Verdana, sans-serif;font-size:13pt;} .battle-log .chat {vertical-align:middle;padding:3px 0 3px 0;font-size:8pt;} .battle-log .chat strong {color:#40576A;} .battle-log .chat em {padding:1px 4px 1px 3px;color:#000000;font-style:normal;} .chat.mine {background:rgba(0,0,0,0.05);margin-left:-8px;margin-right:-8px;padding-left:8px;padding-right:8px;} .spoiler {color:#BBBBBB;background:#BBBBBB;padding:0px 3px;} .spoiler:hover, .spoiler:active, .spoiler-shown {color:#000000;background:#E2E2E2;padding:0px 3px;} .spoiler a {color:#BBBBBB;} .spoiler:hover a, .spoiler:active a, .spoiler-shown a {color:#2288CC;} .chat code, .chat .spoiler:hover code, .chat .spoiler:active code, .chat .spoiler-shown code {border:1px solid #C0C0C0;background:#EEEEEE;color:black;padding:0 2px;} .chat .spoiler code {border:1px solid #CCCCCC;background:#CCCCCC;color:#CCCCCC;} .battle-log .rated {padding:3px 4px;} .battle-log .rated strong {color:white;background:#89A;padding:1px 4px;border-radius:4px;} .spacer {margin-top:0.5em;} .message-announce {background:#6688AA;color:white;padding:1px 4px 2px;} .message-announce a, .broadcast-green a, .broadcast-blue a, .broadcast-red a {color:#DDEEFF;} .broadcast-green {background-color:#559955;color:white;padding:2px 4px;} .broadcast-blue {background-color:#6688AA;color:white;padding:2px 4px;} .infobox {border:1px solid #6688AA;padding:2px 4px;} .infobox-limited {max-height:200px;overflow:auto;overflow-x:hidden;} .broadcast-red {background-color:#AA5544;color:white;padding:2px 4px;} .message-learn-canlearn {font-weight:bold;color:#228822;text-decoration:underline;} .message-learn-cannotlearn {font-weight:bold;color:#CC2222;text-decoration:underline;} .message-effect-weak {font-weight:bold;color:#CC2222;} .message-effect-resist {font-weight:bold;color:#6688AA;} .message-effect-immune {font-weight:bold;color:#666666;} .message-learn-list {margin-top:0;margin-bottom:0;} .message-throttle-notice, .message-error {color:#992222;} .message-overflow, .chat small.message-overflow {font-size:0pt;} .message-overflow::before {font-size:9pt;content:'...';} .subtle {color:#3A4A66;}
</style>
<div class="wrapper replay-wrapper" style="max-width:1180px;margin:0 auto">
<input type="hidden" name="replayid" value="lc-483112030" />
<div class="battle"></div><div class="battle-log"></div><div class="replay-controls"></div><div class="replay-controls-2"></div>
<h1 style="font-weight:normal;text-align:center"><strong>LC</strong><br /><a href="http://pokemonshowdown.com/users/spyro190" class="subtle" target="_blank">Spyro190</a> vs. <a href="http://pokemonshowdown.com/users/vinzzzz" class="subtle" target="_blank">Vinzzzz</a></h1>
<script type="text/plain" class="battle-log-data">|j|Spyro190
|j|Vinzzzz
|player|p1|Spyro190|7
|player|p2|Vinzzzz|105
|gametype|singles
|gen|6
|tier|LC
|seed|33299,57336,19191,2799
|clearpoke
|poke|p1|Joltik, L5, M, shiny|item
|poke|p1|Larvesta, L5, F, shiny|item
|poke|p1|Surskit, L5, F|item
|poke|p1|Pineco, L5, F|item
|poke|p1|Dwebble, L5, M|item
|poke|p1|Paras, L5, M|item
|poke|p2|Chinchou, L5, M|item
|poke|p2|Mienfoo, L5, F|item
|poke|p2|Ponyta, L5, F|item
|poke|p2|Vullaby, L5, F|item
|poke|p2|Diglett, L5, M|item
|poke|p2|Abra, L5, M|item
|rule|Sleep Clause Mod: Limit one foe put to sleep
|rule|Species Clause: Limit one of each Pokémon
|rule|OHKO Clause: OHKO moves are banned
|rule|Moody Clause: Moody is banned
|rule|Evasion Moves Clause: Evasion moves are banned
|rule|Endless Battle Clause: Forcing endless battles is banned
|rule|HP Percentage Mod: HP is shown in percentages
|teampreview
|c|★Spyro190|gl
|c|★Vinzzzz|mhh
|c|★Vinzzzz|che ricordi mosse super efficaci
|c|★Vinzzzz|di stato*
|c|★Vinzzzz|non contano giusto?
|c|★Vinzzzz|nello spam*
|c|★Spyro190|Nope, non contano
|c|★Spyro190|Anche perché
|choice|team 4, team 2, team 3, team 1, team 5, team 6|team 6, team 2, team 3, team 4, team 5, team 1
|
|start
|switch|p1a: Boom baby|Pineco, L5, F|21\/21
|switch|p2a: Abra|Abra, L5, M|19\/19
|turn|1
|c|★Spyro190|Le mosse di stato non sono mai superefficaci
|choice|move stealthrock|move substitute
|
|move|p2a: Abra|Substitute|p2a: Abra
|-start|p2a: Abra|Substitute
|-damage|p2a: Abra|15\/19
|move|p1a: Boom baby|Stealth Rock|p2a: Abra
|-sidestart|p2: Vinzzzz|move: Stealth Rock
|
|turn|2
|choice|move payback|move psychic
|
|move|p2a: Abra|Psychic|p1a: Boom baby
|-ability|p1a: Boom baby|Sturdy
|-damage|p1a: Boom baby|1\/21
|-enditem|p1a: Boom baby|Berry Juice
|-heal|p1a: Boom baby|21\/21|[from] item: Berry Juice
|move|p1a: Boom baby|Payback|p2a: Abra
|-supereffective|p2a: Abra
|-end|p2a: Abra|Substitute
|
|turn|3
|choice|move payback|move psychic
|
|move|p2a: Abra|Psychic|p1a: Boom baby
|-ability|p1a: Boom baby|Sturdy
|-damage|p1a: Boom baby|1\/21
|move|p1a: Boom baby|Payback|p2a: Abra
|-supereffective|p2a: Abra
|-damage|p2a: Abra|0 fnt
|faint|p2a: Abra
|
|choice||switch 5
|
|switch|p2a: Diglett|Diglett, L5, M|17\/17
|-damage|p2a: Diglett|16\/17|[from] Stealth Rock
|turn|4
|choice|move explosion|move suckerpunch
|
|move|p2a: Diglett|Sucker Punch|p1a: Boom baby
|-damage|p1a: Boom baby|0 fnt
|faint|p1a: Boom baby
|
|choice|switch 5|
|
|switch|p1a: Giulietto|Dwebble, L5, M|21\/21
|turn|5
|choice|move shellsmash|move stealthrock
|
|move|p2a: Diglett|Stealth Rock|p1a: Giulietto
|-sidestart|p1: Spyro190|move: Stealth Rock
|move|p1a: Giulietto|Shell Smash|p1a: Giulietto
|-unboost|p1a: Giulietto|def|1
|-unboost|p1a: Giulietto|spd|1
|-boost|p1a: Giulietto|atk|2
|-boost|p1a: Giulietto|spa|2
|-boost|p1a: Giulietto|spe|2
|
|turn|6
|choice|move shellsmash|move suckerpunch
|
|move|p2a: Diglett|Sucker Punch|p1a: Giulietto|[still]
|-fail|p2a: Diglett
|move|p1a: Giulietto|Shell Smash|p1a: Giulietto
|-unboost|p1a: Giulietto|def|1
|-unboost|p1a: Giulietto|spd|1
|-boost|p1a: Giulietto|atk|2
|-boost|p1a: Giulietto|spa|2
|-boost|p1a: Giulietto|spe|2
|
|turn|7
|choice|move earthquake|move suckerpunch
|
|move|p2a: Diglett|Sucker Punch|p1a: Giulietto
|-damage|p1a: Giulietto|8\/21
|-enditem|p1a: Giulietto|Berry Juice
|-heal|p1a: Giulietto|21\/21|[from] item: Berry Juice
|move|p1a: Giulietto|Earthquake|p2a: Diglett
|-damage|p2a: Diglett|0 fnt
|faint|p2a: Diglett
|
|choice||switch 4
|
|switch|p2a: Vullaby|Vullaby, L5, F|25\/25
|-damage|p2a: Vullaby|19\/25|[from] Stealth Rock
|turn|8
|choice|move rockblast|move defog
|
|move|p1a: Giulietto|Rock Blast|p2a: Vullaby
|-supereffective|p2a: Vullaby
|-damage|p2a: Vullaby|7\/25
|-supereffective|p2a: Vullaby
|-crit|p2a: Vullaby
|-damage|p2a: Vullaby|0 fnt
|-hitcount|p2a: Vullaby|2
|faint|p2a: Vullaby
|
|choice||switch 2
|
|switch|p2a: Mienfoo|Mienfoo, L5, F|21\/21
|-damage|p2a: Mienfoo|20\/21|[from] Stealth Rock
|turn|9
|choice|move earthquake|move highjumpkick
|
|move|p1a: Giulietto|Earthquake|p2a: Mienfoo
|-damage|p2a: Mienfoo|0 fnt
|faint|p2a: Mienfoo
|
|c|★Vinzzzz|gg
|choice||switch 3
|
|switch|p2a: Ponyta|Ponyta, L5, F|21\/21
|-damage|p2a: Ponyta|16\/21|[from] Stealth Rock
|turn|10
|c|★Spyro190|u2
|choice|move earthquake|move flareblitz
|
|move|p1a: Giulietto|Earthquake|p2a: Ponyta
|-supereffective|p2a: Ponyta
|-damage|p2a: Ponyta|0 fnt
|faint|p2a: Ponyta
|
|c|★Vinzzzz|vedrò di ripresentarmi per la prossima
|choice||switch 6
|
|switch|p2a: Chinchou|Chinchou, L5, M|25\/25
|-damage|p2a: Chinchou|22\/25|[from] Stealth Rock
|turn|11
|c|★Spyro190|Bravo. u.u
|choice|move earthquake|move scald
|
|move|p1a: Giulietto|Earthquake|p2a: Chinchou
|-supereffective|p2a: Chinchou
|-damage|p2a: Chinchou|0 fnt
|faint|p2a: Chinchou
|
|win|Spyro190
|player|p1
|player|p2
|c|★Vinzzzz|mi fa piacere che il progetto sia andato avanti
|c|★Vinzzzz|alla prossimo spyro^^
|c|★Spyro190|Alla prossima</script>
</div>
<div class="battle-log battle-log-inline"><div class="inner"><div class="battle-options"></div><div class="inner"><div class="chat"><small>Spyro190 joined.</small></div><div class="chat"><small>Vinzzzz joined.</small></div><div class=""><small>Format:</small> <br><strong>LC</strong></div><div class=""><small><em>Sleep Clause Mod:</em> Limit one foe put to sleep</small></div><div class=""><small><em>Species Clause:</em> Limit one of each Pokémon</small></div><div class=""><small><em>OHKO Clause:</em> OHKO moves are banned</small></div><div class=""><small><em>Moody Clause:</em> Moody is banned</small></div><div class=""><small><em>Evasion Moves Clause:</em> Evasion moves are banned</small></div><div class=""><small><em>Endless Battle Clause:</em> Forcing endless battles is banned</small></div><div class=""><small><em>HP Percentage Mod:</em> HP is shown in percentages</small></div><div class="chat battle-history"><strong>Spyro190's team:</strong> <em style="color:#445566;display:block;">Joltik / Larvesta / Surskit / Pineco / Dwebble / Paras</em></div><div class="chat battle-history"><strong>Vinzzzz's team:</strong> <em style="color:#445566;display:block;">Chinchou / Mienfoo / Ponyta / Vullaby / Diglett / Abra</em></div><div class="chat chatmessage-spyro190"><strong style="color:hsl(276,69%,53.0833743163896%)"><small>★</small><span class="username" data-name="Spyro190">Spyro190</span>:</strong> <em>gl</em></div><div class="chat chatmessage-vinzzzz"><strong style="color:hsl(84,79%,34%)"><small>★</small><span class="username" data-name="Vinzzzz">Vinzzzz</span>:</strong> <em>mhh</em></div><div class="chat chatmessage-vinzzzz"><strong style="color:hsl(84,79%,34%)"><small>★</small><span class="username" data-name="Vinzzzz">Vinzzzz</span>:</strong> <em>che ricordi mosse super efficaci</em></div><div class="chat chatmessage-vinzzzz"><strong style="color:hsl(84,79%,34%)"><small>★</small><span class="username" data-name="Vinzzzz">Vinzzzz</span>:</strong> <em>di stato*</em></div><div class="chat chatmessage-vinzzzz"><strong style="color:hsl(84,79%,34%)"><small>★</small><span class="username" data-name="Vinzzzz">Vinzzzz</span>:</strong> <em>non contano giusto?</em></div><div class="chat chatmessage-vinzzzz"><strong style="color:hsl(84,79%,34%)"><small>★</small><span class="username" data-name="Vinzzzz">Vinzzzz</span>:</strong> <em>nello spam*</em></div><div class="chat chatmessage-spyro190"><strong style="color:hsl(276,69%,53.0833743163896%)"><small>★</small><span class="username" data-name="Spyro190">Spyro190</span>:</strong> <em>Nope, non contano</em></div><div class="chat chatmessage-spyro190"><strong style="color:hsl(276,69%,53.0833743163896%)"><small>★</small><span class="username" data-name="Spyro190">Spyro190</span>:</strong> <em>Anche perché</em></div><div class="spacer battle-history"><br></div><div class="battle-history">Battle started between Spyro190 and Vinzzzz!<br></div><div class="spacer battle-history"><br></div><div class="battle-history">Go! Boom baby (<strong>Pineco</strong>)!<br></div><div class="spacer battle-history"><br></div><div class="battle-history">Vinzzzz sent out <strong>Abra</strong>!<br></div><div class="spacer battle-history"><br></div><h2 class="battle-history">Turn 1</h2><div class="chat chatmessage-spyro190"><strong style="color:hsl(276,69%,53.0833743163896%)"><small>★</small><span class="username" data-name="Spyro190">Spyro190</span>:</strong> <em>Le mosse di stato non sono mai superefficaci</em></div><div class="spacer battle-history"><br></div><div class="battle-history">The opposing Abra used <strong>Substitute</strong>!<br></div><div class="battle-history"><small>The opposing Abra put in a substitute!</small><br></div><div class="battle-history"><small>(The opposing Abra lost <abbr title="−4/19">21.1%</abbr> of its health!)</small><br></div><div class="spacer battle-history"><br></div><div class="battle-history">Boom baby used <strong>Stealth Rock</strong>!<br></div><div class="battle-history"><small>Pointed stones float in the air around the opposing team!</small><br></div><div class="spacer battle-history"><br></div><h2 class="battle-history">Turn 2</h2><div class="spacer battle-history"><br></div><div class="battle-history">The opposing Abra used <strong>Psychic</strong>!<br></div><div class="battle-history"><small>[Boom baby's Sturdy]</small><br><small>Boom baby endured the hit!</small><br></div><div class="battle-history"><small>(Boom baby lost <abbr title="−20/21">95.2%</abbr> of its health!)</small><br></div><div class="battle-history"><small>(Boom baby used its Berry Juice!)</small><br></div><div class="battle-history"><small>Boom baby restored HP using its Berry Juice!</small><br></div><div class="spacer battle-history"><br></div><div class="battle-history">Boom baby used <strong>Payback</strong>!<br></div><div class="battle-history"><small>It's super effective!</small><br></div><div class="battle-history"><small>The opposing Abra's substitute faded!</small><br></div><div class="spacer battle-history"><br></div><h2 class="battle-history">Turn 3</h2><div class="spacer battle-history"><br></div><div class="battle-history">The opposing Abra used <strong>Psychic</strong>!<br></div><div class="battle-history"><small>[Boom baby's Sturdy]</small><br><small>Boom baby endured the hit!</small><br></div><div class="battle-history"><small>(Boom baby lost <abbr title="−20/21">95.2%</abbr> of its health!)</small><br></div><div class="spacer battle-history"><br></div><div class="battle-history">Boom baby used <strong>Payback</strong>!<br></div><div class="battle-history"><small>It's super effective!</small><br></div><div class="battle-history"><small>(The opposing Abra lost <abbr title="−15/19">78.9%</abbr> of its health!)</small><br></div><div class="spacer battle-history"><br></div><div class="battle-history">The opposing Abra fainted!<br></div><div class="spacer battle-history"><br></div><div class="battle-history">Vinzzzz sent out <strong>Diglett</strong>!<br></div><div class="battle-history"><small>Pointed stones dug into the opposing Diglett!</small><br></div><div class="spacer battle-history"><br></div><h2 class="battle-history">Turn 4</h2><div class="spacer battle-history"><br></div><div class="battle-history">The opposing Diglett used <strong>Sucker Punch</strong>!<br></div><div class="battle-history"><small>(Boom baby lost <abbr title="−1/21">4.8%</abbr> of its health!)</small><br></div><div class="spacer battle-history"><br></div><div class="battle-history">Boom baby fainted!<br></div><div class="spacer battle-history"><br></div><div class="battle-history">Go! Giulietto (<strong>Dwebble</strong>)!<br></div><div class="spacer battle-history"><br></div><h2 class="battle-history">Turn 5</h2><div class="spacer battle-history"><br></div><div class="battle-history">The opposing Diglett used <strong>Stealth Rock</strong>!<br></div><div class="battle-history"><small>Pointed stones float in the air around your team!</small><br></div><div class="spacer battle-history"><br></div><div class="battle-history">Giulietto used <strong>Shell Smash</strong>!<br></div><div class="battle-history"><small>Giulietto's Defense fell!</small><br></div><div class="battle-history"><small>Giulietto's Special Defense fell!</small><br></div><div class="battle-history"><small>Giulietto's Attack rose sharply!</small><br></div><div class="battle-history"><small>Giulietto's Special Attack rose sharply!</small><br></div><div class="battle-history"><small>Giulietto's Speed rose sharply!</small><br></div><div class="spacer battle-history"><br></div><h2 class="battle-history">Turn 6</h2><div class="spacer battle-history"><br></div><div class="battle-history">The opposing Diglett used <strong>Sucker Punch</strong>!<br></div><div class="battle-history"><small>But it failed!</small><br></div><div class="spacer battle-history"><br></div><div class="battle-history">Giulietto used <strong>Shell Smash</strong>!<br></div><div class="battle-history"><small>Giulietto's Defense fell!</small><br></div><div class="battle-history"><small>Giulietto's Special Defense fell!</small><br></div><div class="battle-history"><small>Giulietto's Attack rose sharply!</small><br></div><div class="battle-history"><small>Giulietto's Special Attack rose sharply!</small><br></div><div class="battle-history"><small>Giulietto's Speed rose sharply!</small><br></div><div class="spacer battle-history"><br></div><h2 class="battle-history">Turn 7</h2><div class="spacer battle-history"><br></div><div class="battle-history">The opposing Diglett used <strong>Sucker Punch</strong>!<br></div><div class="battle-history"><small>(Giulietto lost <abbr title="−13/21">61.9%</abbr> of its health!)</small><br></div><div class="battle-history"><small>(Giulietto used its Berry Juice!)</small><br></div><div class="battle-history"><small>Giulietto restored HP using its Berry Juice!</small><br></div><div class="spacer battle-history"><br></div><div class="battle-history">Giulietto used <strong>Earthquake</strong>!<br></div><div class="battle-history"><small>(The opposing Diglett lost <abbr title="−16/17">94.1%</abbr> of its health!)</small><br></div><div class="spacer battle-history"><br></div><div class="battle-history">The opposing Diglett fainted!<br></div><div class="spacer battle-history"><br></div><div class="battle-history">Vinzzzz sent out <strong>Vullaby</strong>!<br></div><div class="battle-history"><small>Pointed stones dug into the opposing Vullaby!</small><br></div><div class="spacer battle-history"><br></div><h2 class="battle-history">Turn 8</h2><div class="spacer battle-history"><br></div><div class="battle-history">Giulietto used <strong>Rock Blast</strong>!<br></div><div class="battle-history"><small>It's super effective!</small><br></div><div class="battle-history"><small>(The opposing Vullaby lost <abbr title="−12/25">48%</abbr> of its health!)</small><br></div><div class="battle-history"><small>It's super effective!</small><br></div><div class="battle-history"><small>A critical hit!</small><br></div><div class="battle-history"><small>(The opposing Vullaby lost <abbr title="−7/25">28.0%</abbr> of its health!)</small><br></div><div class="battle-history"><small>Hit 2 times!</small><br></div><div class="spacer battle-history"><br></div><div class="battle-history">The opposing Vullaby fainted!<br></div><div class="spacer battle-history"><br></div><div class="battle-history">Vinzzzz sent out <strong>Mienfoo</strong>!<br></div><div class="battle-history"><small>Pointed stones dug into the opposing Mienfoo!</small><br></div><div class="spacer battle-history"><br></div><h2 class="battle-history">Turn 9</h2><div class="spacer battle-history"><br></div><div class="battle-history">Giulietto used <strong>Earthquake</strong>!<br></div><div class="battle-history"><small>(The opposing Mienfoo lost <abbr title="−20/21">95.2%</abbr> of its health!)</small><br></div><div class="spacer battle-history"><br></div><div class="battle-history">The opposing Mienfoo fainted!<br></div><div class="chat chatmessage-vinzzzz"><strong style="color:hsl(84,79%,34%)"><small>★</small><span class="username" data-name="Vinzzzz">Vinzzzz</span>:</strong> <em>gg</em></div><div class="spacer battle-history"><br></div><div class="battle-history">Vinzzzz sent out <strong>Ponyta</strong>!<br></div><div class="battle-history"><small>Pointed stones dug into the opposing Ponyta!</small><br></div><div class="spacer battle-history"><br></div><h2 class="battle-history">Turn 10</h2><div class="chat chatmessage-spyro190"><strong style="color:hsl(276,69%,53.0833743163896%)"><small>★</small><span class="username" data-name="Spyro190">Spyro190</span>:</strong> <em>u2</em></div><div class="spacer battle-history"><br></div><div class="battle-history">Giulietto used <strong>Earthquake</strong>!<br></div><div class="battle-history"><small>It's super effective!</small><br></div><div class="battle-history"><small>(The opposing Ponyta lost <abbr title="−16/21">76.2%</abbr> of its health!)</small><br></div><div class="spacer battle-history"><br></div><div class="battle-history">The opposing Ponyta fainted!<br></div><div class="chat chatmessage-vinzzzz"><strong style="color:hsl(84,79%,34%)"><small>★</small><span class="username" data-name="Vinzzzz">Vinzzzz</span>:</strong> <em>vedrò di ripresentarmi per la prossima</em></div><div class="spacer battle-history"><br></div><div class="battle-history">Vinzzzz sent out <strong>Chinchou</strong>!<br></div><div class="battle-history"><small>Pointed stones dug into the opposing Chinchou!</small><br></div><div class="spacer battle-history"><br></div><h2 class="battle-history">Turn 11</h2><div class="chat chatmessage-spyro190"><strong style="color:hsl(276,69%,53.0833743163896%)"><small>★</small><span class="username" data-name="Spyro190">Spyro190</span>:</strong> <em>Bravo. u.u</em></div><div class="spacer battle-history"><br></div><div class="battle-history">Giulietto used <strong>Earthquake</strong>!<br></div><div class="battle-history"><small>It's super effective!</small><br></div><div class="battle-history"><small>(The opposing Chinchou lost <abbr title="−22/25">88%</abbr> of its health!)</small><br></div><div class="spacer battle-history"><br></div><div class="battle-history">The opposing Chinchou fainted!<br></div><div class="spacer battle-history"><br></div><div class="battle-history"><strong>Spyro190</strong> won the battle!<br></div><div class="chat chatmessage-vinzzzz"><strong style="color:hsl(84,79%,34%)"><small>★</small><span class="username" data-name="Vinzzzz">Vinzzzz</span>:</strong> <em>mi fa piacere che il progetto sia andato avanti</em></div><div class="chat chatmessage-vinzzzz"><strong style="color:hsl(84,79%,34%)"><small>★</small><span class="username" data-name="Vinzzzz">Vinzzzz</span>:</strong> <em>alla prossimo spyro^^</em></div><div class="chat chatmessage-spyro190"><strong style="color:hsl(276,69%,53.0833743163896%)"><small>★</small><span class="username" data-name="Spyro190">Spyro190</span>:</strong> <em>Alla prossima</em></div></div><div class="inner-preempt"></div></div></div>
</div>
<script>
let daily = Math.floor(Date.now()/1000/60/60/24);document.write('<script src="https://play.pokemonshowdown.com/js/replay-embed.js?version'+daily+'"></'+'script>');
</script>
