<!DOCTYPE html>
<meta charset="utf-8" />
<!-- version 1 -->
<title>LC replay: Xerereca vs. Nashandra.gif</title>
<style>
html,body {font-family:Verdana, sans-serif;font-size:10pt;margin:0;padding:0;}body{padding:12px 0;} .battle-log {font-family:Verdana, sans-serif;font-size:10pt;} .battle-log-inline {border:1px solid #AAAAAA;background:#EEF2F5;color:black;max-width:640px;margin:0 auto 80px;padding-bottom:5px;} .battle-log .inner {padding:4px 8px 0px 8px;} .battle-log .inner-preempt {padding:0 8px 4px 8px;} .battle-log .inner-after {margin-top:0.5em;} .battle-log h2 {margin:0.5em -8px;padding:4px 8px;border:1px solid #AAAAAA;background:#E0E7EA;border-left:0;border-right:0;font-family:Verdana, sans-serif;font-size:13pt;} .battle-log .chat {vertical-align:middle;padding:3px 0 3px 0;font-size:8pt;} .battle-log .chat strong {color:#40576A;} .battle-log .chat em {padding:1px 4px 1px 3px;color:#000000;font-style:normal;} .chat.mine {background:rgba(0,0,0,0.05);margin-left:-8px;margin-right:-8px;padding-left:8px;padding-right:8px;} .spoiler {color:#BBBBBB;background:#BBBBBB;padding:0px 3px;} .spoiler:hover, .spoiler:active, .spoiler-shown {color:#000000;background:#E2E2E2;padding:0px 3px;} .spoiler a {color:#BBBBBB;} .spoiler:hover a, .spoiler:active a, .spoiler-shown a {color:#2288CC;} .chat code, .chat .spoiler:hover code, .chat .spoiler:active code, .chat .spoiler-shown code {border:1px solid #C0C0C0;background:#EEEEEE;color:black;padding:0 2px;} .chat .spoiler code {border:1px solid #CCCCCC;background:#CCCCCC;color:#CCCCCC;} .battle-log .rated {padding:3px 4px;} .battle-log .rated strong {color:white;background:#89A;padding:1px 4px;border-radius:4px;} .spacer {margin-top:0.5em;} .message-announce {background:#6688AA;color:white;padding:1px 4px 2px;} .message-announce a, .broadcast-green a, .broadcast-blue a, .broadcast-red a {color:#DDEEFF;} .broadcast-green {background-color:#559955;color:white;padding:2px 4px;} .broadcast-blue {background-color:#6688AA;color:white;padding:2px 4px;} .infobox {border:1px solid #6688AA;padding:2px 4px;} .infobox-limited {max-height:200px;overflow:auto;overflow-x:hidden;} .broadcast-red {background-color:#AA5544;color:white;padding:2px 4px;} .message-learn-canlearn {font-weight:bold;color:#228822;text-decoration:underline;} .message-learn-cannotlearn {font-weight:bold;color:#CC2222;text-decoration:underline;} .message-effect-weak {font-weight:bold;color:#CC2222;} .message-effect-resist {font-weight:bold;color:#6688AA;} .message-effect-immune {font-weight:bold;color:#666666;} .message-learn-list {margin-top:0;margin-bottom:0;} .message-throttle-notice, .message-error {color:#992222;} .message-overflow, .chat small.message-overflow {font-size:0pt;} .message-overflow::before {font-size:9pt;content:'...';} .subtle {color:#3A4A66;}
</style>
<div class="wrapper replay-wrapper" style="max-width:1180px;margin:0 auto">
<input type="hidden" name="replayid" value="lc-484126287" />
<div class="battle"></div><div class="battle-log"></div><div class="replay-controls"></div><div class="replay-controls-2"></div>
<h1 style="font-weight:normal;text-align:center"><strong>LC</strong><br /><a href="http://pokemonshowdown.com/users/xerereca" class="subtle" target="_blank">Xerereca</a> vs. <a href="http://pokemonshowdown.com/users/nashandragif" class="subtle" target="_blank">Nashandra.gif</a></h1>
<script type="text/plain" class="battle-log-data">|j|Xerereca
|j|Nashandra.gif
|player|p1|Xerereca|283
|player|p2|Nashandra.gif|102
|gametype|singles
|gen|6
|tier|LC
|seed|17603,47898,44246,35369
|clearpoke
|poke|p1|Porygon, L5|item
|poke|p1|Gible, L5, F|item
|poke|p1|Torchic, L5, F|item
|poke|p1|Foongus, L5, M|item
|poke|p1|Pawniard, L5, F|item
|poke|p1|Staryu, L5|item
|poke|p2|Magnemite, L5, shiny|item
|poke|p2|Ponyta, L5, F, shiny|item
|poke|p2|Nosepass, L5, F, shiny|item
|poke|p2|Spritzee, L5, F, shiny|item
|poke|p2|Abra, L5, M, shiny|item
|poke|p2|Carvanha, L5, F, shiny|item
|rule|Sleep Clause Mod: Limit one foe put to sleep
|rule|Species Clause: Limit one of each Pokémon
|rule|OHKO Clause: OHKO moves are banned
|rule|Moody Clause: Moody is banned
|rule|Evasion Moves Clause: Evasion moves are banned
|rule|Endless Battle Clause: Forcing endless battles is banned
|rule|HP Percentage Mod: HP is shown in percentages
|teampreview
|c|★Xerereca|oi
|choice|team 2, team 1, team 3, team 4, team 5, team 6|team 3, team 2, team 1, team 4, team 5, team 6
|
|start
|switch|p1a: Gible|Gible, L5, F|24\/24
|switch|p2a: Mariana Lopes|Nosepass, L5, F, shiny|19\/19
|turn|1
|choice|move stealthrock|move rockslide
|
|move|p1a: Gible|Stealth Rock|p2a: Mariana Lopes
|-sidestart|p2: Nashandra.gif|move: Stealth Rock
|move|p2a: Mariana Lopes|Rock Slide|p1a: Gible
|-resisted|p1a: Gible
|-damage|p1a: Gible|21\/24
|
|turn|2
|c|★Nashandra.gif|kkkk
|c|★Nashandra.gif|miss click
|choice|move earthquake|move stealthrock
|
|move|p1a: Gible|Earthquake|p2a: Mariana Lopes
|-supereffective|p2a: Mariana Lopes
|-damage|p2a: Mariana Lopes|1\/19
|-enditem|p2a: Mariana Lopes|Berry Juice
|-heal|p2a: Mariana Lopes|19\/19|[from] item: Berry Juice
|move|p2a: Mariana Lopes|Stealth Rock|p1a: Gible
|-sidestart|p1: Xerereca|move: Stealth Rock
|
|turn|3
|choice|move earthquake|switch 4
|
|switch|p2a: Perfume|Spritzee, L5, F, shiny|27\/27
|-damage|p2a: Perfume|24\/27|[from] Stealth Rock
|move|p1a: Gible|Earthquake|p2a: Perfume
|-damage|p2a: Perfume|17\/27
|
|turn|4
|choice|switch 4|move moonblast
|
|switch|p1a: Foongus|Foongus, L5, M|25\/25
|-damage|p1a: Foongus|22\/25|[from] Stealth Rock
|move|p2a: Perfume|Moonblast|p1a: Foongus
|-resisted|p1a: Foongus
|-damage|p1a: Foongus|19\/25
|
|turn|5
|choice|move sludgebomb|switch 2
|
|switch|p2a: Grown Woman|Ponyta, L5, F, shiny|21\/21
|-damage|p2a: Grown Woman|16\/21|[from] Stealth Rock
|move|p1a: Foongus|Sludge Bomb|p2a: Grown Woman
|-damage|p2a: Grown Woman|9\/21
|
|turn|6
|choice|switch 6|move flamethrower
|
|switch|p1a: Staryu|Staryu, L5|20\/20
|-damage|p1a: Staryu|18\/20|[from] Stealth Rock
|move|p2a: Grown Woman|Flamethrower|p1a: Staryu
|-resisted|p1a: Staryu
|-damage|p1a: Staryu|15\/20
|
|turn|7
|choice|move icebeam|switch 3
|
|switch|p2a: Lorna II|Magnemite, L5, shiny|19\/19
|-damage|p2a: Lorna II|18\/19|[from] Stealth Rock
|move|p1a: Staryu|Ice Beam|p2a: Lorna II
|-resisted|p2a: Lorna II
|-damage|p2a: Lorna II|14\/19
|
|turn|8
|choice|move scald|move flashcannon
|
|move|p2a: Lorna II|Flash Cannon|p1a: Staryu
|-resisted|p1a: Staryu
|-damage|p1a: Staryu|10\/20
|move|p1a: Staryu|Scald|p2a: Lorna II
|-damage|p2a: Lorna II|2\/19
|-status|p2a: Lorna II|brn
|
|-damage|p2a: Lorna II|0 fnt|[from] brn
|faint|p2a: Lorna II
|c|★Xerereca|bye
|choice||switch 6
|
|switch|p2a: Larissanha|Carvanha, L5, F, shiny|21\/21
|-damage|p2a: Larissanha|19\/21|[from] Stealth Rock
|turn|9
|choice|switch 6|move crunch
|
|switch|p1a: Foongus|Foongus, L5, M|25\/25
|-damage|p1a: Foongus|22\/25|[from] Stealth Rock
|move|p2a: Larissanha|Crunch|p1a: Foongus
|-damage|p1a: Foongus|10\/25
|-damage|p2a: Larissanha|17\/21|[from] item: Life Orb
|
|-ability|p2a: Larissanha|Speed Boost|boost
|-boost|p2a: Larissanha|spe|1
|turn|10
|choice|move gigadrain|move crunch
|
|move|p2a: Larissanha|Crunch|p1a: Foongus
|-damage|p1a: Foongus|0 fnt
|-damage|p2a: Larissanha|15\/21|[from] item: Life Orb
|faint|p1a: Foongus
|
|-ability|p2a: Larissanha|Speed Boost|boost
|-boost|p2a: Larissanha|spe|1
|c|★Xerereca|filho da putaaaaaaaaaa
|choice|switch 2|
|
|switch|p1a: Porygon|Porygon, L5|26\/26
|-damage|p1a: Porygon|23\/26|[from] Stealth Rock
|-ability|p1a: Porygon|Speed Boost|[from] ability: Trace|[of] p2a: Larissanha
|turn|11
|choice|move thunderwave|move crunch
|
|move|p2a: Larissanha|Crunch|p1a: Porygon
|-damage|p1a: Porygon|11\/26
|-damage|p2a: Larissanha|13\/21|[from] item: Life Orb
|move|p1a: Porygon|Thunder Wave|p2a: Larissanha
|-status|p2a: Larissanha|par
|
|-ability|p1a: Porygon|Speed Boost|boost
|-boost|p1a: Porygon|spe|1
|-ability|p2a: Larissanha|Speed Boost|boost
|-boost|p2a: Larissanha|spe|1
|turn|12
|choice|move recover|move crunch
|
|move|p1a: Porygon|Recover|p1a: Porygon
|-heal|p1a: Porygon|24\/26
|move|p2a: Larissanha|Crunch|p1a: Porygon
|-damage|p1a: Porygon|12\/26
|-unboost|p1a: Porygon|def|1
|-damage|p2a: Larissanha|11\/21 par|[from] item: Life Orb
|
|-ability|p1a: Porygon|Speed Boost|boost
|-boost|p1a: Porygon|spe|1
|-ability|p2a: Larissanha|Speed Boost|boost
|-boost|p2a: Larissanha|spe|1
|turn|13
|choice|move recover|move waterfall
|
|move|p1a: Porygon|Recover|p1a: Porygon
|-heal|p1a: Porygon|25\/26
|move|p2a: Larissanha|Waterfall|p1a: Porygon
|-damage|p1a: Porygon|9\/26
|-damage|p2a: Larissanha|9\/21 par|[from] item: Life Orb
|
|-ability|p1a: Porygon|Speed Boost|boost
|-boost|p1a: Porygon|spe|1
|-ability|p2a: Larissanha|Speed Boost|boost
|-boost|p2a: Larissanha|spe|1
|turn|14
|choice|move recover|move waterfall
|
|move|p1a: Porygon|Recover|p1a: Porygon
|-heal|p1a: Porygon|22\/26
|move|p2a: Larissanha|Waterfall|p1a: Porygon
|-damage|p1a: Porygon|6\/26
|-damage|p2a: Larissanha|7\/21 par|[from] item: Life Orb
|
|-ability|p1a: Porygon|Speed Boost|boost
|-boost|p1a: Porygon|spe|1
|-ability|p2a: Larissanha|Speed Boost|boost
|-boost|p2a: Larissanha|spe|1
|turn|15
|choice|move recover|move waterfall
|
|move|p1a: Porygon|Recover|p1a: Porygon
|-heal|p1a: Porygon|19\/26
|move|p2a: Larissanha|Waterfall|p1a: Porygon
|-damage|p1a: Porygon|2\/26
|-damage|p2a: Larissanha|5\/21 par|[from] item: Life Orb
|
|-ability|p1a: Porygon|Speed Boost|boost
|-boost|p1a: Porygon|spe|1
|turn|16
|choice|switch 3|switch 2
|
|switch|p1a: Torchic|Torchic, L5, F|21\/21
|-damage|p1a: Torchic|16\/21|[from] Stealth Rock
|switch|p2a: Perfume|Spritzee, L5, F, shiny|17\/27
|-damage|p2a: Perfume|14\/27|[from] Stealth Rock
|
|turn|17
|choice|move protect|move wish
|
|move|p1a: Torchic|Protect|p1a: Torchic
|-singleturn|p1a: Torchic|Protect
|move|p2a: Perfume|Wish|p2a: Perfume
|
|-ability|p1a: Torchic|Speed Boost|boost
|-boost|p1a: Torchic|spe|1
|turn|18
|choice|move curse|switch 2
|
|switch|p2a: Larissanha|Carvanha, L5, F, shiny|5\/21 par
|-damage|p2a: Larissanha|3\/21 par|[from] Stealth Rock
|move|p1a: Torchic|Curse|p1a: Torchic
|-unboost|p1a: Torchic|spe|1
|-boost|p1a: Torchic|atk|1
|-boost|p1a: Torchic|def|1
|
|-heal|p2a: Larissanha|16\/21 par|[from] move: Wish|[wisher] Perfume
|-ability|p1a: Torchic|Speed Boost|boost
|-boost|p1a: Torchic|spe|1
|turn|19
|choice|move protect|move waterfall
|
|move|p1a: Torchic|Protect|p1a: Torchic
|-singleturn|p1a: Torchic|Protect
|cant|p2a: Larissanha|par
|
|-ability|p1a: Torchic|Speed Boost|boost
|-boost|p1a: Torchic|spe|1
|-ability|p2a: Larissanha|Speed Boost|boost
|-boost|p2a: Larissanha|spe|1
|turn|20
|choice|move batonpass|move waterfall
|
|move|p1a: Torchic|Baton Pass|p1a: Torchic
|choice|switch 4|
|
|switch|p1a: Gible|Gible, L5, F|21\/24
|-damage|p1a: Gible|20\/24|[from] Stealth Rock
|move|p2a: Larissanha|Waterfall|p1a: Gible
|-damage|p1a: Gible|11\/24
|-damage|p2a: Larissanha|14\/21 par|[from] ability: Rough Skin|[of] p1a: Gible
|-damage|p2a: Larissanha|12\/21 par|[from] item: Life Orb
|
|-ability|p2a: Larissanha|Speed Boost|boost
|-boost|p2a: Larissanha|spe|1
|turn|21
|choice|move earthquake|move waterfall
|
|move|p1a: Gible|Earthquake|p2a: Larissanha
|-damage|p2a: Larissanha|0 fnt
|faint|p2a: Larissanha
|
|choice||switch 2
|
|switch|p2a: Perfume|Spritzee, L5, F, shiny|14\/27
|-damage|p2a: Perfume|11\/27|[from] Stealth Rock
|turn|22
|choice|switch 5|move moonblast
|
|switch|p1a: Pawniard|Pawniard, L5, F|21\/21
|-damage|p1a: Pawniard|20\/21|[from] Stealth Rock
|move|p2a: Perfume|Moonblast|p1a: Pawniard
|-damage|p1a: Pawniard|10\/21
|
|turn|23
|choice|move knockoff|move moonblast
|
|move|p1a: Pawniard|Knock Off|p2a: Perfume
|-resisted|p2a: Perfume
|-damage|p2a: Perfume|6\/27
|-enditem|p2a: Perfume|Eviolite|[from] move: Knock Off|[of] p1a: Pawniard
|move|p2a: Perfume|Moonblast|p1a: Pawniard
|-damage|p1a: Pawniard|0 fnt
|faint|p1a: Pawniard
|
|choice|switch 3|
|
|switch|p1a: Porygon|Porygon, L5|2\/26
|-damage|p1a: Porygon|0 fnt|[from] Stealth Rock
|faint|p1a: Porygon
|choice|switch 4|
|
|switch|p1a: Torchic|Torchic, L5, F|16\/21
|-damage|p1a: Torchic|11\/21|[from] Stealth Rock
|turn|24
|choice|move protect|move moonblast
|
|move|p1a: Torchic|Protect|p1a: Torchic
|-singleturn|p1a: Torchic|Protect
|move|p2a: Perfume|Moonblast|p1a: Torchic
|-activate|p1a: Torchic|move: Protect
|
|-ability|p1a: Torchic|Speed Boost|boost
|-boost|p1a: Torchic|spe|1
|turn|25
|j|Clarilla
|c| Clarilla|oi
|choice|move curse|move wish
|
|move|p1a: Torchic|Curse|p1a: Torchic
|-unboost|p1a: Torchic|spe|1
|-boost|p1a: Torchic|atk|1
|-boost|p1a: Torchic|def|1
|move|p2a: Perfume|Wish|p2a: Perfume
|
|-ability|p1a: Torchic|Speed Boost|boost
|-boost|p1a: Torchic|spe|1
|turn|26
|c|★Xerereca|oi socorro
|choice|move batonpass|move moonblast
|
|move|p1a: Torchic|Baton Pass|p1a: Torchic
|choice|switch 6|
|
|switch|p1a: Staryu|Staryu, L5|10\/20
|-damage|p1a: Staryu|8\/20|[from] Stealth Rock
|move|p2a: Perfume|Moonblast|p1a: Staryu
|-damage|p1a: Staryu|0 fnt
|faint|p1a: Staryu
|
|-heal|p2a: Perfume|19\/27|[from] move: Wish|[wisher] Perfume
|c|★Xerereca|ele vai ganhar
|choice|switch 5|
|
|switch|p1a: Gible|Gible, L5, F|11\/24
|-damage|p1a: Gible|10\/24|[from] Stealth Rock
|turn|27
|choice|move earthquake|move moonblast
|
|move|p1a: Gible|Earthquake|p2a: Perfume
|-damage|p2a: Perfume|6\/27
|move|p2a: Perfume|Moonblast|p1a: Gible
|-supereffective|p1a: Gible
|-damage|p1a: Gible|0 fnt
|faint|p1a: Gible
|
|choice|switch 6|
|
|switch|p1a: Torchic|Torchic, L5, F|11\/21
|-damage|p1a: Torchic|6\/21|[from] Stealth Rock
|turn|28
|c|★Xerereca|morta
|choice|move protect|move moonblast
|
|move|p1a: Torchic|Protect|p1a: Torchic
|-singleturn|p1a: Torchic|Protect
|move|p2a: Perfume|Moonblast|p1a: Torchic
|-activate|p1a: Torchic|move: Protect
|
|-ability|p1a: Torchic|Speed Boost|boost
|-boost|p1a: Torchic|spe|1
|turn|29
|c| Clarilla|o q matou seu foongus
|choice|move protect|move moonblast
|
|move|p1a: Torchic|Protect|p1a: Torchic
|-fail|p1a: Torchic
|move|p2a: Perfume|Moonblast|p1a: Torchic
|-resisted|p1a: Torchic
|-damage|p1a: Torchic|2\/21
|
|-ability|p1a: Torchic|Speed Boost|boost
|-boost|p1a: Torchic|spe|1
|turn|30
|c|★Xerereca|foi no começo
|c|★Xerereca|fdptice dele
|c|★Xerereca|nao lembro
|c| Clarilla|trash
|choice|move protect|switch 4
|
|switch|p2a: Mariana Lopes|Nosepass, L5, F, shiny|19\/19
|-damage|p2a: Mariana Lopes|17\/19|[from] Stealth Rock
|move|p1a: Torchic|Protect|p1a: Torchic
|-fail|p1a: Torchic
|
|-ability|p1a: Torchic|Speed Boost|boost
|-boost|p1a: Torchic|spe|1
|turn|31
|choice|move batonpass|move rockslide
|
|move|p1a: Torchic|Baton Pass|p1a: Torchic
|-fail|p1a: Torchic
|move|p2a: Mariana Lopes|Rock Slide|p1a: Torchic
|-supereffective|p1a: Torchic
|-damage|p1a: Torchic|0 fnt
|faint|p1a: Torchic
|
|win|Nashandra.gif
|player|p1
|player|p2
|c|★Xerereca|flop
|c| Clarilla|ok vendo</script>
</div>
<div class="battle-log battle-log-inline"><div class="inner"><div class="battle-options"></div><div class="inner"><div class="chat"><small>Xerereca joined.</small></div><div class="chat"><small>Nashandra.gif joined.</small></div><div class=""><small>Format:</small> <br><strong>LC</strong></div><div class=""><small><em>Sleep Clause Mod:</em> Limit one foe put to sleep</small></div><div class=""><small><em>Species Clause:</em> Limit one of each Pokémon</small></div><div class=""><small><em>OHKO Clause:</em> OHKO moves are banned</small></div><div class=""><small><em>Moody Clause:</em> Moody is banned</small></div><div class=""><small><em>Evasion Moves Clause:</em> Evasion moves are banned</small></div><div class=""><small><em>Endless Battle Clause:</em> Forcing endless battles is banned</small></div><div class=""><small><em>HP Percentage Mod:</em> HP is shown in percentages</small></div><div class="chat battle-history"><strong>Xerereca's team:</strong> <em style="color:#445566;display:block;">Porygon / Gible / Torchic / Foongus / Pawniard / Staryu</em></div><div class="chat battle-history"><strong>Nashandra.gif's team:</strong> <em style="color:#445566;display:block;">Magnemite / Ponyta / Nosepass / Spritzee / Abra / Carvanha</em></div><div class="chat chatmessage-xerereca"><strong style="color:hsl(350,84%,44.34595185283841%)"><small>★</small><span class="username" data-name="Xerereca">Xerereca</span>:</strong> <em>oi</em></div><div class="spacer battle-history"><br></div><div class="battle-history">Battle started between Xerereca and Nashandra.gif!<br></div><div class="spacer battle-history"><br></div><div class="battle-history">Go! <strong>Gible</strong>!<br></div><div class="spacer battle-history"><br></div><div class="battle-history">Nashandra.gif sent out Mariana Lopes (<strong>Nosepass</strong>)!<br></div><div class="spacer battle-history"><br></div><h2 class="battle-history">Turn 1</h2><div class="spacer battle-history"><br></div><div class="battle-history">Gible used <strong>Stealth Rock</strong>!<br></div><div class="battle-history"><small>Pointed stones float in the air around the opposing team!</small><br></div><div class="spacer battle-history"><br></div><div class="battle-history">The opposing Mariana Lopes used <strong>Rock Slide</strong>!<br></div><div class="battle-history"><small>It's not very effective...</small><br></div><div class="battle-history"><small>(Gible lost <abbr title="−3/24">12.5%</abbr> of its health!)</small><br></div><div class="spacer battle-history"><br></div><h2 class="battle-history">Turn 2</h2><div class="chat chatmessage-nashandragif"><strong style="color:hsl(17,70%,40%)"><small>★</small><span class="username" data-name="Nashandra.gif">Nashandra.gif</span>:</strong> <em>kkkk</em></div><div class="chat chatmessage-nashandragif"><strong style="color:hsl(17,70%,40%)"><small>★</small><span class="username" data-name="Nashandra.gif">Nashandra.gif</span>:</strong> <em>miss click</em></div><div class="spacer battle-history"><br></div><div class="battle-history">Gible used <strong>Earthquake</strong>!<br></div><div class="battle-history"><small>It's super effective!</small><br></div><div class="battle-history"><small>(The opposing Mariana Lopes lost <abbr title="−18/19">94.7%</abbr> of its health!)</small><br></div><div class="battle-history"><small>(The opposing Mariana Lopes used its Berry Juice!)</small><br></div><div class="battle-history"><small>The opposing Mariana Lopes restored HP using its Berry Juice!</small><br></div><div class="spacer battle-history"><br></div><div class="battle-history">The opposing Mariana Lopes used <strong>Stealth Rock</strong>!<br></div><div class="battle-history"><small>Pointed stones float in the air around your team!</small><br></div><div class="spacer battle-history"><br></div><h2 class="battle-history">Turn 3</h2><div class="spacer battle-history"><br></div><div class="battle-history">Nashandra.gif withdrew Mariana Lopes!<br></div><div class="battle-history">Nashandra.gif sent out Perfume (<strong>Spritzee</strong>)!<br></div><div class="battle-history"><small>Pointed stones dug into the opposing Perfume!</small><br></div><div class="spacer battle-history"><br></div><div class="battle-history">Gible used <strong>Earthquake</strong>!<br></div><div class="battle-history"><small>(The opposing Perfume lost <abbr title="−7/27">25.9%</abbr> of its health!)</small><br></div><div class="spacer battle-history"><br></div><h2 class="battle-history">Turn 4</h2><div class="spacer battle-history"><br></div><div class="battle-history">Gible, come back!<br></div><div class="battle-history">Go! <strong>Foongus</strong>!<br></div><div class="battle-history"><small>Pointed stones dug into Foongus!</small><br></div><div class="spacer battle-history"><br></div><div class="battle-history">The opposing Perfume used <strong>Moonblast</strong>!<br></div><div class="battle-history"><small>It's not very effective...</small><br></div><div class="battle-history"><small>(Foongus lost <abbr title="−3/25">12%</abbr> of its health!)</small><br></div><div class="spacer battle-history"><br></div><h2 class="battle-history">Turn 5</h2><div class="spacer battle-history"><br></div><div class="battle-history">Nashandra.gif withdrew Perfume!<br></div><div class="battle-history">Nashandra.gif sent out Grown Woman (<strong>Ponyta</strong>)!<br></div><div class="battle-history"><small>Pointed stones dug into the opposing Grown Woman!</small><br></div><div class="spacer battle-history"><br></div><div class="battle-history">Foongus used <strong>Sludge Bomb</strong>!<br></div><div class="battle-history"><small>(The opposing Grown Woman lost <abbr title="−7/21">33.3%</abbr> of its health!)</small><br></div><div class="spacer battle-history"><br></div><h2 class="battle-history">Turn 6</h2><div class="spacer battle-history"><br></div><div class="battle-history">Foongus, come back!<br></div><div class="battle-history">Go! <strong>Staryu</strong>!<br></div><div class="battle-history"><small>Pointed stones dug into Staryu!</small><br></div><div class="spacer battle-history"><br></div><div class="battle-history">The opposing Grown Woman used <strong>Flamethrower</strong>!<br></div><div class="battle-history"><small>It's not very effective...</small><br></div><div class="battle-history"><small>(Staryu lost <abbr title="−3/20">15%</abbr> of its health!)</small><br></div><div class="spacer battle-history"><br></div><h2 class="battle-history">Turn 7</h2><div class="spacer battle-history"><br></div><div class="battle-history">Nashandra.gif withdrew Grown Woman!<br></div><div class="battle-history">Nashandra.gif sent out Lorna II (<strong>Magnemite</strong>)!<br></div><div class="battle-history"><small>Pointed stones dug into the opposing Lorna II!</small><br></div><div class="spacer battle-history"><br></div><div class="battle-history">Staryu used <strong>Ice Beam</strong>!<br></div><div class="battle-history"><small>It's not very effective...</small><br></div><div class="battle-history"><small>(The opposing Lorna II lost <abbr title="−4/19">21.1%</abbr> of its health!)</small><br></div><div class="spacer battle-history"><br></div><h2 class="battle-history">Turn 8</h2><div class="spacer battle-history"><br></div><div class="battle-history">The opposing Lorna II used <strong>Flash Cannon</strong>!<br></div><div class="battle-history"><small>It's not very effective...</small><br></div><div class="battle-history"><small>(Staryu lost <abbr title="−5/20">25%</abbr> of its health!)</small><br></div><div class="spacer battle-history"><br></div><div class="battle-history">Staryu used <strong>Scald</strong>!<br></div><div class="battle-history"><small>(The opposing Lorna II lost <abbr title="−12/19">63.2%</abbr> of its health!)</small><br></div><div class="battle-history"><small>The opposing Lorna II was burned!</small><br></div><div class="spacer battle-history"><br></div><div class="battle-history"><small>The opposing Lorna II was hurt by its burn!</small><br></div><div class="spacer battle-history"><br></div><div class="battle-history">The opposing Lorna II fainted!<br></div><div class="chat chatmessage-xerereca"><strong style="color:hsl(350,84%,44.34595185283841%)"><small>★</small><span class="username" data-name="Xerereca">Xerereca</span>:</strong> <em>bye</em></div><div class="spacer battle-history"><br></div><div class="battle-history">Nashandra.gif sent out Larissanha (<strong>Carvanha</strong>)!<br></div><div class="battle-history"><small>Pointed stones dug into the opposing Larissanha!</small><br></div><div class="spacer battle-history"><br></div><h2 class="battle-history">Turn 9</h2><div class="spacer battle-history"><br></div><div class="battle-history">Staryu, come back!<br></div><div class="battle-history">Go! <strong>Foongus</strong>!<br></div><div class="battle-history"><small>Pointed stones dug into Foongus!</small><br></div><div class="spacer battle-history"><br></div><div class="battle-history">The opposing Larissanha used <strong>Crunch</strong>!<br></div><div class="battle-history"><small>(Foongus lost <abbr title="−12/25">48%</abbr> of its health!)</small><br></div><div class="battle-history"><small>The opposing Larissanha lost some of its HP!</small><br></div><div class="spacer battle-history"><br></div><div class="battle-history"><small>[The opposing Larissanha's Speed Boost]</small><br></div><div class="battle-history"><small>The opposing Larissanha's Speed rose!</small><br></div><div class="spacer battle-history"><br></div><h2 class="battle-history">Turn 10</h2><div class="spacer battle-history"><br></div><div class="battle-history">The opposing Larissanha used <strong>Crunch</strong>!<br></div><div class="battle-history"><small>(Foongus lost <abbr title="−10/25">40%</abbr> of its health!)</small><br></div><div class="battle-history"><small>The opposing Larissanha lost some of its HP!</small><br></div><div class="spacer battle-history"><br></div><div class="battle-history">Foongus fainted!<br></div><div class="spacer battle-history"><br></div><div class="battle-history"><small>[The opposing Larissanha's Speed Boost]</small><br></div><div class="battle-history"><small>The opposing Larissanha's Speed rose!</small><br></div><div class="chat chatmessage-xerereca"><strong style="color:hsl(350,84%,44.34595185283841%)"><small>★</small><span class="username" data-name="Xerereca">Xerereca</span>:</strong> <em>filho da putaaaaaaaaaa</em></div><div class="spacer battle-history"><br></div><div class="battle-history">Go! <strong>Porygon</strong>!<br></div><div class="battle-history"><small>Pointed stones dug into Porygon!</small><br></div><div class="battle-history"><small>[Porygon's Trace]</small><br><small>[Porygon's Speed Boost]</small><br><small>Porygon traced the opposing Larissanha's Speed Boost!</small><br></div><div class="spacer battle-history"><br></div><h2 class="battle-history">Turn 11</h2><div class="spacer battle-history"><br></div><div class="battle-history">The opposing Larissanha used <strong>Crunch</strong>!<br></div><div class="battle-history"><small>(Porygon lost <abbr title="−12/26">46.2%</abbr> of its health!)</small><br></div><div class="battle-history"><small>The opposing Larissanha lost some of its HP!</small><br></div><div class="spacer battle-history"><br></div><div class="battle-history">Porygon used <strong>Thunder Wave</strong>!<br></div><div class="battle-history"><small>The opposing Larissanha is paralyzed! It may be unable to move!</small><br></div><div class="spacer battle-history"><br></div><div class="battle-history"><small>[Porygon's Speed Boost]</small><br></div><div class="battle-history"><small>Porygon's Speed rose!</small><br></div><div class="battle-history"><small>[The opposing Larissanha's Speed Boost]</small><br></div><div class="battle-history"><small>The opposing Larissanha's Speed rose!</small><br></div><div class="spacer battle-history"><br></div><h2 class="battle-history">Turn 12</h2><div class="spacer battle-history"><br></div><div class="battle-history">Porygon used <strong>Recover</strong>!<br></div><div class="battle-history"><small>Porygon restored its HP.</small><br></div><div class="spacer battle-history"><br></div><div class="battle-history">The opposing Larissanha used <strong>Crunch</strong>!<br></div><div class="battle-history"><small>(Porygon lost <abbr title="−12/26">46.2%</abbr> of its health!)</small><br></div><div class="battle-history"><small>Porygon's Defense fell!</small><br></div><div class="battle-history"><small>The opposing Larissanha lost some of its HP!</small><br></div><div class="spacer battle-history"><br></div><div class="battle-history"><small>[Porygon's Speed Boost]</small><br></div><div class="battle-history"><small>Porygon's Speed rose!</small><br></div><div class="battle-history"><small>[The opposing Larissanha's Speed Boost]</small><br></div><div class="battle-history"><small>The opposing Larissanha's Speed rose!</small><br></div><div class="spacer battle-history"><br></div><h2 class="battle-history">Turn 13</h2><div class="spacer battle-history"><br></div><div class="battle-history">Porygon used <strong>Recover</strong>!<br></div><div class="battle-history"><small>Porygon restored its HP.</small><br></div><div class="spacer battle-history"><br></div><div class="battle-history">The opposing Larissanha used <strong>Waterfall</strong>!<br></div><div class="battle-history"><small>(Porygon lost <abbr title="−16/26">61.5%</abbr> of its health!)</small><br></div><div class="battle-history"><small>The opposing Larissanha lost some of its HP!</small><br></div><div class="spacer battle-history"><br></div><div class="battle-history"><small>[Porygon's Speed Boost]</small><br></div><div class="battle-history"><small>Porygon's Speed rose!</small><br></div><div class="battle-history"><small>[The opposing Larissanha's Speed Boost]</small><br></div><div class="battle-history"><small>The opposing Larissanha's Speed rose!</small><br></div><div class="spacer battle-history"><br></div><h2 class="battle-history">Turn 14</h2><div class="spacer battle-history"><br></div><div class="battle-history">Porygon used <strong>Recover</strong>!<br></div><div class="battle-history"><small>Porygon restored its HP.</small><br></div><div class="spacer battle-history"><br></div><div class="battle-history">The opposing Larissanha used <strong>Waterfall</strong>!<br></div><div class="battle-history"><small>(Porygon lost <abbr title="−16/26">61.5%</abbr> of its health!)</small><br></div><div class="battle-history"><small>The opposing Larissanha lost some of its HP!</small><br></div><div class="spacer battle-history"><br></div><div class="battle-history"><small>[Porygon's Speed Boost]</small><br></div><div class="battle-history"><small>Porygon's Speed rose!</small><br></div><div class="battle-history"><small>[The opposing Larissanha's Speed Boost]</small><br></div><div class="battle-history"><small>The opposing Larissanha's Speed rose!</small><br></div><div class="spacer battle-history"><br></div><h2 class="battle-history">Turn 15</h2><div class="spacer battle-history"><br></div><div class="battle-history">Porygon used <strong>Recover</strong>!<br></div><div class="battle-history"><small>Porygon restored its HP.</small><br></div><div class="spacer battle-history"><br></div><div class="battle-history">The opposing Larissanha used <strong>Waterfall</strong>!<br></div><div class="battle-history"><small>(Porygon lost <abbr title="−17/26">65.4%</abbr> of its health!)</small><br></div><div class="battle-history"><small>The opposing Larissanha lost some of its HP!</small><br></div><div class="spacer battle-history"><br></div><div class="battle-history"><small>[Porygon's Speed Boost]</small><br></div><div class="battle-history"><small>Porygon's Speed rose!</small><br></div><div class="spacer battle-history"><br></div><h2 class="battle-history">Turn 16</h2><div class="spacer battle-history"><br></div><div class="battle-history">Porygon, come back!<br></div><div class="battle-history">Go! <strong>Torchic</strong>!<br></div><div class="battle-history"><small>Pointed stones dug into Torchic!</small><br></div><div class="spacer battle-history"><br></div><div class="battle-history">Nashandra.gif withdrew Larissanha!<br></div><div class="battle-history">Nashandra.gif sent out Perfume (<strong>Spritzee</strong>)!<br></div><div class="battle-history"><small>Pointed stones dug into the opposing Perfume!</small><br></div><div class="spacer battle-history"><br></div><h2 class="battle-history">Turn 17</h2><div class="spacer battle-history"><br></div><div class="battle-history">Torchic used <strong>Protect</strong>!<br></div><div class="battle-history"><small>Torchic protected itself!</small><br></div><div class="spacer battle-history"><br></div><div class="battle-history">The opposing Perfume used <strong>Wish</strong>!<br></div><div class="spacer battle-history"><br></div><div class="battle-history"><small>[Torchic's Speed Boost]</small><br></div><div class="battle-history"><small>Torchic's Speed rose!</small><br></div><div class="spacer battle-history"><br></div><h2 class="battle-history">Turn 18</h2><div class="spacer battle-history"><br></div><div class="battle-history">Nashandra.gif withdrew Perfume!<br></div><div class="battle-history">Nashandra.gif sent out Larissanha (<strong>Carvanha</strong>)!<br></div><div class="battle-history"><small>Pointed stones dug into the opposing Larissanha!</small><br></div><div class="spacer battle-history"><br></div><div class="battle-history">Torchic used <strong>Curse</strong>!<br></div><div class="battle-history"><small>Torchic's Speed fell!</small><br></div><div class="battle-history"><small>Torchic's Attack rose!</small><br></div><div class="battle-history"><small>Torchic's Defense rose!</small><br></div><div class="spacer battle-history"><br></div><div class="battle-history"><small>Perfume's wish came true!</small><br></div><div class="battle-history"><small>[Torchic's Speed Boost]</small><br></div><div class="battle-history"><small>Torchic's Speed rose!</small><br></div><div class="spacer battle-history"><br></div><h2 class="battle-history">Turn 19</h2><div class="spacer battle-history"><br></div><div class="battle-history">Torchic used <strong>Protect</strong>!<br></div><div class="battle-history"><small>Torchic protected itself!</small><br></div><div class="spacer battle-history"><br></div><div class="battle-history">The opposing Larissanha is paralyzed! It can't move!<br></div><div class="spacer battle-history"><br></div><div class="battle-history"><small>[Torchic's Speed Boost]</small><br></div><div class="battle-history"><small>Torchic's Speed rose!</small><br></div><div class="battle-history"><small>[The opposing Larissanha's Speed Boost]</small><br></div><div class="battle-history"><small>The opposing Larissanha's Speed rose!</small><br></div><div class="spacer battle-history"><br></div><h2 class="battle-history">Turn 20</h2><div class="spacer battle-history"><br></div><div class="battle-history">Torchic used <strong>Baton Pass</strong>!<br></div><div class="spacer battle-history"><br></div><div class="battle-history">Go! <strong>Gible</strong>!<br></div><div class="battle-history"><small>Pointed stones dug into Gible!</small><br></div><div class="spacer battle-history"><br></div><div class="battle-history">The opposing Larissanha used <strong>Waterfall</strong>!<br></div><div class="battle-history"><small>(Gible lost <abbr title="−9/24">37.5%</abbr> of its health!)</small><br></div><div class="battle-history"><small>[Gible's Rough Skin]</small><br><small>The opposing Larissanha was hurt!</small><br></div><div class="battle-history"><small>The opposing Larissanha lost some of its HP!</small><br></div><div class="spacer battle-history"><br></div><div class="battle-history"><small>[The opposing Larissanha's Speed Boost]</small><br></div><div class="battle-history"><small>The opposing Larissanha's Speed rose!</small><br></div><div class="spacer battle-history"><br></div><h2 class="battle-history">Turn 21</h2><div class="spacer battle-history"><br></div><div class="battle-history">Gible used <strong>Earthquake</strong>!<br></div><div class="battle-history"><small>(The opposing Larissanha lost <abbr title="−12/21">57.1%</abbr> of its health!)</small><br></div><div class="spacer battle-history"><br></div><div class="battle-history">The opposing Larissanha fainted!<br></div><div class="spacer battle-history"><br></div><div class="battle-history">Nashandra.gif sent out Perfume (<strong>Spritzee</strong>)!<br></div><div class="battle-history"><small>Pointed stones dug into the opposing Perfume!</small><br></div><div class="spacer battle-history"><br></div><h2 class="battle-history">Turn 22</h2><div class="spacer battle-history"><br></div><div class="battle-history">Gible, come back!<br></div><div class="battle-history">Go! <strong>Pawniard</strong>!<br></div><div class="battle-history"><small>Pointed stones dug into Pawniard!</small><br></div><div class="spacer battle-history"><br></div><div class="battle-history">The opposing Perfume used <strong>Moonblast</strong>!<br></div><div class="battle-history"><small>(Pawniard lost <abbr title="−10/21">47.6%</abbr> of its health!)</small><br></div><div class="spacer battle-history"><br></div><h2 class="battle-history">Turn 23</h2><div class="spacer battle-history"><br></div><div class="battle-history">Pawniard used <strong>Knock Off</strong>!<br></div><div class="battle-history"><small>It's not very effective...</small><br></div><div class="battle-history"><small>(The opposing Perfume lost <abbr title="−5/27">18.5%</abbr> of its health!)</small><br></div><div class="battle-history"><small>Pawniard knocked off the opposing Perfume's Eviolite!</small><br></div><div class="spacer battle-history"><br></div><div class="battle-history">The opposing Perfume used <strong>Moonblast</strong>!<br></div><div class="battle-history"><small>(Pawniard lost <abbr title="−10/21">47.6%</abbr> of its health!)</small><br></div><div class="spacer battle-history"><br></div><div class="battle-history">Pawniard fainted!<br></div><div class="spacer battle-history"><br></div><div class="battle-history">Go! <strong>Porygon</strong>!<br></div><div class="battle-history"><small>Pointed stones dug into Porygon!</small><br></div><div class="spacer battle-history"><br></div><div class="battle-history">Porygon fainted!<br></div><div class="spacer battle-history"><br></div><div class="battle-history">Go! <strong>Torchic</strong>!<br></div><div class="battle-history"><small>Pointed stones dug into Torchic!</small><br></div><div class="spacer battle-history"><br></div><h2 class="battle-history">Turn 24</h2><div class="spacer battle-history"><br></div><div class="battle-history">Torchic used <strong>Protect</strong>!<br></div><div class="battle-history"><small>Torchic protected itself!</small><br></div><div class="spacer battle-history"><br></div><div class="battle-history">The opposing Perfume used <strong>Moonblast</strong>!<br></div><div class="battle-history"><small>Torchic protected itself!</small><br></div><div class="spacer battle-history"><br></div><div class="battle-history"><small>[Torchic's Speed Boost]</small><br></div><div class="battle-history"><small>Torchic's Speed rose!</small><br></div><div class="spacer battle-history"><br></div><h2 class="battle-history">Turn 25</h2><div class="chat"><small>Clarilla joined.</small></div><div class="chat chatmessage-clarilla"><strong style="color:hsl(229,87%,58.43725446281813%)"><small> </small><span class="username" data-name="Clarilla">Clarilla</span>:</strong> <em>oi</em></div><div class="spacer battle-history"><br></div><div class="battle-history">Torchic used <strong>Curse</strong>!<br></div><div class="battle-history"><small>Torchic's Speed fell!</small><br></div><div class="battle-history"><small>Torchic's Attack rose!</small><br></div><div class="battle-history"><small>Torchic's Defense rose!</small><br></div><div class="spacer battle-history"><br></div><div class="battle-history">The opposing Perfume used <strong>Wish</strong>!<br></div><div class="spacer battle-history"><br></div><div class="battle-history"><small>[Torchic's Speed Boost]</small><br></div><div class="battle-history"><small>Torchic's Speed rose!</small><br></div><div class="spacer battle-history"><br></div><h2 class="battle-history">Turn 26</h2><div class="chat chatmessage-xerereca"><strong style="color:hsl(350,84%,44.34595185283841%)"><small>★</small><span class="username" data-name="Xerereca">Xerereca</span>:</strong> <em>oi socorro</em></div><div class="spacer battle-history"><br></div><div class="battle-history">Torchic used <strong>Baton Pass</strong>!<br></div><div class="spacer battle-history"><br></div><div class="battle-history">Go! <strong>Staryu</strong>!<br></div><div class="battle-history"><small>Pointed stones dug into Staryu!</small><br></div><div class="spacer battle-history"><br></div><div class="battle-history">The opposing Perfume used <strong>Moonblast</strong>!<br></div><div class="battle-history"><small>(Staryu lost <abbr title="−8/20">40%</abbr> of its health!)</small><br></div><div class="spacer battle-history"><br></div><div class="battle-history">Staryu fainted!<br></div><div class="spacer battle-history"><br></div><div class="battle-history"><small>Perfume's wish came true!</small><br></div><div class="chat chatmessage-xerereca"><strong style="color:hsl(350,84%,44.34595185283841%)"><small>★</small><span class="username" data-name="Xerereca">Xerereca</span>:</strong> <em>ele vai ganhar</em></div><div class="spacer battle-history"><br></div><div class="battle-history">Go! <strong>Gible</strong>!<br></div><div class="battle-history"><small>Pointed stones dug into Gible!</small><br></div><div class="spacer battle-history"><br></div><h2 class="battle-history">Turn 27</h2><div class="spacer battle-history"><br></div><div class="battle-history">Gible used <strong>Earthquake</strong>!<br></div><div class="battle-history"><small>(The opposing Perfume lost <abbr title="−13/27">48.1%</abbr> of its health!)</small><br></div><div class="spacer battle-history"><br></div><div class="battle-history">The opposing Perfume used <strong>Moonblast</strong>!<br></div><div class="battle-history"><small>It's super effective!</small><br></div><div class="battle-history"><small>(Gible lost <abbr title="−10/24">41.7%</abbr> of its health!)</small><br></div><div class="spacer battle-history"><br></div><div class="battle-history">Gible fainted!<br></div><div class="spacer battle-history"><br></div><div class="battle-history">Go! <strong>Torchic</strong>!<br></div><div class="battle-history"><small>Pointed stones dug into Torchic!</small><br></div><div class="spacer battle-history"><br></div><h2 class="battle-history">Turn 28</h2><div class="chat chatmessage-xerereca"><strong style="color:hsl(350,84%,44.34595185283841%)"><small>★</small><span class="username" data-name="Xerereca">Xerereca</span>:</strong> <em>morta</em></div><div class="spacer battle-history"><br></div><div class="battle-history">Torchic used <strong>Protect</strong>!<br></div><div class="battle-history"><small>Torchic protected itself!</small><br></div><div class="spacer battle-history"><br></div><div class="battle-history">The opposing Perfume used <strong>Moonblast</strong>!<br></div><div class="battle-history"><small>Torchic protected itself!</small><br></div><div class="spacer battle-history"><br></div><div class="battle-history"><small>[Torchic's Speed Boost]</small><br></div><div class="battle-history"><small>Torchic's Speed rose!</small><br></div><div class="spacer battle-history"><br></div><h2 class="battle-history">Turn 29</h2><div class="chat chatmessage-clarilla"><strong style="color:hsl(229,87%,58.43725446281813%)"><small> </small><span class="username" data-name="Clarilla">Clarilla</span>:</strong> <em>o q matou seu foongus</em></div><div class="spacer battle-history"><br></div><div class="battle-history">Torchic used <strong>Protect</strong>!<br></div><div class="battle-history"><small>But it failed!</small><br></div><div class="spacer battle-history"><br></div><div class="battle-history">The opposing Perfume used <strong>Moonblast</strong>!<br></div><div class="battle-history"><small>It's not very effective...</small><br></div><div class="battle-history"><small>(Torchic lost <abbr title="−4/21">19.0%</abbr> of its health!)</small><br></div><div class="spacer battle-history"><br></div><div class="battle-history"><small>[Torchic's Speed Boost]</small><br></div><div class="battle-history"><small>Torchic's Speed rose!</small><br></div><div class="spacer battle-history"><br></div><h2 class="battle-history">Turn 30</h2><div class="chat chatmessage-xerereca"><strong style="color:hsl(350,84%,44.34595185283841%)"><small>★</small><span class="username" data-name="Xerereca">Xerereca</span>:</strong> <em>foi no começo</em></div><div class="chat chatmessage-xerereca"><strong style="color:hsl(350,84%,44.34595185283841%)"><small>★</small><span class="username" data-name="Xerereca">Xerereca</span>:</strong> <em>fdptice dele</em></div><div class="chat chatmessage-xerereca"><strong style="color:hsl(350,84%,44.34595185283841%)"><small>★</small><span class="username" data-name="Xerereca">Xerereca</span>:</strong> <em>nao lembro</em></div><div class="chat chatmessage-clarilla"><strong style="color:hsl(229,87%,58.43725446281813%)"><small> </small><span class="username" data-name="Clarilla">Clarilla</span>:</strong> <em>trash</em></div><div class="spacer battle-history"><br></div><div class="battle-history">Nashandra.gif withdrew Perfume!<br></div><div class="battle-history">Nashandra.gif sent out Mariana Lopes (<strong>Nosepass</strong>)!<br></div><div class="battle-history"><small>Pointed stones dug into the opposing Mariana Lopes!</small><br></div><div class="spacer battle-history"><br></div><div class="battle-history">Torchic used <strong>Protect</strong>!<br></div><div class="battle-history"><small>But it failed!</small><br></div><div class="spacer battle-history"><br></div><div class="battle-history"><small>[Torchic's Speed Boost]</small><br></div><div class="battle-history"><small>Torchic's Speed rose!</small><br></div><div class="spacer battle-history"><br></div><h2 class="battle-history">Turn 31</h2><div class="spacer battle-history"><br></div><div class="battle-history">Torchic used <strong>Baton Pass</strong>!<br></div><div class="battle-history"><small>But it failed!</small><br></div><div class="spacer battle-history"><br></div><div class="battle-history">The opposing Mariana Lopes used <strong>Rock Slide</strong>!<br></div><div class="battle-history"><small>It's super effective!</small><br></div><div class="battle-history"><small>(Torchic lost <abbr title="−2/21">9.5%</abbr> of its health!)</small><br></div><div class="spacer battle-history"><br></div><div class="battle-history">Torchic fainted!<br></div><div class="spacer battle-history"><br></div><div class="battle-history"><strong>Nashandra.gif</strong> won the battle!<br></div><div class="chat chatmessage-xerereca"><strong style="color:hsl(350,84%,44.34595185283841%)"><small>★</small><span class="username" data-name="Xerereca">Xerereca</span>:</strong> <em>flop</em></div><div class="chat chatmessage-clarilla"><strong style="color:hsl(229,87%,58.43725446281813%)"><small> </small><span class="username" data-name="Clarilla">Clarilla</span>:</strong> <em>ok vendo</em></div></div><div class="inner-preempt"></div></div></div>
</div>
<script>
let daily = Math.floor(Date.now()/1000/60/60/24);document.write('<script src="https://play.pokemonshowdown.com/js/replay-embed.js?version'+daily+'"></'+'script>');
</script>
