<!DOCTYPE html>
<meta charset="utf-8" />
<!-- version 1 -->
<title>LC replay: ShinyHinoarashi vs. Vin Madness</title>
<style>
html,body {font-family:Verdana, sans-serif;font-size:10pt;margin:0;padding:0;}body{padding:12px 0;} .battle-log {font-family:Verdana, sans-serif;font-size:10pt;} .battle-log-inline {border:1px solid #AAAAAA;background:#EEF2F5;color:black;max-width:640px;margin:0 auto 80px;padding-bottom:5px;} .battle-log .inner {padding:4px 8px 0px 8px;} .battle-log .inner-preempt {padding:0 8px 4px 8px;} .battle-log .inner-after {margin-top:0.5em;} .battle-log h2 {margin:0.5em -8px;padding:4px 8px;border:1px solid #AAAAAA;background:#E0E7EA;border-left:0;border-right:0;font-family:Verdana, sans-serif;font-size:13pt;} .battle-log .chat {vertical-align:middle;padding:3px 0 3px 0;font-size:8pt;} .battle-log .chat strong {color:#40576A;} .battle-log .chat em {padding:1px 4px 1px 3px;color:#000000;font-style:normal;} .chat.mine {background:rgba(0,0,0,0.05);margin-left:-8px;margin-right:-8px;padding-left:8px;padding-right:8px;} .spoiler {color:#BBBBBB;background:#BBBBBB;padding:0px 3px;} .spoiler:hover, .spoiler:active, .spoiler-shown {color:#000000;background:#E2E2E2;padding:0px 3px;} .spoiler a {color:#BBBBBB;} .spoiler:hover a, .spoiler:active a, .spoiler-shown a {color:#2288CC;} .chat code, .chat .spoiler:hover code, .chat .spoiler:active code, .chat .spoiler-shown code {border:1px solid #C0C0C0;background:#EEEEEE;color:black;padding:0 2px;} .chat .spoiler code {border:1px solid #CCCCCC;background:#CCCCCC;color:#CCCCCC;} .battle-log .rated {padding:3px 4px;} .battle-log .rated strong {color:white;background:#89A;padding:1px 4px;border-radius:4px;} .spacer {margin-top:0.5em;} .message-announce {background:#6688AA;color:white;padding:1px 4px 2px;} .message-announce a, .broadcast-green a, .broadcast-blue a, .broadcast-red a {color:#DDEEFF;} .broadcast-green {background-color:#559955;color:white;padding:2px 4px;} .broadcast-blue {background-color:#6688AA;color:white;padding:2px 4px;} .infobox {border:1px solid #6688AA;padding:2px 4px;} .infobox-limited {max-height:200px;overflow:auto;overflow-x:hidden;} .broadcast-red {background-color:#AA5544;color:white;padding:2px 4px;} .message-learn-canlearn {font-weight:bold;color:#228822;text-decoration:underline;} .message-learn-cannotlearn {font-weight:bold;color:#CC2222;text-decoration:underline;} .message-effect-weak {font-weight:bold;color:#CC2222;} .message-effect-resist {font-weight:bold;color:#6688AA;} .message-effect-immune {font-weight:bold;color:#666666;} .message-learn-list {margin-top:0;margin-bottom:0;} .message-throttle-notice, .message-error {color:#992222;} .message-overflow, .chat small.message-overflow {font-size:0pt;} .message-overflow::before {font-size:9pt;content:'...';} .subtle {color:#3A4A66;}
</style>
<div class="wrapper replay-wrapper" style="max-width:1180px;margin:0 auto">
<input type="hidden" name="replayid" value="lc-484581467" />
<div class="battle"></div><div class="battle-log"></div><div class="replay-controls"></div><div class="replay-controls-2"></div>
<h1 style="font-weight:normal;text-align:center"><strong>LC</strong><br /><a href="http://pokemonshowdown.com/users/shinyhinoarashi" class="subtle" target="_blank">ShinyHinoarashi</a> vs. <a href="http://pokemonshowdown.com/users/vinmadness" class="subtle" target="_blank">Vin Madness</a></h1>
<script type="text/plain" class="battle-log-data">|j|ShinyHinoarashi
|j|Vin Madness
|player|p1|ShinyHinoarashi|169
|player|p2|Vin Madness|1
|gametype|singles
|gen|6
|tier|LC
|rated
|seed|18908,46401,29825,20819
|clearpoke
|poke|p1|Cubone, L5, F|item
|poke|p1|Spinarak, L5, M|item
|poke|p1|Pawniard, L5, F|item
|poke|p1|Mantyke, L5, F|item
|poke|p1|Pumpkaboo-*, L5, F, shiny|item
|poke|p1|Chinchou, L5, M|item
|poke|p2|Elekid, L5, F|item
|poke|p2|Onix, L5, M|item
|poke|p2|Fletchling, L5, F|
|poke|p2|Wailmer, L5, M|item
|poke|p2|Pawniard, L5, F|item
|poke|p2|Amaura, L5, M|item
|rule|Sleep Clause Mod: Limit one foe put to sleep
|rule|Species Clause: Limit one of each Pokémon
|rule|OHKO Clause: OHKO moves are banned
|rule|Moody Clause: Moody is banned
|rule|Evasion Moves Clause: Evasion moves are banned
|rule|Endless Battle Clause: Forcing endless battles is banned
|rule|HP Percentage Mod: HP is shown in percentages
|teampreview
|c|★Vin Madness|HF
|c|★ShinyHinoarashi|u2
|choice|team 5, team 2, team 3, team 4, team 1, team 6|team 2, team 1, team 3, team 4, team 5, team 6
|
|start
|switch|p1a: Harvest Moon|Pumpkaboo-Super, L5, F, shiny|25\/25
|switch|p2a: Onix|Onix, L5, M|21\/21
|-item|p2a: Onix|Berry Juice|[from] ability: Frisk|[of] p1a: Harvest Moon|[identify]
|turn|1
|c|★Vin Madness|Oh no.
|c|★Vin Madness|The one person I hoped I wouldn't fight.
|choice|move bulletseed|move stealthrock
|
|move|p2a: Onix|Stealth Rock|p1a: Harvest Moon
|-sidestart|p1: ShinyHinoarashi|move: Stealth Rock
|move|p1a: Harvest Moon|Bullet Seed|p2a: Onix
|-supereffective|p2a: Onix
|-damage|p2a: Onix|9\/21
|-enditem|p2a: Onix|Berry Juice
|-heal|p2a: Onix|21\/21|[from] item: Berry Juice
|-supereffective|p2a: Onix
|-damage|p2a: Onix|9\/21
|-hitcount|p2a: Onix|2
|
|turn|2
|choice|move bulletseed|switch 3
|
|switch|p2a: Smogonflame|Fletchling, L5, F|23\/23
|move|p1a: Harvest Moon|Bullet Seed|p2a: Smogonflame
|-resisted|p2a: Smogonflame
|-damage|p2a: Smogonflame|21\/23
|-resisted|p2a: Smogonflame
|-damage|p2a: Smogonflame|19\/23
|-resisted|p2a: Smogonflame
|-damage|p2a: Smogonflame|17\/23
|-hitcount|p2a: Smogonflame|3
|
|turn|3
|choice|move willowisp|move acrobatics
|
|move|p2a: Smogonflame|Acrobatics|p1a: Harvest Moon
|-supereffective|p1a: Harvest Moon
|-damage|p1a: Harvest Moon|5\/25
|move|p1a: Harvest Moon|Will-O-Wisp|p2a: Smogonflame
|-status|p2a: Smogonflame|brn
|
|-damage|p2a: Smogonflame|15\/23 brn|[from] brn
|turn|4
|choice|switch 4|move acrobatics
|
|switch|p1a: Sinbad|Mantyke, L5, F|24\/24
|-damage|p1a: Sinbad|18\/24|[from] Stealth Rock
|move|p2a: Smogonflame|Acrobatics|p1a: Sinbad
|-damage|p1a: Sinbad|12\/24
|
|-damage|p2a: Smogonflame|13\/23 brn|[from] brn
|turn|5
|choice|move hydropump|move acrobatics
|
|move|p2a: Smogonflame|Acrobatics|p1a: Sinbad
|-damage|p1a: Sinbad|7\/24
|move|p1a: Sinbad|Hydro Pump|p2a: Smogonflame|[miss]
|-miss|p1a: Sinbad|p2a: Smogonflame
|
|-damage|p2a: Smogonflame|11\/23 brn|[from] brn
|turn|6
|choice|move airslash|move acrobatics
|
|move|p2a: Smogonflame|Acrobatics|p1a: Sinbad
|-damage|p1a: Sinbad|1\/24
|move|p1a: Sinbad|Air Slash|p2a: Smogonflame
|-damage|p2a: Smogonflame|0 fnt
|faint|p2a: Smogonflame
|
|choice||switch 4
|
|switch|p2a: Wailmer|Wailmer, L5, M|30\/30
|turn|7
|choice|move airslash|move icebeam
|
|move|p2a: Wailmer|Ice Beam|p1a: Sinbad
|-damage|p1a: Sinbad|0 fnt
|faint|p1a: Sinbad
|
|choice|switch 3|
|
|switch|p1a: Galavant|Pawniard, L5, F|21\/21
|-damage|p1a: Galavant|20\/21|[from] Stealth Rock
|turn|8
|choice|move swordsdance|switch 3
|
|switch|p2a: Onix|Onix, L5, M|9\/21
|move|p1a: Galavant|Swords Dance|p1a: Galavant
|-boost|p1a: Galavant|atk|2
|
|turn|9
|choice|switch 4|move stealthrock
|
|switch|p1a: Harvest Moon|Pumpkaboo-Super, L5, F, shiny|5\/25
|-damage|p1a: Harvest Moon|2\/25|[from] Stealth Rock
|move|p2a: Onix|Stealth Rock|p1a: Harvest Moon
|-fail|p1a: Harvest Moon
|
|turn|10
|choice|move synthesis|move earthquake
|
|move|p2a: Onix|Earthquake|p1a: Harvest Moon
|-resisted|p1a: Harvest Moon
|-damage|p1a: Harvest Moon|0 fnt
|faint|p1a: Harvest Moon
|
|choice|switch 2|
|
|switch|p1a: Interwebs|Spinarak, L5, M|20\/20
|-damage|p1a: Interwebs|15\/20|[from] Stealth Rock
|turn|11
|choice|move stickyweb|move rockblast
|
|move|p2a: Onix|Rock Blast|p1a: Interwebs
|-supereffective|p1a: Interwebs
|-damage|p1a: Interwebs|7\/20
|-supereffective|p1a: Interwebs
|-damage|p1a: Interwebs|0 fnt
|-hitcount|p1a: Interwebs|2
|faint|p1a: Interwebs
|
|-message|ShinyHinoarashi forfeited.
|
|win|Vin Madness
|player|p1
|player|p2
|l|ShinyHinoarashi
||Ladder (probably) updated, but score could not be retrieved (Response not received).
|l|Vin Madness
|j|Vin Madness</script>
</div>
<div class="battle-log battle-log-inline"><div class="inner"><div class="battle-options"></div><div class="inner"><div class="chat"><small>ShinyHinoarashi joined.</small></div><div class="chat"><small>Vin Madness joined.</small></div><div class=""><small>Format:</small> <br><strong>LC</strong></div><div class="rated"><strong>Rated battle</strong></div><div class=""><small><em>Sleep Clause Mod:</em> Limit one foe put to sleep</small></div><div class=""><small><em>Species Clause:</em> Limit one of each Pokémon</small></div><div class=""><small><em>OHKO Clause:</em> OHKO moves are banned</small></div><div class=""><small><em>Moody Clause:</em> Moody is banned</small></div><div class=""><small><em>Evasion Moves Clause:</em> Evasion moves are banned</small></div><div class=""><small><em>Endless Battle Clause:</em> Forcing endless battles is banned</small></div><div class=""><small><em>HP Percentage Mod:</em> HP is shown in percentages</small></div><div class="chat battle-history"><strong>ShinyHinoarashi's team:</strong> <em style="color:#445566;display:block;">Cubone / Spinarak / Pawniard / Mantyke / Pumpkaboo-* / Chinchou</em></div><div class="chat battle-history"><strong>Vin Madness's team:</strong> <em style="color:#445566;display:block;">Elekid / Onix / Fletchling / Wailmer / Pawniard / Amaura</em></div><div class="chat chatmessage-vinmadness"><strong style="color:hsl(329,41%,51.84724666166009%)"><small>★</small><span class="username" data-name="Vin Madness">Vin Madness</span>:</strong> <em>HF</em></div><div class="chat chatmessage-shinyhinoarashi"><strong style="color:hsl(326,65%,47%)"><small>★</small><span class="username" data-name="ShinyHinoarashi">ShinyHinoarashi</span>:</strong> <em>u2</em></div><div class="spacer battle-history"><br></div><div class="battle-history">Battle started between ShinyHinoarashi and Vin Madness!<br></div><div class="spacer battle-history"><br></div><div class="battle-history">Go! Harvest Moon (<strong>Pumpkaboo-Super</strong>)!<br></div><div class="spacer battle-history"><br></div><div class="battle-history">Vin Madness sent out <strong>Onix</strong>!<br></div><div class="battle-history"><small>[Harvest Moon's Frisk]</small><br><small>Harvest Moon frisked the opposing Onix and found its Berry Juice!</small><br></div><div class="spacer battle-history"><br></div><h2 class="battle-history">Turn 1</h2><div class="chat chatmessage-vinmadness"><strong style="color:hsl(329,41%,51.84724666166009%)"><small>★</small><span class="username" data-name="Vin Madness">Vin Madness</span>:</strong> <em>Oh no.</em></div><div class="chat chatmessage-vinmadness"><strong style="color:hsl(329,41%,51.84724666166009%)"><small>★</small><span class="username" data-name="Vin Madness">Vin Madness</span>:</strong> <em>The one person I hoped I wouldn't fight.</em></div><div class="spacer battle-history"><br></div><div class="battle-history">The opposing Onix used <strong>Stealth Rock</strong>!<br></div><div class="battle-history"><small>Pointed stones float in the air around your team!</small><br></div><div class="spacer battle-history"><br></div><div class="battle-history">Harvest Moon used <strong>Bullet Seed</strong>!<br></div><div class="battle-history"><small>It's super effective!</small><br></div><div class="battle-history"><small>(The opposing Onix lost <abbr title="−12/21">57.1%</abbr> of its health!)</small><br></div><div class="battle-history"><small>(The opposing Onix used its Berry Juice!)</small><br></div><div class="battle-history"><small>The opposing Onix restored HP using its Berry Juice!</small><br></div><div class="battle-history"><small>It's super effective!</small><br></div><div class="battle-history"><small>(The opposing Onix lost <abbr title="−12/21">57.1%</abbr> of its health!)</small><br></div><div class="battle-history"><small>Hit 2 times!</small><br></div><div class="spacer battle-history"><br></div><h2 class="battle-history">Turn 2</h2><div class="spacer battle-history"><br></div><div class="battle-history">Vin Madness withdrew Onix!<br></div><div class="battle-history">Vin Madness sent out Smogonflame (<strong>Fletchling</strong>)!<br></div><div class="spacer battle-history"><br></div><div class="battle-history">Harvest Moon used <strong>Bullet Seed</strong>!<br></div><div class="battle-history"><small>It's not very effective...</small><br></div><div class="battle-history"><small>(The opposing Smogonflame lost <abbr title="−2/23">8.7%</abbr> of its health!)</small><br></div><div class="battle-history"><small>It's not very effective...</small><br></div><div class="battle-history"><small>(The opposing Smogonflame lost <abbr title="−2/23">8.7%</abbr> of its health!)</small><br></div><div class="battle-history"><small>It's not very effective...</small><br></div><div class="battle-history"><small>(The opposing Smogonflame lost <abbr title="−2/23">8.7%</abbr> of its health!)</small><br></div><div class="battle-history"><small>Hit 3 times!</small><br></div><div class="spacer battle-history"><br></div><h2 class="battle-history">Turn 3</h2><div class="spacer battle-history"><br></div><div class="battle-history">The opposing Smogonflame used <strong>Acrobatics</strong>!<br></div><div class="battle-history"><small>It's super effective!</small><br></div><div class="battle-history"><small>(Harvest Moon lost <abbr title="−20/25">80%</abbr> of its health!)</small><br></div><div class="spacer battle-history"><br></div><div class="battle-history">Harvest Moon used <strong>Will-O-Wisp</strong>!<br></div><div class="battle-history"><small>The opposing Smogonflame was burned!</small><br></div><div class="spacer battle-history"><br></div><div class="battle-history"><small>The opposing Smogonflame was hurt by its burn!</small><br></div><div class="spacer battle-history"><br></div><h2 class="battle-history">Turn 4</h2><div class="spacer battle-history"><br></div><div class="battle-history">Harvest Moon, come back!<br></div><div class="battle-history">Go! Sinbad (<strong>Mantyke</strong>)!<br></div><div class="battle-history"><small>Pointed stones dug into Sinbad!</small><br></div><div class="spacer battle-history"><br></div><div class="battle-history">The opposing Smogonflame used <strong>Acrobatics</strong>!<br></div><div class="battle-history"><small>(Sinbad lost <abbr title="−6/24">25%</abbr> of its health!)</small><br></div><div class="spacer battle-history"><br></div><div class="battle-history"><small>The opposing Smogonflame was hurt by its burn!</small><br></div><div class="spacer battle-history"><br></div><h2 class="battle-history">Turn 5</h2><div class="spacer battle-history"><br></div><div class="battle-history">The opposing Smogonflame used <strong>Acrobatics</strong>!<br></div><div class="battle-history"><small>(Sinbad lost <abbr title="−5/24">20.8%</abbr> of its health!)</small><br></div><div class="spacer battle-history"><br></div><div class="battle-history">Sinbad used <strong>Hydro Pump</strong>!<br></div><div class="battle-history"><small>The opposing Smogonflame avoided the attack!</small><br></div><div class="spacer battle-history"><br></div><div class="battle-history"><small>The opposing Smogonflame was hurt by its burn!</small><br></div><div class="spacer battle-history"><br></div><h2 class="battle-history">Turn 6</h2><div class="spacer battle-history"><br></div><div class="battle-history">The opposing Smogonflame used <strong>Acrobatics</strong>!<br></div><div class="battle-history"><small>(Sinbad lost <abbr title="−6/24">25%</abbr> of its health!)</small><br></div><div class="spacer battle-history"><br></div><div class="battle-history">Sinbad used <strong>Air Slash</strong>!<br></div><div class="battle-history"><small>(The opposing Smogonflame lost <abbr title="−11/23">47.8%</abbr> of its health!)</small><br></div><div class="spacer battle-history"><br></div><div class="battle-history">The opposing Smogonflame fainted!<br></div><div class="spacer battle-history"><br></div><div class="battle-history">Vin Madness sent out <strong>Wailmer</strong>!<br></div><div class="spacer battle-history"><br></div><h2 class="battle-history">Turn 7</h2><div class="spacer battle-history"><br></div><div class="battle-history">The opposing Wailmer used <strong>Ice Beam</strong>!<br></div><div class="battle-history"><small>(Sinbad lost <abbr title="−1/24">4.2%</abbr> of its health!)</small><br></div><div class="spacer battle-history"><br></div><div class="battle-history">Sinbad fainted!<br></div><div class="spacer battle-history"><br></div><div class="battle-history">Go! Galavant (<strong>Pawniard</strong>)!<br></div><div class="battle-history"><small>Pointed stones dug into Galavant!</small><br></div><div class="spacer battle-history"><br></div><h2 class="battle-history">Turn 8</h2><div class="spacer battle-history"><br></div><div class="battle-history">Vin Madness withdrew Wailmer!<br></div><div class="battle-history">Vin Madness sent out <strong>Onix</strong>!<br></div><div class="spacer battle-history"><br></div><div class="battle-history">Galavant used <strong>Swords Dance</strong>!<br></div><div class="battle-history"><small>Galavant's Attack rose sharply!</small><br></div><div class="spacer battle-history"><br></div><h2 class="battle-history">Turn 9</h2><div class="spacer battle-history"><br></div><div class="battle-history">Galavant, come back!<br></div><div class="battle-history">Go! Harvest Moon (<strong>Pumpkaboo-Super</strong>)!<br></div><div class="battle-history"><small>Pointed stones dug into Harvest Moon!</small><br></div><div class="spacer battle-history"><br></div><div class="battle-history">The opposing Onix used <strong>Stealth Rock</strong>!<br></div><div class="battle-history"><small>But it failed!</small><br></div><div class="spacer battle-history"><br></div><h2 class="battle-history">Turn 10</h2><div class="spacer battle-history"><br></div><div class="battle-history">The opposing Onix used <strong>Earthquake</strong>!<br></div><div class="battle-history"><small>It's not very effective...</small><br></div><div class="battle-history"><small>(Harvest Moon lost <abbr title="−2/25">8%</abbr> of its health!)</small><br></div><div class="spacer battle-history"><br></div><div class="battle-history">Harvest Moon fainted!<br></div><div class="spacer battle-history"><br></div><div class="battle-history">Go! Interwebs (<strong>Spinarak</strong>)!<br></div><div class="battle-history"><small>Pointed stones dug into Interwebs!</small><br></div><div class="spacer battle-history"><br></div><h2 class="battle-history">Turn 11</h2><div class="spacer battle-history"><br></div><div class="battle-history">The opposing Onix used <strong>Rock Blast</strong>!<br></div><div class="battle-history"><small>It's super effective!</small><br></div><div class="battle-history"><small>(Interwebs lost <abbr title="−8/20">40%</abbr> of its health!)</small><br></div><div class="battle-history"><small>It's super effective!</small><br></div><div class="battle-history"><small>(Interwebs lost <abbr title="−7/20">35%</abbr> of its health!)</small><br></div><div class="battle-history"><small>Hit 2 times!</small><br></div><div class="spacer battle-history"><br></div><div class="battle-history">Interwebs fainted!<br></div><div class="spacer battle-history"><br></div><div class="battle-history"><small>ShinyHinoarashi forfeited.</small><br></div><div class="spacer battle-history"><br></div><div class="battle-history"><strong>Vin Madness</strong> won the battle!<br></div><div class="chat"><small>ShinyHinoarashi left.</small></div><div class="chat">Ladder (probably) updated, but score could not be retrieved (Response not received).</div><div class="chat"><small>Vin Madness left.</small></div><div class="chat"><small>Vin Madness joined.</small></div></div><div class="inner-preempt"></div></div></div>
</div>
<script>
let daily = Math.floor(Date.now()/1000/60/60/24);document.write('<script src="https://play.pokemonshowdown.com/js/replay-embed.js?version'+daily+'"></'+'script>');
</script>
