<!DOCTYPE html>
<meta charset="utf-8" />
<!-- version 1 -->
<title>LC replay: calciumacetate vs. SaucyButter</title>
<style>
html,body {font-family:Verdana, sans-serif;font-size:10pt;margin:0;padding:0;}body{padding:12px 0;} .battle-log {font-family:Verdana, sans-serif;font-size:10pt;} .battle-log-inline {border:1px solid #AAAAAA;background:#EEF2F5;color:black;max-width:640px;margin:0 auto 80px;padding-bottom:5px;} .battle-log .inner {padding:4px 8px 0px 8px;} .battle-log .inner-preempt {padding:0 8px 4px 8px;} .battle-log .inner-after {margin-top:0.5em;} .battle-log h2 {margin:0.5em -8px;padding:4px 8px;border:1px solid #AAAAAA;background:#E0E7EA;border-left:0;border-right:0;font-family:Verdana, sans-serif;font-size:13pt;} .battle-log .chat {vertical-align:middle;padding:3px 0 3px 0;font-size:8pt;} .battle-log .chat strong {color:#40576A;} .battle-log .chat em {padding:1px 4px 1px 3px;color:#000000;font-style:normal;} .chat.mine {background:rgba(0,0,0,0.05);margin-left:-8px;margin-right:-8px;padding-left:8px;padding-right:8px;} .spoiler {color:#BBBBBB;background:#BBBBBB;padding:0px 3px;} .spoiler:hover, .spoiler:active, .spoiler-shown {color:#000000;background:#E2E2E2;padding:0px 3px;} .spoiler a {color:#BBBBBB;} .spoiler:hover a, .spoiler:active a, .spoiler-shown a {color:#2288CC;} .chat code, .chat .spoiler:hover code, .chat .spoiler:active code, .chat .spoiler-shown code {border:1px solid #C0C0C0;background:#EEEEEE;color:black;padding:0 2px;} .chat .spoiler code {border:1px solid #CCCCCC;background:#CCCCCC;color:#CCCCCC;} .battle-log .rated {padding:3px 4px;} .battle-log .rated strong {color:white;background:#89A;padding:1px 4px;border-radius:4px;} .spacer {margin-top:0.5em;} .message-announce {background:#6688AA;color:white;padding:1px 4px 2px;} .message-announce a, .broadcast-green a, .broadcast-blue a, .broadcast-red a {color:#DDEEFF;} .broadcast-green {background-color:#559955;color:white;padding:2px 4px;} .broadcast-blue {background-color:#6688AA;color:white;padding:2px 4px;} .infobox {border:1px solid #6688AA;padding:2px 4px;} .infobox-limited {max-height:200px;overflow:auto;overflow-x:hidden;} .broadcast-red {background-color:#AA5544;color:white;padding:2px 4px;} .message-learn-canlearn {font-weight:bold;color:#228822;text-decoration:underline;} .message-learn-cannotlearn {font-weight:bold;color:#CC2222;text-decoration:underline;} .message-effect-weak {font-weight:bold;color:#CC2222;} .message-effect-resist {font-weight:bold;color:#6688AA;} .message-effect-immune {font-weight:bold;color:#666666;} .message-learn-list {margin-top:0;margin-bottom:0;} .message-throttle-notice, .message-error {color:#992222;} .message-overflow, .chat small.message-overflow {font-size:0pt;} .message-overflow::before {font-size:9pt;content:'...';} .subtle {color:#3A4A66;}
</style>
<div class="wrapper replay-wrapper" style="max-width:1180px;margin:0 auto">
<input type="hidden" name="replayid" value="lc-489129920" />
<div class="battle"></div><div class="battle-log"></div><div class="replay-controls"></div><div class="replay-controls-2"></div>
<h1 style="font-weight:normal;text-align:center"><strong>LC</strong><br /><a href="http://pokemonshowdown.com/users/calciumacetate" class="subtle" target="_blank">calciumacetate</a> vs. <a href="http://pokemonshowdown.com/users/saucybutter" class="subtle" target="_blank">SaucyButter</a></h1>
<script type="text/plain" class="battle-log-data">|j|calciumacetate
|j|SaucyButter
|player|p1|calciumacetate|152
|player|p2|SaucyButter|169
|gametype|singles
|gen|6
|tier|LC
|seed|40587,54299,33071,46027
|clearpoke
|poke|p1|Vullaby, L5, F|item
|poke|p1|Tirtouga, L5, M|item
|poke|p1|Voltorb, L5, shiny|item
|poke|p1|Archen, L5, F|item
|poke|p1|Skiddo, L5, M|item
|poke|p1|Larvesta, L5, M|item
|poke|p2|Pancham, L5, F|item
|poke|p2|Aron, L5, M|item
|poke|p2|Foongus, L5, M|item
|poke|p2|Togepi, L5, M|item
|poke|p2|Diglett, L5, F|item
|poke|p2|Staryu, L5|item
|rule|Sleep Clause Mod: Limit one foe put to sleep
|rule|Species Clause: Limit one of each Pokémon
|rule|OHKO Clause: OHKO moves are banned
|rule|Moody Clause: Moody is banned
|rule|Evasion Moves Clause: Evasion moves are banned
|rule|Endless Battle Clause: Forcing endless battles is banned
|rule|HP Percentage Mod: HP is shown in percentages
|teampreview
|c|★calciumacetate|gl hf
|c|★SaucyButter|hi
|choice|team 3, team 2, team 1, team 4, team 5, team 6|team 4, team 2, team 3, team 1, team 5, team 6
|
|start
|switch|p1a: Voltorb|Voltorb, L5, shiny|20\/20
|switch|p2a: The Eggman|Togepi, L5, M|23\/23
|turn|1
|choice|move taunt|move nastyplot
|
|move|p1a: Voltorb|Taunt|p2a: The Eggman
|-start|p2a: The Eggman|move: Taunt
|cant|p2a: The Eggman|move: Taunt|Nasty Plot
|
|turn|2
|choice|move hiddenpower|switch 3
|
|switch|p2a: *insert witty name|Foongus, L5, M|25\/25
|move|p1a: Voltorb|Hidden Power|p2a: *insert witty name
|-supereffective|p2a: *insert witty name
|-damage|p2a: *insert witty name|15\/25
|-damage|p1a: Voltorb|18\/20|[from] item: Life Orb
|
|turn|3
|j|tazerz95
|choice|move voltswitch|move spore
|
|move|p1a: Voltorb|Volt Switch|p2a: *insert witty name
|-resisted|p2a: *insert witty name
|-damage|p2a: *insert witty name|11\/25
|-damage|p1a: Voltorb|16\/20|[from] item: Life Orb
|choice|switch 3|
|
|switch|p1a: Vullaby|Vullaby, L5, F|25\/25
|move|p2a: *insert witty name|Spore|p1a: Vullaby
|-immune|p1a: Vullaby|[msg]|[from] ability: Overcoat
|
|turn|4
|c|★SaucyButter|good read
|choice|move knockoff|switch 3
|
|switch|p2a: The Eggman|Togepi, L5, M|23\/23
|move|p1a: Vullaby|Knock Off|p2a: The Eggman
|-resisted|p2a: The Eggman
|-damage|p2a: The Eggman|20\/23
|-enditem|p2a: The Eggman|Eviolite|[from] move: Knock Off|[of] p1a: Vullaby
|
|turn|5
|choice|switch 6|move fireblast
|
|switch|p1a: Larvesta|Larvesta, L5, M|23\/23
|move|p2a: The Eggman|Fire Blast|p1a: Larvesta
|-damage|p1a: Larvesta|15\/23
|
|turn|6
|choice|move uturn|move fireblast
|
|move|p1a: Larvesta|U-turn|p2a: The Eggman
|-resisted|p2a: The Eggman
|-damage|p2a: The Eggman|15\/23
|choice|switch 2|
|
|switch|p1a: Tirtouga|Tirtouga, L5, M|23\/23
|move|p2a: The Eggman|Fire Blast|p1a: Tirtouga
|-resisted|p1a: Tirtouga
|-crit|p1a: Tirtouga
|-damage|p1a: Tirtouga|21\/23
|
|turn|7
|choice|move stealthrock|switch 4
|
|switch|p2a: Juvenile Jack Blak|Pancham, L5, F|23\/23
|move|p1a: Tirtouga|Stealth Rock|p2a: Juvenile Jack Blak
|-sidestart|p2: SaucyButter|move: Stealth Rock
|
|turn|8
|choice|switch 5|move drainpunch
|
|switch|p1a: Skiddo|Skiddo, L5, M|23\/23
|move|p2a: Juvenile Jack Blak|Drain Punch|p1a: Skiddo
|-damage|p1a: Skiddo|13\/23
|
|turn|9
|choice|move hornleech|move gunkshot
|
|move|p1a: Skiddo|Horn Leech|p2a: Juvenile Jack Blak
|-damage|p2a: Juvenile Jack Blak|16\/23
|-heal|p1a: Skiddo|17\/23|[from] drain|[of] p2a: Juvenile Jack Blak
|move|p2a: Juvenile Jack Blak|Gunk Shot|p1a: Skiddo
|-supereffective|p1a: Skiddo
|-damage|p1a: Skiddo|0 fnt
|faint|p1a: Skiddo
|
|choice|switch 2|
|
|switch|p1a: Larvesta|Larvesta, L5, M|15\/23
|turn|10
|choice|move flareblitz|switch 5
|
|switch|p2a: P. Diggy|Diglett, L5, F|18\/18
|-damage|p2a: P. Diggy|17\/18|[from] Stealth Rock
|move|p1a: Larvesta|Flare Blitz|p2a: P. Diggy
|-damage|p2a: P. Diggy|0 fnt
|-damage|p1a: Larvesta|9\/23|[from] recoil|[of] p2a: P. Diggy
|faint|p2a: P. Diggy
|
|choice||switch 2
|
|switch|p2a: Aaron the Aron|Aron, L5, M|21\/21
|-damage|p2a: Aaron the Aron|20\/21|[from] Stealth Rock
|turn|11
|choice|move flareblitz|move rockslide
|
|move|p1a: Larvesta|Flare Blitz|p2a: Aaron the Aron
|-damage|p2a: Aaron the Aron|5\/21
|-damage|p1a: Larvesta|4\/23|[from] recoil|[of] p2a: Aaron the Aron
|-enditem|p2a: Aaron the Aron|Berry Juice
|-heal|p2a: Aaron the Aron|21\/21|[from] item: Berry Juice
|move|p2a: Aaron the Aron|Rock Slide|p1a: Larvesta
|-supereffective|p1a: Larvesta
|-crit|p1a: Larvesta
|-damage|p1a: Larvesta|0 fnt
|faint|p1a: Larvesta
|
|j|hunterboyz24
|choice|switch 5|
|
|switch|p1a: Tirtouga|Tirtouga, L5, M|21\/23
|turn|12
|choice|move scald|switch 5
|
|switch|p2a: Juvenile Jack Blak|Pancham, L5, F|16\/23
|-damage|p2a: Juvenile Jack Blak|15\/23|[from] Stealth Rock
|move|p1a: Tirtouga|Scald|p2a: Juvenile Jack Blak
|-damage|p2a: Juvenile Jack Blak|9\/23
|
|turn|13
|j|Haunt
|choice|move scald|move drainpunch
|
|move|p2a: Juvenile Jack Blak|Drain Punch|p1a: Tirtouga
|-supereffective|p1a: Tirtouga
|-damage|p1a: Tirtouga|12\/23
|-heal|p2a: Juvenile Jack Blak|14\/23|[from] drain|[of] p1a: Tirtouga
|move|p1a: Tirtouga|Scald|p2a: Juvenile Jack Blak
|-damage|p2a: Juvenile Jack Blak|8\/23
|-status|p2a: Juvenile Jack Blak|brn
|
|-damage|p2a: Juvenile Jack Blak|6\/23 brn|[from] brn
|turn|14
|c| Haunt|lezzgo jack black
|choice|move scald|move partingshot
|
|move|p2a: Juvenile Jack Blak|Parting Shot|p1a: Tirtouga
|-unboost|p1a: Tirtouga|atk|1
|-unboost|p1a: Tirtouga|spa|1
|c| tazerz95|That's a tanky turtle right there
|choice||switch 3
|
|switch|p2a: *insert witty name|Foongus, L5, M|19\/25
|-damage|p2a: *insert witty name|16\/25|[from] Stealth Rock
|move|p1a: Tirtouga|Scald|p2a: *insert witty name
|-resisted|p2a: *insert witty name
|-crit|p2a: *insert witty name
|-damage|p2a: *insert witty name|12\/25
|-status|p2a: *insert witty name|brn
|
|-damage|p2a: *insert witty name|9\/25 brn|[from] brn
|turn|15
|c| Haunt|RIP
|j|Devoman
|choice|move stoneedge|move gigadrain
|
|move|p2a: *insert witty name|Giga Drain|p1a: Tirtouga
|-supereffective|p1a: Tirtouga
|-damage|p1a: Tirtouga|0 fnt
|-heal|p2a: *insert witty name|15\/25 brn|[from] drain|[of] p1a: Tirtouga
|faint|p1a: Tirtouga
|
|-damage|p2a: *insert witty name|12\/25 brn|[from] brn
|choice|switch 4|
|
|switch|p1a: Archen|Archen, L5, F|23\/23
|turn|16
|choice|move earthquake|switch 6
|
|switch|p2a: You da real star<3|Staryu, L5|19\/19
|-damage|p2a: You da real star<3|17\/19|[from] Stealth Rock
|move|p1a: Archen|Earthquake|p2a: You da real star<3
|-damage|p2a: You da real star<3|5\/19
|
|turn|17
|choice|switch 6|move icebeam
|
|switch|p1a: Vullaby|Vullaby, L5, F|25\/25
|move|p2a: You da real star<3|Ice Beam|p1a: Vullaby
|-supereffective|p1a: Vullaby
|-damage|p1a: Vullaby|9\/25
|-damage|p2a: You da real star<3|4\/19|[from] item: Life Orb
|
|turn|18
|c| tazerz95|rip
|choice|move roost|switch 4
|
|switch|p2a: The Eggman|Togepi, L5, M|15\/23
|-damage|p2a: The Eggman|13\/23|[from] Stealth Rock
|move|p1a: Vullaby|Roost|p1a: Vullaby
|-heal|p1a: Vullaby|22\/25
|
|turn|19
|choice|move bravebird|move dazzlinggleam
|
|move|p1a: Vullaby|Brave Bird|p2a: The Eggman
|-damage|p2a: The Eggman|1\/23
|-damage|p1a: Vullaby|18\/25|[from] recoil|[of] p2a: The Eggman
|move|p2a: The Eggman|Dazzling Gleam|p1a: Vullaby
|-supereffective|p1a: Vullaby
|-damage|p1a: Vullaby|6\/25
|
|turn|20
|choice|move bravebird|move dazzlinggleam
|
|move|p1a: Vullaby|Brave Bird|p2a: The Eggman
|-damage|p2a: The Eggman|0 fnt
|-damage|p1a: Vullaby|5\/25|[from] recoil|[of] p2a: The Eggman
|faint|p2a: The Eggman
|
|choice||switch 4
|
|switch|p2a: You da real star<3|Staryu, L5|4\/19
|-damage|p2a: You da real star<3|2\/19|[from] Stealth Rock
|turn|21
|c| tazerz95|this battle is a roller coaster of emotions
|choice|move roost|move icebeam
|
|move|p2a: You da real star<3|Ice Beam|p1a: Vullaby
|-supereffective|p1a: Vullaby
|-damage|p1a: Vullaby|0 fnt
|-damage|p2a: You da real star<3|1\/19|[from] item: Life Orb
|faint|p1a: Vullaby
|
|choice|switch 3|
|
|switch|p1a: Voltorb|Voltorb, L5, shiny|16\/20
|turn|22
|c| Haunt|It's something
|c| hunterboyz24|I think of it more like a glass case
|c| hunterboyz24|of emotions
|choice|move voltswitch|move hydropump
|
|move|p1a: Voltorb|Volt Switch|p2a: You da real star<3
|-supereffective|p2a: You da real star<3
|-damage|p2a: You da real star<3|0 fnt
|-damage|p1a: Voltorb|14\/20|[from] item: Life Orb
|faint|p2a: You da real star<3
|choice|switch 6|
|
|switch|p1a: Archen|Archen, L5, F|23\/23
|
|choice||switch 5
|
|switch|p2a: Aaron the Aron|Aron, L5, M|21\/21
|-damage|p2a: Aaron the Aron|20\/21|[from] Stealth Rock
|turn|23
|choice|move earthquake|move heavyslam
|
|move|p1a: Archen|Earthquake|p2a: Aaron the Aron
|-supereffective|p2a: Aaron the Aron
|-damage|p2a: Aaron the Aron|0 fnt
|faint|p2a: Aaron the Aron
|
|c|★SaucyButter|oh dear
|choice||switch 6
|
|switch|p2a: *insert witty name|Foongus, L5, M|20\/25 brn
|-damage|p2a: *insert witty name|17\/25 brn|[from] Stealth Rock
|turn|24
|c|★calciumacetate|My hearts racing lol
|choice|move acrobatics|move spore
|
|move|p1a: Archen|Acrobatics|p2a: *insert witty name
|-supereffective|p2a: *insert witty name
|-damage|p2a: *insert witty name|3\/25 brn
|move|p2a: *insert witty name|Spore|p1a: Archen
|-status|p1a: Archen|slp
|
|-damage|p2a: *insert witty name|0 fnt|[from] brn
|faint|p2a: *insert witty name
|c| Haunt|It's in the bag
|c| tazerz95|oh damn
|choice||switch 3
|
|switch|p2a: Juvenile Jack Blak|Pancham, L5, F|6\/23 brn
|-damage|p2a: Juvenile Jack Blak|5\/23 brn|[from] Stealth Rock
|turn|25
|c| Haunt|CHAM CHAM CHAM
|c| Haunt|CHAM CHAM CHAM
|choice|move acrobatics|move drainpunch
|
|cant|p1a: Archen|slp
|move|p2a: Juvenile Jack Blak|Drain Punch|p1a: Archen
|-damage|p1a: Archen|17\/23 slp
|-heal|p2a: Juvenile Jack Blak|8\/23 brn|[from] drain|[of] p1a: Archen
|
|-damage|p2a: Juvenile Jack Blak|6\/23 brn|[from] brn
|turn|26
|c| Haunt|Just needs to lseep
|c| Haunt|sleep
|c| Haunt|for like five turns
|c| hunterboyz24|schleep
|choice|move acrobatics|move drainpunch
|
|-curestatus|p1a: Archen|slp|[msg]
|move|p1a: Archen|Acrobatics|p2a: Juvenile Jack Blak
|-supereffective|p2a: Juvenile Jack Blak
|-crit|p2a: Juvenile Jack Blak
|-damage|p2a: Juvenile Jack Blak|0 fnt
|faint|p2a: Juvenile Jack Blak
|
|win|calciumacetate
|player|p1
|player|p2
|c| hunterboyz24|rip
|c| Haunt|rip
|c|★calciumacetate|wooo
|c|★SaucyButter|welp i tried
|c|★calciumacetate|GG saucy
|c| Haunt|It's alright man
|c| Haunt|First game
|c| Haunt|It goes on
|c|★SaucyButter|I'll get the replay
|c|★SaucyButter|gg tho
|c|★calciumacetate|That was a good match
|c| Haunt|Unfortunate burn on the gus
|l|Devoman
|c|★SaucyButter|ya did good
|c|★SaucyButter|better than me
|c|★calciumacetate|I'll have to make a sacrifice to rngesus for that
|l|calciumacetate
|l|hunterboyz24
|l|Haunt
|j|calciumacetate</script>
</div>
<div class="battle-log battle-log-inline"><div class="inner"><div class="battle-options"></div><div class="inner"><div class="chat"><small>calciumacetate joined.</small></div><div class="chat"><small>SaucyButter joined.</small></div><div class=""><small>Format:</small> <br><strong>LC</strong></div><div class=""><small><em>Sleep Clause Mod:</em> Limit one foe put to sleep</small></div><div class=""><small><em>Species Clause:</em> Limit one of each Pokémon</small></div><div class=""><small><em>OHKO Clause:</em> OHKO moves are banned</small></div><div class=""><small><em>Moody Clause:</em> Moody is banned</small></div><div class=""><small><em>Evasion Moves Clause:</em> Evasion moves are banned</small></div><div class=""><small><em>Endless Battle Clause:</em> Forcing endless battles is banned</small></div><div class=""><small><em>HP Percentage Mod:</em> HP is shown in percentages</small></div><div class="chat battle-history"><strong>calciumacetate's team:</strong> <em style="color:#445566;display:block;">Vullaby / Tirtouga / Voltorb / Archen / Skiddo / Larvesta</em></div><div class="chat battle-history"><strong>SaucyButter's team:</strong> <em style="color:#445566;display:block;">Pancham / Aron / Foongus / Togepi / Diglett / Staryu</em></div><div class="chat chatmessage-calciumacetate"><strong style="color:hsl(65,69%,35%)"><small>★</small><span class="username" data-name="calciumacetate">calciumacetate</span>:</strong> <em>gl hf</em></div><div class="chat chatmessage-saucybutter"><strong style="color:hsl(230,77%,59.76869188921489%)"><small>★</small><span class="username" data-name="SaucyButter">SaucyButter</span>:</strong> <em>hi</em></div><div class="spacer battle-history"><br></div><div class="battle-history">Battle started between calciumacetate and SaucyButter!<br></div><div class="spacer battle-history"><br></div><div class="battle-history">Go! <strong>Voltorb</strong>!<br></div><div class="spacer battle-history"><br></div><div class="battle-history">SaucyButter sent out The Eggman (<strong>Togepi</strong>)!<br></div><div class="spacer battle-history"><br></div><h2 class="battle-history">Turn 1</h2><div class="spacer battle-history"><br></div><div class="battle-history">Voltorb used <strong>Taunt</strong>!<br></div><div class="battle-history"><small>The opposing The Eggman fell for the taunt!</small><br></div><div class="spacer battle-history"><br></div><div class="battle-history">The opposing The Eggman can't use Nasty Plot after the taunt!<br></div><div class="spacer battle-history"><br></div><h2 class="battle-history">Turn 2</h2><div class="spacer battle-history"><br></div><div class="battle-history">SaucyButter withdrew The Eggman!<br></div><div class="battle-history">SaucyButter sent out *insert witty name (<strong>Foongus</strong>)!<br></div><div class="spacer battle-history"><br></div><div class="battle-history">Voltorb used <strong>Hidden Power</strong>!<br></div><div class="battle-history"><small>It's super effective!</small><br></div><div class="battle-history"><small>(The opposing *insert witty name lost <abbr title="−10/25">40%</abbr> of its health!)</small><br></div><div class="battle-history"><small>Voltorb lost some of its HP!</small><br></div><div class="spacer battle-history"><br></div><h2 class="battle-history">Turn 3</h2><div class="chat"><small>tazerz95 joined.</small></div><div class="spacer battle-history"><br></div><div class="battle-history">Voltorb used <strong>Volt Switch</strong>!<br></div><div class="battle-history"><small>It's not very effective...</small><br></div><div class="battle-history"><small>(The opposing *insert witty name lost <abbr title="−4/25">16%</abbr> of its health!)</small><br></div><div class="battle-history"><small>Voltorb lost some of its HP!</small><br></div><div class="spacer battle-history"><br></div><div class="battle-history">Voltorb went back to calciumacetate!<br></div><div class="battle-history">Go! <strong>Vullaby</strong>!<br></div><div class="spacer battle-history"><br></div><div class="battle-history">The opposing *insert witty name used <strong>Spore</strong>!<br></div><div class="battle-history"><small>[Vullaby's Overcoat]</small><br><small>It doesn't affect Vullaby...</small><br></div><div class="spacer battle-history"><br></div><h2 class="battle-history">Turn 4</h2><div class="chat chatmessage-saucybutter"><strong style="color:hsl(230,77%,59.76869188921489%)"><small>★</small><span class="username" data-name="SaucyButter">SaucyButter</span>:</strong> <em>good read</em></div><div class="spacer battle-history"><br></div><div class="battle-history">SaucyButter withdrew *insert witty name!<br></div><div class="battle-history">SaucyButter sent out The Eggman (<strong>Togepi</strong>)!<br></div><div class="spacer battle-history"><br></div><div class="battle-history">Vullaby used <strong>Knock Off</strong>!<br></div><div class="battle-history"><small>It's not very effective...</small><br></div><div class="battle-history"><small>(The opposing The Eggman lost <abbr title="−3/23">13.0%</abbr> of its health!)</small><br></div><div class="battle-history"><small>Vullaby knocked off the opposing The Eggman's Eviolite!</small><br></div><div class="spacer battle-history"><br></div><h2 class="battle-history">Turn 5</h2><div class="spacer battle-history"><br></div><div class="battle-history">Vullaby, come back!<br></div><div class="battle-history">Go! <strong>Larvesta</strong>!<br></div><div class="spacer battle-history"><br></div><div class="battle-history">The opposing The Eggman used <strong>Fire Blast</strong>!<br></div><div class="battle-history"><small>(Larvesta lost <abbr title="−8/23">34.8%</abbr> of its health!)</small><br></div><div class="spacer battle-history"><br></div><h2 class="battle-history">Turn 6</h2><div class="spacer battle-history"><br></div><div class="battle-history">Larvesta used <strong>U-turn</strong>!<br></div><div class="battle-history"><small>It's not very effective...</small><br></div><div class="battle-history"><small>(The opposing The Eggman lost <abbr title="−5/23">21.7%</abbr> of its health!)</small><br></div><div class="spacer battle-history"><br></div><div class="battle-history">Larvesta went back to calciumacetate!<br></div><div class="battle-history">Go! <strong>Tirtouga</strong>!<br></div><div class="spacer battle-history"><br></div><div class="battle-history">The opposing The Eggman used <strong>Fire Blast</strong>!<br></div><div class="battle-history"><small>It's not very effective...</small><br></div><div class="battle-history"><small>A critical hit!</small><br></div><div class="battle-history"><small>(Tirtouga lost <abbr title="−2/23">8.7%</abbr> of its health!)</small><br></div><div class="spacer battle-history"><br></div><h2 class="battle-history">Turn 7</h2><div class="spacer battle-history"><br></div><div class="battle-history">SaucyButter withdrew The Eggman!<br></div><div class="battle-history">SaucyButter sent out Juvenile Jack Blak (<strong>Pancham</strong>)!<br></div><div class="spacer battle-history"><br></div><div class="battle-history">Tirtouga used <strong>Stealth Rock</strong>!<br></div><div class="battle-history"><small>Pointed stones float in the air around the opposing team!</small><br></div><div class="spacer battle-history"><br></div><h2 class="battle-history">Turn 8</h2><div class="spacer battle-history"><br></div><div class="battle-history">Tirtouga, come back!<br></div><div class="battle-history">Go! <strong>Skiddo</strong>!<br></div><div class="spacer battle-history"><br></div><div class="battle-history">The opposing Juvenile Jack Blak used <strong>Drain Punch</strong>!<br></div><div class="battle-history"><small>(Skiddo lost <abbr title="−10/23">43.5%</abbr> of its health!)</small><br></div><div class="spacer battle-history"><br></div><h2 class="battle-history">Turn 9</h2><div class="spacer battle-history"><br></div><div class="battle-history">Skiddo used <strong>Horn Leech</strong>!<br></div><div class="battle-history"><small>(The opposing Juvenile Jack Blak lost <abbr title="−7/23">30.4%</abbr> of its health!)</small><br></div><div class="battle-history"><small>The opposing Juvenile Jack Blak had its energy drained!</small><br></div><div class="spacer battle-history"><br></div><div class="battle-history">The opposing Juvenile Jack Blak used <strong>Gunk Shot</strong>!<br></div><div class="battle-history"><small>It's super effective!</small><br></div><div class="battle-history"><small>(Skiddo lost <abbr title="−17/23">73.9%</abbr> of its health!)</small><br></div><div class="spacer battle-history"><br></div><div class="battle-history">Skiddo fainted!<br></div><div class="spacer battle-history"><br></div><div class="battle-history">Go! <strong>Larvesta</strong>!<br></div><div class="spacer battle-history"><br></div><h2 class="battle-history">Turn 10</h2><div class="spacer battle-history"><br></div><div class="battle-history">SaucyButter withdrew Juvenile Jack Blak!<br></div><div class="battle-history">SaucyButter sent out P. Diggy (<strong>Diglett</strong>)!<br></div><div class="battle-history"><small>Pointed stones dug into the opposing P. Diggy!</small><br></div><div class="spacer battle-history"><br></div><div class="battle-history">Larvesta used <strong>Flare Blitz</strong>!<br></div><div class="battle-history"><small>(The opposing P. Diggy lost <abbr title="−17/18">94.4%</abbr> of its health!)</small><br></div><div class="battle-history"><small>Larvesta is damaged by the recoil!</small><br></div><div class="spacer battle-history"><br></div><div class="battle-history">The opposing P. Diggy fainted!<br></div><div class="spacer battle-history"><br></div><div class="battle-history">SaucyButter sent out Aaron the Aron (<strong>Aron</strong>)!<br></div><div class="battle-history"><small>Pointed stones dug into the opposing Aaron the Aron!</small><br></div><div class="spacer battle-history"><br></div><h2 class="battle-history">Turn 11</h2><div class="spacer battle-history"><br></div><div class="battle-history">Larvesta used <strong>Flare Blitz</strong>!<br></div><div class="battle-history"><small>(The opposing Aaron the Aron lost <abbr title="−15/21">71.4%</abbr> of its health!)</small><br></div><div class="battle-history"><small>Larvesta is damaged by the recoil!</small><br></div><div class="battle-history"><small>(The opposing Aaron the Aron used its Berry Juice!)</small><br></div><div class="battle-history"><small>The opposing Aaron the Aron restored HP using its Berry Juice!</small><br></div><div class="spacer battle-history"><br></div><div class="battle-history">The opposing Aaron the Aron used <strong>Rock Slide</strong>!<br></div><div class="battle-history"><small>It's super effective!</small><br></div><div class="battle-history"><small>A critical hit!</small><br></div><div class="battle-history"><small>(Larvesta lost <abbr title="−4/23">17.4%</abbr> of its health!)</small><br></div><div class="spacer battle-history"><br></div><div class="battle-history">Larvesta fainted!<br></div><div class="chat"><small>hunterboyz24 joined.</small></div><div class="spacer battle-history"><br></div><div class="battle-history">Go! <strong>Tirtouga</strong>!<br></div><div class="spacer battle-history"><br></div><h2 class="battle-history">Turn 12</h2><div class="spacer battle-history"><br></div><div class="battle-history">SaucyButter withdrew Aaron the Aron!<br></div><div class="battle-history">SaucyButter sent out Juvenile Jack Blak (<strong>Pancham</strong>)!<br></div><div class="battle-history"><small>Pointed stones dug into the opposing Juvenile Jack Blak!</small><br></div><div class="spacer battle-history"><br></div><div class="battle-history">Tirtouga used <strong>Scald</strong>!<br></div><div class="battle-history"><small>(The opposing Juvenile Jack Blak lost <abbr title="−6/23">26.1%</abbr> of its health!)</small><br></div><div class="spacer battle-history"><br></div><h2 class="battle-history">Turn 13</h2><div class="chat"><small>Haunt joined.</small></div><div class="spacer battle-history"><br></div><div class="battle-history">The opposing Juvenile Jack Blak used <strong>Drain Punch</strong>!<br></div><div class="battle-history"><small>It's super effective!</small><br></div><div class="battle-history"><small>(Tirtouga lost <abbr title="−9/23">39.1%</abbr> of its health!)</small><br></div><div class="battle-history"><small>Tirtouga had its energy drained!</small><br></div><div class="spacer battle-history"><br></div><div class="battle-history">Tirtouga used <strong>Scald</strong>!<br></div><div class="battle-history"><small>(The opposing Juvenile Jack Blak lost <abbr title="−6/23">26.1%</abbr> of its health!)</small><br></div><div class="battle-history"><small>The opposing Juvenile Jack Blak was burned!</small><br></div><div class="spacer battle-history"><br></div><div class="battle-history"><small>The opposing Juvenile Jack Blak was hurt by its burn!</small><br></div><div class="spacer battle-history"><br></div><h2 class="battle-history">Turn 14</h2><div class="chat chatmessage-haunt"><strong style="color:hsl(322,72%,43.8302968676323%)"><small> </small><span class="username" data-name="Haunt">Haunt</span>:</strong> <em>lezzgo jack black</em></div><div class="spacer battle-history"><br></div><div class="battle-history">The opposing Juvenile Jack Blak used <strong>Parting Shot</strong>!<br></div><div class="battle-history"><small>Tirtouga's Attack fell!</small><br></div><div class="battle-history"><small>Tirtouga's Special Attack fell!</small><br></div><div class="chat chatmessage-tazerz95"><strong style="color:hsl(67,75%,31%)"><small> </small><span class="username" data-name="tazerz95">tazerz95</span>:</strong> <em>That's a tanky turtle right there</em></div><div class="spacer battle-history"><br></div><div class="battle-history">SaucyButter withdrew Juvenile Jack Blak!<br></div><div class="battle-history">SaucyButter sent out *insert witty name (<strong>Foongus</strong>)!<br></div><div class="battle-history"><small>Pointed stones dug into the opposing *insert witty name!</small><br></div><div class="spacer battle-history"><br></div><div class="battle-history">Tirtouga used <strong>Scald</strong>!<br></div><div class="battle-history"><small>It's not very effective...</small><br></div><div class="battle-history"><small>A critical hit!</small><br></div><div class="battle-history"><small>(The opposing *insert witty name lost <abbr title="−4/25">16%</abbr> of its health!)</small><br></div><div class="battle-history"><small>The opposing *insert witty name was burned!</small><br></div><div class="spacer battle-history"><br></div><div class="battle-history"><small>The opposing *insert witty name was hurt by its burn!</small><br></div><div class="spacer battle-history"><br></div><h2 class="battle-history">Turn 15</h2><div class="chat chatmessage-haunt"><strong style="color:hsl(322,72%,43.8302968676323%)"><small> </small><span class="username" data-name="Haunt">Haunt</span>:</strong> <em>RIP</em></div><div class="chat"><small>Devoman joined.</small></div><div class="spacer battle-history"><br></div><div class="battle-history">The opposing *insert witty name used <strong>Giga Drain</strong>!<br></div><div class="battle-history"><small>It's super effective!</small><br></div><div class="battle-history"><small>(Tirtouga lost <abbr title="−12/23">52.2%</abbr> of its health!)</small><br></div><div class="battle-history"><small>Tirtouga had its energy drained!</small><br></div><div class="spacer battle-history"><br></div><div class="battle-history">Tirtouga fainted!<br></div><div class="spacer battle-history"><br></div><div class="battle-history"><small>The opposing *insert witty name was hurt by its burn!</small><br></div><div class="spacer battle-history"><br></div><div class="battle-history">Go! <strong>Archen</strong>!<br></div><div class="spacer battle-history"><br></div><h2 class="battle-history">Turn 16</h2><div class="spacer battle-history"><br></div><div class="battle-history">SaucyButter withdrew *insert witty name!<br></div><div class="battle-history">SaucyButter sent out You da real star&lt;3 (<strong>Staryu</strong>)!<br></div><div class="battle-history"><small>Pointed stones dug into the opposing You da real star&lt;3!</small><br></div><div class="spacer battle-history"><br></div><div class="battle-history">Archen used <strong>Earthquake</strong>!<br></div><div class="battle-history"><small>(The opposing You da real star&lt;3 lost <abbr title="−12/19">63.2%</abbr> of its health!)</small><br></div><div class="spacer battle-history"><br></div><h2 class="battle-history">Turn 17</h2><div class="spacer battle-history"><br></div><div class="battle-history">Archen, come back!<br></div><div class="battle-history">Go! <strong>Vullaby</strong>!<br></div><div class="spacer battle-history"><br></div><div class="battle-history">The opposing You da real star&lt;3 used <strong>Ice Beam</strong>!<br></div><div class="battle-history"><small>It's super effective!</small><br></div><div class="battle-history"><small>(Vullaby lost <abbr title="−16/25">64%</abbr> of its health!)</small><br></div><div class="battle-history"><small>The opposing You da real star&lt;3 lost some of its HP!</small><br></div><div class="spacer battle-history"><br></div><h2 class="battle-history">Turn 18</h2><div class="chat chatmessage-tazerz95"><strong style="color:hsl(67,75%,31%)"><small> </small><span class="username" data-name="tazerz95">tazerz95</span>:</strong> <em>rip</em></div><div class="spacer battle-history"><br></div><div class="battle-history">SaucyButter withdrew You da real star&lt;3!<br></div><div class="battle-history">SaucyButter sent out The Eggman (<strong>Togepi</strong>)!<br></div><div class="battle-history"><small>Pointed stones dug into the opposing The Eggman!</small><br></div><div class="spacer battle-history"><br></div><div class="battle-history">Vullaby used <strong>Roost</strong>!<br></div><div class="battle-history"><small>Vullaby restored its HP.</small><br></div><div class="spacer battle-history"><br></div><h2 class="battle-history">Turn 19</h2><div class="spacer battle-history"><br></div><div class="battle-history">Vullaby used <strong>Brave Bird</strong>!<br></div><div class="battle-history"><small>(The opposing The Eggman lost <abbr title="−12/23">52.2%</abbr> of its health!)</small><br></div><div class="battle-history"><small>Vullaby is damaged by the recoil!</small><br></div><div class="spacer battle-history"><br></div><div class="battle-history">The opposing The Eggman used <strong>Dazzling Gleam</strong>!<br></div><div class="battle-history"><small>It's super effective!</small><br></div><div class="battle-history"><small>(Vullaby lost <abbr title="−12/25">48%</abbr> of its health!)</small><br></div><div class="spacer battle-history"><br></div><h2 class="battle-history">Turn 20</h2><div class="spacer battle-history"><br></div><div class="battle-history">Vullaby used <strong>Brave Bird</strong>!<br></div><div class="battle-history"><small>(The opposing The Eggman lost <abbr title="−1/23">4.3%</abbr> of its health!)</small><br></div><div class="battle-history"><small>Vullaby is damaged by the recoil!</small><br></div><div class="spacer battle-history"><br></div><div class="battle-history">The opposing The Eggman fainted!<br></div><div class="spacer battle-history"><br></div><div class="battle-history">SaucyButter sent out You da real star&lt;3 (<strong>Staryu</strong>)!<br></div><div class="battle-history"><small>Pointed stones dug into the opposing You da real star&lt;3!</small><br></div><div class="spacer battle-history"><br></div><h2 class="battle-history">Turn 21</h2><div class="chat chatmessage-tazerz95"><strong style="color:hsl(67,75%,31%)"><small> </small><span class="username" data-name="tazerz95">tazerz95</span>:</strong> <em>this battle is a roller coaster of emotions</em></div><div class="spacer battle-history"><br></div><div class="battle-history">The opposing You da real star&lt;3 used <strong>Ice Beam</strong>!<br></div><div class="battle-history"><small>It's super effective!</small><br></div><div class="battle-history"><small>(Vullaby lost <abbr title="−5/25">20%</abbr> of its health!)</small><br></div><div class="battle-history"><small>The opposing You da real star&lt;3 lost some of its HP!</small><br></div><div class="spacer battle-history"><br></div><div class="battle-history">Vullaby fainted!<br></div><div class="spacer battle-history"><br></div><div class="battle-history">Go! <strong>Voltorb</strong>!<br></div><div class="spacer battle-history"><br></div><h2 class="battle-history">Turn 22</h2><div class="chat chatmessage-haunt"><strong style="color:hsl(322,72%,43.8302968676323%)"><small> </small><span class="username" data-name="Haunt">Haunt</span>:</strong> <em>It's something</em></div><div class="chat chatmessage-hunterboyz24"><strong style="color:hsl(59,50%,33%)"><small> </small><span class="username" data-name="hunterboyz24">hunterboyz24</span>:</strong> <em>I think of it more like a glass case</em></div><div class="chat chatmessage-hunterboyz24"><strong style="color:hsl(59,50%,33%)"><small> </small><span class="username" data-name="hunterboyz24">hunterboyz24</span>:</strong> <em>of emotions</em></div><div class="spacer battle-history"><br></div><div class="battle-history">Voltorb used <strong>Volt Switch</strong>!<br></div><div class="battle-history"><small>It's super effective!</small><br></div><div class="battle-history"><small>(The opposing You da real star&lt;3 lost <abbr title="−1/19">5.3%</abbr> of its health!)</small><br></div><div class="battle-history"><small>Voltorb lost some of its HP!</small><br></div><div class="spacer battle-history"><br></div><div class="battle-history">The opposing You da real star&lt;3 fainted!<br></div><div class="spacer battle-history"><br></div><div class="battle-history">Voltorb went back to calciumacetate!<br></div><div class="battle-history">Go! <strong>Archen</strong>!<br></div><div class="spacer battle-history"><br></div><div class="battle-history">SaucyButter sent out Aaron the Aron (<strong>Aron</strong>)!<br></div><div class="battle-history"><small>Pointed stones dug into the opposing Aaron the Aron!</small><br></div><div class="spacer battle-history"><br></div><h2 class="battle-history">Turn 23</h2><div class="spacer battle-history"><br></div><div class="battle-history">Archen used <strong>Earthquake</strong>!<br></div><div class="battle-history"><small>It's super effective!</small><br></div><div class="battle-history"><small>(The opposing Aaron the Aron lost <abbr title="−20/21">95.2%</abbr> of its health!)</small><br></div><div class="spacer battle-history"><br></div><div class="battle-history">The opposing Aaron the Aron fainted!<br></div><div class="chat chatmessage-saucybutter"><strong style="color:hsl(230,77%,59.76869188921489%)"><small>★</small><span class="username" data-name="SaucyButter">SaucyButter</span>:</strong> <em>oh dear</em></div><div class="spacer battle-history"><br></div><div class="battle-history">SaucyButter sent out *insert witty name (<strong>Foongus</strong>)!<br></div><div class="battle-history"><small>Pointed stones dug into the opposing *insert witty name!</small><br></div><div class="spacer battle-history"><br></div><h2 class="battle-history">Turn 24</h2><div class="chat chatmessage-calciumacetate"><strong style="color:hsl(65,69%,35%)"><small>★</small><span class="username" data-name="calciumacetate">calciumacetate</span>:</strong> <em>My hearts racing lol</em></div><div class="spacer battle-history"><br></div><div class="battle-history">Archen used <strong>Acrobatics</strong>!<br></div><div class="battle-history"><small>It's super effective!</small><br></div><div class="battle-history"><small>(The opposing *insert witty name lost <abbr title="−14/25">56.0%</abbr> of its health!)</small><br></div><div class="spacer battle-history"><br></div><div class="battle-history">The opposing *insert witty name used <strong>Spore</strong>!<br></div><div class="battle-history"><small>Archen fell asleep!</small><br></div><div class="spacer battle-history"><br></div><div class="battle-history"><small>The opposing *insert witty name was hurt by its burn!</small><br></div><div class="spacer battle-history"><br></div><div class="battle-history">The opposing *insert witty name fainted!<br></div><div class="chat chatmessage-haunt"><strong style="color:hsl(322,72%,43.8302968676323%)"><small> </small><span class="username" data-name="Haunt">Haunt</span>:</strong> <em>It's in the bag</em></div><div class="chat chatmessage-tazerz95"><strong style="color:hsl(67,75%,31%)"><small> </small><span class="username" data-name="tazerz95">tazerz95</span>:</strong> <em>oh damn</em></div><div class="spacer battle-history"><br></div><div class="battle-history">SaucyButter sent out Juvenile Jack Blak (<strong>Pancham</strong>)!<br></div><div class="battle-history"><small>Pointed stones dug into the opposing Juvenile Jack Blak!</small><br></div><div class="spacer battle-history"><br></div><h2 class="battle-history">Turn 25</h2><div class="chat chatmessage-haunt"><strong style="color:hsl(322,72%,43.8302968676323%)"><small> </small><span class="username" data-name="Haunt">Haunt</span>:</strong> <em>CHAM CHAM CHAM</em></div><div class="chat chatmessage-haunt"><strong style="color:hsl(322,72%,43.8302968676323%)"><small> </small><span class="username" data-name="Haunt">Haunt</span>:</strong> <em>CHAM CHAM CHAM</em></div><div class="spacer battle-history"><br></div><div class="battle-history">Archen is fast asleep.<br></div><div class="spacer battle-history"><br></div><div class="battle-history">The opposing Juvenile Jack Blak used <strong>Drain Punch</strong>!<br></div><div class="battle-history"><small>(Archen lost <abbr title="−6/23">26.1%</abbr> of its health!)</small><br></div><div class="battle-history"><small>Archen had its energy drained!</small><br></div><div class="spacer battle-history"><br></div><div class="battle-history"><small>The opposing Juvenile Jack Blak was hurt by its burn!</small><br></div><div class="spacer battle-history"><br></div><h2 class="battle-history">Turn 26</h2><div class="chat chatmessage-haunt"><strong style="color:hsl(322,72%,43.8302968676323%)"><small> </small><span class="username" data-name="Haunt">Haunt</span>:</strong> <em>Just needs to lseep</em></div><div class="chat chatmessage-haunt"><strong style="color:hsl(322,72%,43.8302968676323%)"><small> </small><span class="username" data-name="Haunt">Haunt</span>:</strong> <em>sleep</em></div><div class="chat chatmessage-haunt"><strong style="color:hsl(322,72%,43.8302968676323%)"><small> </small><span class="username" data-name="Haunt">Haunt</span>:</strong> <em>for like five turns</em></div><div class="chat chatmessage-hunterboyz24"><strong style="color:hsl(59,50%,33%)"><small> </small><span class="username" data-name="hunterboyz24">hunterboyz24</span>:</strong> <em>schleep</em></div><div class="spacer battle-history"><br></div><div class="battle-history"><small>Archen woke up!</small><br></div><div class="spacer battle-history"><br></div><div class="battle-history">Archen used <strong>Acrobatics</strong>!<br></div><div class="battle-history"><small>It's super effective!</small><br></div><div class="battle-history"><small>A critical hit!</small><br></div><div class="battle-history"><small>(The opposing Juvenile Jack Blak lost <abbr title="−6/23">26.1%</abbr> of its health!)</small><br></div><div class="spacer battle-history"><br></div><div class="battle-history">The opposing Juvenile Jack Blak fainted!<br></div><div class="spacer battle-history"><br></div><div class="battle-history"><strong>calciumacetate</strong> won the battle!<br></div><div class="chat chatmessage-hunterboyz24"><strong style="color:hsl(59,50%,33%)"><small> </small><span class="username" data-name="hunterboyz24">hunterboyz24</span>:</strong> <em>rip</em></div><div class="chat chatmessage-haunt"><strong style="color:hsl(322,72%,43.8302968676323%)"><small> </small><span class="username" data-name="Haunt">Haunt</span>:</strong> <em>rip</em></div><div class="chat chatmessage-calciumacetate"><strong style="color:hsl(65,69%,35%)"><small>★</small><span class="username" data-name="calciumacetate">calciumacetate</span>:</strong> <em>wooo</em></div><div class="chat chatmessage-saucybutter"><strong style="color:hsl(230,77%,59.76869188921489%)"><small>★</small><span class="username" data-name="SaucyButter">SaucyButter</span>:</strong> <em>welp i tried</em></div><div class="chat chatmessage-calciumacetate"><strong style="color:hsl(65,69%,35%)"><small>★</small><span class="username" data-name="calciumacetate">calciumacetate</span>:</strong> <em>GG saucy</em></div><div class="chat chatmessage-haunt"><strong style="color:hsl(322,72%,43.8302968676323%)"><small> </small><span class="username" data-name="Haunt">Haunt</span>:</strong> <em>It's alright man</em></div><div class="chat chatmessage-haunt"><strong style="color:hsl(322,72%,43.8302968676323%)"><small> </small><span class="username" data-name="Haunt">Haunt</span>:</strong> <em>First game</em></div><div class="chat chatmessage-haunt"><strong style="color:hsl(322,72%,43.8302968676323%)"><small> </small><span class="username" data-name="Haunt">Haunt</span>:</strong> <em>It goes on</em></div><div class="chat chatmessage-saucybutter"><strong style="color:hsl(230,77%,59.76869188921489%)"><small>★</small><span class="username" data-name="SaucyButter">SaucyButter</span>:</strong> <em>I'll get the replay</em></div><div class="chat chatmessage-saucybutter"><strong style="color:hsl(230,77%,59.76869188921489%)"><small>★</small><span class="username" data-name="SaucyButter">SaucyButter</span>:</strong> <em>gg tho</em></div><div class="chat chatmessage-calciumacetate"><strong style="color:hsl(65,69%,35%)"><small>★</small><span class="username" data-name="calciumacetate">calciumacetate</span>:</strong> <em>That was a good match</em></div><div class="chat chatmessage-haunt"><strong style="color:hsl(322,72%,43.8302968676323%)"><small> </small><span class="username" data-name="Haunt">Haunt</span>:</strong> <em>Unfortunate burn on the gus</em></div><div class="chat"><small>Devoman left.</small></div><div class="chat chatmessage-saucybutter"><strong style="color:hsl(230,77%,59.76869188921489%)"><small>★</small><span class="username" data-name="SaucyButter">SaucyButter</span>:</strong> <em>ya did good</em></div><div class="chat chatmessage-saucybutter"><strong style="color:hsl(230,77%,59.76869188921489%)"><small>★</small><span class="username" data-name="SaucyButter">SaucyButter</span>:</strong> <em>better than me</em></div><div class="chat chatmessage-calciumacetate"><strong style="color:hsl(65,69%,35%)"><small>★</small><span class="username" data-name="calciumacetate">calciumacetate</span>:</strong> <em>I'll have to make a sacrifice to rngesus for that</em></div><div class="chat"><small>calciumacetate left.</small></div><div class="chat"><small>hunterboyz24 left.</small></div><div class="chat"><small>Haunt left.</small></div><div class="chat"><small>calciumacetate joined.</small></div></div><div class="inner-preempt"></div></div></div>
</div>
<script>
let daily = Math.floor(Date.now()/1000/60/60/24);document.write('<script src="https://play.pokemonshowdown.com/js/replay-embed.js?version'+daily+'"></'+'script>');
</script>
