<!DOCTYPE html>
<meta charset="utf-8" />
<!-- version 1 -->
<title>LC replay: Darklyzard vs. Vinz28</title>
<style>
html,body {font-family:Verdana, sans-serif;font-size:10pt;margin:0;padding:0;}body{padding:12px 0;} .battle-log {font-family:Verdana, sans-serif;font-size:10pt;} .battle-log-inline {border:1px solid #AAAAAA;background:#EEF2F5;color:black;max-width:640px;margin:0 auto 80px;padding-bottom:5px;} .battle-log .inner {padding:4px 8px 0px 8px;} .battle-log .inner-preempt {padding:0 8px 4px 8px;} .battle-log .inner-after {margin-top:0.5em;} .battle-log h2 {margin:0.5em -8px;padding:4px 8px;border:1px solid #AAAAAA;background:#E0E7EA;border-left:0;border-right:0;font-family:Verdana, sans-serif;font-size:13pt;} .battle-log .chat {vertical-align:middle;padding:3px 0 3px 0;font-size:8pt;} .battle-log .chat strong {color:#40576A;} .battle-log .chat em {padding:1px 4px 1px 3px;color:#000000;font-style:normal;} .chat.mine {background:rgba(0,0,0,0.05);margin-left:-8px;margin-right:-8px;padding-left:8px;padding-right:8px;} .spoiler {color:#BBBBBB;background:#BBBBBB;padding:0px 3px;} .spoiler:hover, .spoiler:active, .spoiler-shown {color:#000000;background:#E2E2E2;padding:0px 3px;} .spoiler a {color:#BBBBBB;} .spoiler:hover a, .spoiler:active a, .spoiler-shown a {color:#2288CC;} .chat code, .chat .spoiler:hover code, .chat .spoiler:active code, .chat .spoiler-shown code {border:1px solid #C0C0C0;background:#EEEEEE;color:black;padding:0 2px;} .chat .spoiler code {border:1px solid #CCCCCC;background:#CCCCCC;color:#CCCCCC;} .battle-log .rated {padding:3px 4px;} .battle-log .rated strong {color:white;background:#89A;padding:1px 4px;border-radius:4px;} .spacer {margin-top:0.5em;} .message-announce {background:#6688AA;color:white;padding:1px 4px 2px;} .message-announce a, .broadcast-green a, .broadcast-blue a, .broadcast-red a {color:#DDEEFF;} .broadcast-green {background-color:#559955;color:white;padding:2px 4px;} .broadcast-blue {background-color:#6688AA;color:white;padding:2px 4px;} .infobox {border:1px solid #6688AA;padding:2px 4px;} .infobox-limited {max-height:200px;overflow:auto;overflow-x:hidden;} .broadcast-red {background-color:#AA5544;color:white;padding:2px 4px;} .message-learn-canlearn {font-weight:bold;color:#228822;text-decoration:underline;} .message-learn-cannotlearn {font-weight:bold;color:#CC2222;text-decoration:underline;} .message-effect-weak {font-weight:bold;color:#CC2222;} .message-effect-resist {font-weight:bold;color:#6688AA;} .message-effect-immune {font-weight:bold;color:#666666;} .message-learn-list {margin-top:0;margin-bottom:0;} .message-throttle-notice, .message-error {color:#992222;} .message-overflow, .chat small.message-overflow {font-size:0pt;} .message-overflow::before {font-size:9pt;content:'...';} .subtle {color:#3A4A66;}
</style>
<div class="wrapper replay-wrapper" style="max-width:1180px;margin:0 auto">
<input type="hidden" name="replayid" value="lc-508680147" />
<div class="battle"></div><div class="battle-log"></div><div class="replay-controls"></div><div class="replay-controls-2"></div>
<h1 style="font-weight:normal;text-align:center"><strong>LC</strong><br /><a href="http://pokemonshowdown.com/users/darklyzard" class="subtle" target="_blank">Darklyzard</a> vs. <a href="http://pokemonshowdown.com/users/vinz28" class="subtle" target="_blank">Vinz28</a></h1>
<script type="text/plain" class="battle-log-data">|j|Darklyzard
|j|Vinz28
|player|p1|Darklyzard|266
|player|p2|Vinz28|87
|gametype|singles
|gen|6
|tier|LC
|seed|41773,37625,34131,23179
|clearpoke
|poke|p1|Dwebble, L5, M|item
|poke|p1|Porygon, L5|item
|poke|p1|Pawniard, L5, M|item
|poke|p1|Scraggy, L5, F|item
|poke|p1|Skrelp, L5, M|item
|poke|p1|Fletchling, L5, F|item
|poke|p2|Fletchling, L5, F|
|poke|p2|Magnemite, L5|item
|poke|p2|Mienfoo, L5, F|item
|poke|p2|Shellder, L5, M|item
|poke|p2|Pumpkaboo-*, L5, F|item
|poke|p2|Dwebble, L5, F|item
|rule|Sleep Clause Mod: Limit one foe put to sleep
|rule|Species Clause: Limit one of each Pokémon
|rule|OHKO Clause: OHKO moves are banned
|rule|Moody Clause: Moody is banned
|rule|Evasion Moves Clause: Evasion moves are banned
|rule|Endless Battle Clause: Forcing endless battles is banned
|rule|HP Percentage Mod: HP is shown in percentages
|teampreview
|c|★Darklyzard|gl
|choice|team 1, team 2, team 3, team 4, team 5, team 6|team 6, team 2, team 3, team 4, team 5, team 1
|
|start
|switch|p1a: Dwebble|Dwebble, L5, M|21\/21
|switch|p2a: Dwebble|Dwebble, L5, F|21\/21
|turn|1
|choice|move stealthrock|move stealthrock
|
|move|p1a: Dwebble|Stealth Rock|p2a: Dwebble
|-sidestart|p2: Vinz28|move: Stealth Rock
|move|p2a: Dwebble|Stealth Rock|p1a: Dwebble
|-sidestart|p1: Darklyzard|move: Stealth Rock
|
|upkeep
|turn|2
|choice|move knockoff|move rockblast
|
|move|p2a: Dwebble|Rock Blast|p1a: Dwebble
|-supereffective|p1a: Dwebble
|-damage|p1a: Dwebble|15\/21
|-supereffective|p1a: Dwebble
|-damage|p1a: Dwebble|9\/21
|-enditem|p1a: Dwebble|Berry Juice
|-heal|p1a: Dwebble|21\/21|[from] item: Berry Juice
|-hitcount|p1a: Dwebble|2
|move|p1a: Dwebble|Knock Off|p2a: Dwebble
|-damage|p2a: Dwebble|14\/21
|-enditem|p2a: Dwebble|Berry Juice|[from] move: Knock Off|[of] p1a: Dwebble
|
|upkeep
|turn|3
|choice|move rockblast|move rockblast
|
|move|p1a: Dwebble|Rock Blast|p2a: Dwebble
|-supereffective|p2a: Dwebble
|-damage|p2a: Dwebble|6\/21
|-supereffective|p2a: Dwebble
|-damage|p2a: Dwebble|0 fnt
|-hitcount|p2a: Dwebble|2
|faint|p2a: Dwebble
|
|upkeep
|choice||switch 2
|
|switch|p2a: Magnemite|Magnemite, L5|19\/19
|-damage|p2a: Magnemite|18\/19|[from] Stealth Rock
|turn|4
|choice|move knockoff|move voltswitch
|
|move|p2a: Magnemite|Volt Switch|p1a: Dwebble
|-damage|p1a: Dwebble|6\/21
|choice||switch 3
|
|switch|p2a: Mienfoo|Mienfoo, L5, F|21\/21
|-damage|p2a: Mienfoo|20\/21|[from] Stealth Rock
|move|p1a: Dwebble|Knock Off|p2a: Mienfoo
|-resisted|p2a: Mienfoo
|-damage|p2a: Mienfoo|17\/21
|-enditem|p2a: Mienfoo|Eviolite|[from] move: Knock Off|[of] p1a: Dwebble
|
|upkeep
|turn|5
|choice|move spikes|move stoneedge
|
|move|p2a: Mienfoo|Stone Edge|p1a: Dwebble
|-supereffective|p1a: Dwebble
|-crit|p1a: Dwebble
|-damage|p1a: Dwebble|0 fnt
|faint|p1a: Dwebble
|
|upkeep
|choice|switch 6|
|
|switch|p1a: Fletchling|Fletchling, L5, F|21\/21
|-damage|p1a: Fletchling|16\/21|[from] Stealth Rock
|turn|6
|choice|move overheat|move knockoff
|
|move|p2a: Mienfoo|Knock Off|p1a: Fletchling
|-damage|p1a: Fletchling|9\/21
|-enditem|p1a: Fletchling|Eviolite|[from] move: Knock Off|[of] p2a: Mienfoo
|move|p1a: Fletchling|Overheat|p2a: Mienfoo
|-damage|p2a: Mienfoo|6\/21
|-unboost|p1a: Fletchling|spa|2
|
|upkeep
|turn|7
|choice|move acrobatics|switch 4
|
|switch|p2a: Shellder|Shellder, L5, M|20\/20
|-damage|p2a: Shellder|18\/20|[from] Stealth Rock
|move|p1a: Fletchling|Acrobatics|p2a: Shellder
|-damage|p2a: Shellder|9\/20
|
|upkeep
|turn|8
|choice|move acrobatics|move iceshard
|
|move|p1a: Fletchling|Acrobatics|p2a: Shellder
|-damage|p2a: Shellder|0 fnt
|faint|p2a: Shellder
|
|upkeep
|choice||switch 3
|
|switch|p2a: Magnemite|Magnemite, L5|18\/19
|-damage|p2a: Magnemite|17\/19|[from] Stealth Rock
|turn|9
|choice|switch 2|move voltswitch
|
|switch|p1a: Porygon|Porygon, L5|25\/25
|-damage|p1a: Porygon|22\/25|[from] Stealth Rock
|-ability|p1a: Porygon|Download|boost
|-boost|p1a: Porygon|spa|1
|move|p2a: Magnemite|Volt Switch|p1a: Porygon
|-damage|p1a: Porygon|13\/25
|choice||switch 4
|
|switch|p2a: Mienfoo|Mienfoo, L5, F|13\/21
|-damage|p2a: Mienfoo|12\/21|[from] Stealth Rock
|
|upkeep
|turn|10
|choice|switch 5|move highjumpkick
|
|switch|p1a: Skrelp|Skrelp, L5, M|22\/22
|-damage|p1a: Skrelp|20\/22|[from] Stealth Rock
|move|p2a: Mienfoo|High Jump Kick|p1a: Skrelp
|-resisted|p1a: Skrelp
|-damage|p1a: Skrelp|14\/22
|
|upkeep
|turn|11
|choice|move sludgebomb|move uturn
|
|move|p2a: Mienfoo|U-turn|p1a: Skrelp
|-resisted|p1a: Skrelp
|-damage|p1a: Skrelp|12\/22
|choice||switch 4
|
|switch|p2a: Magnemite|Magnemite, L5|17\/19
|-damage|p2a: Magnemite|16\/19|[from] Stealth Rock
|move|p1a: Skrelp|Sludge Bomb|p2a: Magnemite
|-immune|p2a: Magnemite|[msg]
|
|upkeep
|turn|12
|choice|move sludgebomb|move hiddenpower
|
|move|p2a: Magnemite|Hidden Power|p1a: Skrelp
|-resisted|p1a: Skrelp
|-crit|p1a: Skrelp
|-damage|p1a: Skrelp|8\/22
|move|p1a: Skrelp|Sludge Bomb|p2a: Magnemite
|-immune|p2a: Magnemite|[msg]
|
|upkeep
|turn|13
|choice|move rest|switch 4
|
|switch|p2a: Mienfoo|Mienfoo, L5, F|19\/21
|-damage|p2a: Mienfoo|18\/21|[from] Stealth Rock
|move|p1a: Skrelp|Rest|p1a: Skrelp
|-status|p1a: Skrelp|slp
|-heal|p1a: Skrelp|22\/22 slp|[silent]
|-status|p1a: Skrelp|slp|[from] move: Rest
|
|upkeep
|turn|14
|choice|move scald|move uturn
|
|move|p2a: Mienfoo|U-turn|p1a: Skrelp
|-resisted|p1a: Skrelp
|-damage|p1a: Skrelp|20\/22 slp
|choice||switch 4
|
|switch|p2a: Magnemite|Magnemite, L5|16\/19
|-damage|p2a: Magnemite|15\/19|[from] Stealth Rock
|cant|p1a: Skrelp|slp
|
|upkeep
|turn|15
|choice|move hiddenpower|move voltswitch
|
|move|p2a: Magnemite|Volt Switch|p1a: Skrelp
|-supereffective|p1a: Skrelp
|-damage|p1a: Skrelp|2\/22 slp
|choice||switch 5
|
|switch|p2a: Pumpkaboo|Pumpkaboo-Super, L5, F|25\/25
|-damage|p2a: Pumpkaboo|22\/25|[from] Stealth Rock
|-item|p1a: Skrelp|Eviolite|[from] ability: Frisk|[of] p2a: Pumpkaboo|[identify]
|cant|p1a: Skrelp|slp
|
|upkeep
|turn|16
|choice|move sludgebomb|move shadowsneak
|
|move|p2a: Pumpkaboo|Shadow Sneak|p1a: Skrelp
|-damage|p1a: Skrelp|0 fnt
|faint|p1a: Skrelp
|
|upkeep
|choice|switch 2|
|
|switch|p1a: Fletchling|Fletchling, L5, F|9\/21
|-damage|p1a: Fletchling|4\/21|[from] Stealth Rock
|turn|17
|choice|move roost|move bulletseed
|
|move|p1a: Fletchling|Roost|p1a: Fletchling
|-heal|p1a: Fletchling|15\/21
|move|p2a: Pumpkaboo|Bullet Seed|p1a: Fletchling
|-damage|p1a: Fletchling|11\/21
|-damage|p1a: Fletchling|7\/21
|-damage|p1a: Fletchling|3\/21
|-hitcount|p1a: Fletchling|3
|
|upkeep
|turn|18
|choice|move acrobatics|move willowisp
|
|move|p1a: Fletchling|Acrobatics|p2a: Pumpkaboo
|-supereffective|p2a: Pumpkaboo
|-damage|p2a: Pumpkaboo|2\/25
|move|p2a: Pumpkaboo|Will-O-Wisp|p1a: Fletchling
|-status|p1a: Fletchling|brn
|
|-damage|p1a: Fletchling|1\/21 brn|[from] brn
|upkeep
|turn|19
|c|★Vinz28|Anche questa doveva essere ko
|c|★Vinz28|ma vabbè
|choice|move overheat|move bulletseed
|
|move|p1a: Fletchling|Overheat|p2a: Pumpkaboo
|-supereffective|p2a: Pumpkaboo
|-damage|p2a: Pumpkaboo|0 fnt
|-unboost|p1a: Fletchling|spa|2
|faint|p2a: Pumpkaboo
|
|-damage|p1a: Fletchling|0 fnt|[from] brn
|upkeep
|faint|p1a: Fletchling
|choice|switch 5|switch 4
|
|switch|p2a: Mienfoo|Mienfoo, L5, F|21\/21
|switch|p1a: Porygon|Porygon, L5|13\/25
|-damage|p2a: Mienfoo|20\/21|[from] Stealth Rock
|-damage|p1a: Porygon|10\/25|[from] Stealth Rock
|-ability|p1a: Porygon|Download|boost
|-boost|p1a: Porygon|spa|1
|turn|20
|choice|move psychic|move highjumpkick
|
|move|p2a: Mienfoo|High Jump Kick|p1a: Porygon
|-supereffective|p1a: Porygon
|-damage|p1a: Porygon|0 fnt
|faint|p1a: Porygon
|
|upkeep
|choice|switch 3|
|
|switch|p1a: Pawniard|Pawniard, L5, M|21\/21
|-damage|p1a: Pawniard|20\/21|[from] Stealth Rock
|turn|21
|choice|move knockoff|move knockoff
|
|move|p1a: Pawniard|Knock Off|p2a: Mienfoo
|-resisted|p2a: Mienfoo
|-damage|p2a: Mienfoo|16\/21
|move|p2a: Mienfoo|Knock Off|p1a: Pawniard
|-resisted|p1a: Pawniard
|-damage|p1a: Pawniard|16\/21
|-enditem|p1a: Pawniard|Choice Scarf|[from] move: Knock Off|[of] p2a: Mienfoo
|
|upkeep
|turn|22
|choice|move brickbreak|move uturn
|
|move|p2a: Mienfoo|U-turn|p1a: Pawniard
|-damage|p1a: Pawniard|9\/21
|choice||switch 6
|
|switch|p2a: Fletchling|Fletchling, L5, F|23\/23
|-damage|p2a: Fletchling|18\/23|[from] Stealth Rock
|move|p1a: Pawniard|Brick Break|p2a: Fletchling
|-damage|p2a: Fletchling|8\/23
|
|upkeep
|turn|23
|choice|move brickbreak|move overheat
|
|move|p1a: Pawniard|Brick Break|p2a: Fletchling
|-damage|p2a: Fletchling|0 fnt
|faint|p2a: Fletchling
|
|upkeep
|choice||switch 5
|
|switch|p2a: Magnemite|Magnemite, L5|15\/19
|-damage|p2a: Magnemite|14\/19|[from] Stealth Rock
|turn|24
|choice|move brickbreak|move hiddenpower
|
|move|p2a: Magnemite|Hidden Power|p1a: Pawniard
|-supereffective|p1a: Pawniard
|-damage|p1a: Pawniard|0 fnt
|faint|p1a: Pawniard
|
|upkeep
|choice|switch 4|
|
|switch|p1a: Scraggy|Scraggy, L5, F|21\/21
|-damage|p1a: Scraggy|20\/21|[from] Stealth Rock
|turn|25
|choice|move dragondance|move hiddenpower
|
|move|p2a: Magnemite|Hidden Power|p1a: Scraggy
|-supereffective|p1a: Scraggy
|-damage|p1a: Scraggy|10\/21
|move|p1a: Scraggy|Dragon Dance|p1a: Scraggy
|-boost|p1a: Scraggy|atk|1
|-boost|p1a: Scraggy|spe|1
|
|upkeep
|turn|26
|choice|move drainpunch|move hiddenpower
|
|move|p2a: Magnemite|Hidden Power|p1a: Scraggy
|-supereffective|p1a: Scraggy
|-damage|p1a: Scraggy|0 fnt
|faint|p1a: Scraggy
|
|win|Vinz28
|player|p1
|player|p2
|c|★Darklyzard|gg
|c|★Vinz28|gg
|l|Vinz28</script>
</div>
<div class="battle-log battle-log-inline"><div class="inner"><div class="battle-options"></div><div class="inner"><div class="chat"><small>Darklyzard joined.</small></div><div class="chat"><small>Vinz28 joined.</small></div><div class=""><small>Format:</small> <br><strong>LC</strong></div><div class=""><small><em>Sleep Clause Mod:</em> Limit one foe put to sleep</small></div><div class=""><small><em>Species Clause:</em> Limit one of each Pokémon</small></div><div class=""><small><em>OHKO Clause:</em> OHKO moves are banned</small></div><div class=""><small><em>Moody Clause:</em> Moody is banned</small></div><div class=""><small><em>Evasion Moves Clause:</em> Evasion moves are banned</small></div><div class=""><small><em>Endless Battle Clause:</em> Forcing endless battles is banned</small></div><div class=""><small><em>HP Percentage Mod:</em> HP is shown in percentages</small></div><div class="chat battle-history"><strong>Darklyzard's team:</strong> <em style="color:#445566;display:block;">Dwebble / Porygon / Pawniard / Scraggy / Skrelp / Fletchling</em></div><div class="chat battle-history"><strong>Vinz28's team:</strong> <em style="color:#445566;display:block;">Fletchling / Magnemite / Mienfoo / Shellder / Pumpkaboo-* / Dwebble</em></div><div class="chat chatmessage-darklyzard"><strong style="color:hsl(49,50%,43.952304804195556%)"><small>★</small><span class="username" data-name="Darklyzard">Darklyzard</span>:</strong> <em>gl</em></div><div class="spacer battle-history"><br></div><div class="battle-history">Battle started between Darklyzard and Vinz28!<br></div><div class="spacer battle-history"><br></div><div class="battle-history">Go! <strong>Dwebble</strong>!<br></div><div class="spacer battle-history"><br></div><div class="battle-history">Vinz28 sent out <strong>Dwebble</strong>!<br></div><div class="spacer battle-history"><br></div><h2 class="battle-history">Turn 1</h2><div class="spacer battle-history"><br></div><div class="battle-history">Dwebble used <strong>Stealth Rock</strong>!<br></div><div class="battle-history"><small>Pointed stones float in the air around the opposing team!</small><br></div><div class="spacer battle-history"><br></div><div class="battle-history">The opposing Dwebble used <strong>Stealth Rock</strong>!<br></div><div class="battle-history"><small>Pointed stones float in the air around your team!</small><br></div><div class="spacer battle-history"><br></div><h2 class="battle-history">Turn 2</h2><div class="spacer battle-history"><br></div><div class="battle-history">The opposing Dwebble used <strong>Rock Blast</strong>!<br></div><div class="battle-history"><small>It's super effective!</small><br></div><div class="battle-history"><small>(Dwebble lost <abbr title="−6/21">28.6%</abbr> of its health!)</small><br></div><div class="battle-history"><small>It's super effective!</small><br></div><div class="battle-history"><small>(Dwebble lost <abbr title="−6/21">28.6%</abbr> of its health!)</small><br></div><div class="battle-history"><small>(Dwebble used its Berry Juice!)</small><br></div><div class="battle-history"><small>Dwebble restored HP using its Berry Juice!</small><br></div><div class="battle-history"><small>Hit 2 times!</small><br></div><div class="spacer battle-history"><br></div><div class="battle-history">Dwebble used <strong>Knock Off</strong>!<br></div><div class="battle-history"><small>(The opposing Dwebble lost <abbr title="−7/21">33.3%</abbr> of its health!)</small><br></div><div class="battle-history"><small>Dwebble knocked off the opposing Dwebble's Berry Juice!</small><br></div><div class="spacer battle-history"><br></div><h2 class="battle-history">Turn 3</h2><div class="spacer battle-history"><br></div><div class="battle-history">Dwebble used <strong>Rock Blast</strong>!<br></div><div class="battle-history"><small>It's super effective!</small><br></div><div class="battle-history"><small>(The opposing Dwebble lost <abbr title="−8/21">38.1%</abbr> of its health!)</small><br></div><div class="battle-history"><small>It's super effective!</small><br></div><div class="battle-history"><small>(The opposing Dwebble lost <abbr title="−6/21">28.6%</abbr> of its health!)</small><br></div><div class="battle-history"><small>Hit 2 times!</small><br></div><div class="spacer battle-history"><br></div><div class="battle-history">The opposing Dwebble fainted!<br></div><div class="spacer battle-history"><br></div><div class="battle-history">Vinz28 sent out <strong>Magnemite</strong>!<br></div><div class="battle-history"><small>Pointed stones dug into the opposing Magnemite!</small><br></div><div class="spacer battle-history"><br></div><h2 class="battle-history">Turn 4</h2><div class="spacer battle-history"><br></div><div class="battle-history">The opposing Magnemite used <strong>Volt Switch</strong>!<br></div><div class="battle-history"><small>(Dwebble lost <abbr title="−15/21">71.4%</abbr> of its health!)</small><br></div><div class="spacer battle-history"><br></div><div class="battle-history">The opposing Magnemite went back to Vinz28!<br></div><div class="battle-history">Vinz28 sent out <strong>Mienfoo</strong>!<br></div><div class="battle-history"><small>Pointed stones dug into the opposing Mienfoo!</small><br></div><div class="spacer battle-history"><br></div><div class="battle-history">Dwebble used <strong>Knock Off</strong>!<br></div><div class="battle-history"><small>It's not very effective...</small><br></div><div class="battle-history"><small>(The opposing Mienfoo lost <abbr title="−3/21">14.3%</abbr> of its health!)</small><br></div><div class="battle-history"><small>Dwebble knocked off the opposing Mienfoo's Eviolite!</small><br></div><div class="spacer battle-history"><br></div><h2 class="battle-history">Turn 5</h2><div class="spacer battle-history"><br></div><div class="battle-history">The opposing Mienfoo used <strong>Stone Edge</strong>!<br></div><div class="battle-history"><small>It's super effective!</small><br></div><div class="battle-history"><small>A critical hit!</small><br></div><div class="battle-history"><small>(Dwebble lost <abbr title="−6/21">28.6%</abbr> of its health!)</small><br></div><div class="spacer battle-history"><br></div><div class="battle-history">Dwebble fainted!<br></div><div class="spacer battle-history"><br></div><div class="battle-history">Go! <strong>Fletchling</strong>!<br></div><div class="battle-history"><small>Pointed stones dug into Fletchling!</small><br></div><div class="spacer battle-history"><br></div><h2 class="battle-history">Turn 6</h2><div class="spacer battle-history"><br></div><div class="battle-history">The opposing Mienfoo used <strong>Knock Off</strong>!<br></div><div class="battle-history"><small>(Fletchling lost <abbr title="−7/21">33.3%</abbr> of its health!)</small><br></div><div class="battle-history"><small>The opposing Mienfoo knocked off Fletchling's Eviolite!</small><br></div><div class="spacer battle-history"><br></div><div class="battle-history">Fletchling used <strong>Overheat</strong>!<br></div><div class="battle-history"><small>(The opposing Mienfoo lost <abbr title="−11/21">52.4%</abbr> of its health!)</small><br></div><div class="battle-history"><small>Fletchling's Special Attack fell harshly!</small><br></div><div class="spacer battle-history"><br></div><h2 class="battle-history">Turn 7</h2><div class="spacer battle-history"><br></div><div class="battle-history">Vinz28 withdrew Mienfoo!<br></div><div class="battle-history">Vinz28 sent out <strong>Shellder</strong>!<br></div><div class="battle-history"><small>Pointed stones dug into the opposing Shellder!</small><br></div><div class="spacer battle-history"><br></div><div class="battle-history">Fletchling used <strong>Acrobatics</strong>!<br></div><div class="battle-history"><small>(The opposing Shellder lost <abbr title="−9/20">45%</abbr> of its health!)</small><br></div><div class="spacer battle-history"><br></div><h2 class="battle-history">Turn 8</h2><div class="spacer battle-history"><br></div><div class="battle-history">Fletchling used <strong>Acrobatics</strong>!<br></div><div class="battle-history"><small>(The opposing Shellder lost <abbr title="−9/20">45%</abbr> of its health!)</small><br></div><div class="spacer battle-history"><br></div><div class="battle-history">The opposing Shellder fainted!<br></div><div class="spacer battle-history"><br></div><div class="battle-history">Vinz28 sent out <strong>Magnemite</strong>!<br></div><div class="battle-history"><small>Pointed stones dug into the opposing Magnemite!</small><br></div><div class="spacer battle-history"><br></div><h2 class="battle-history">Turn 9</h2><div class="spacer battle-history"><br></div><div class="battle-history">Fletchling, come back!<br></div><div class="battle-history">Go! <strong>Porygon</strong>!<br></div><div class="battle-history"><small>Pointed stones dug into Porygon!</small><br></div><div class="battle-history"><small>[Porygon's Download]</small><br></div><div class="battle-history"><small>Porygon's Special Attack rose!</small><br></div><div class="spacer battle-history"><br></div><div class="battle-history">The opposing Magnemite used <strong>Volt Switch</strong>!<br></div><div class="battle-history"><small>(Porygon lost <abbr title="−9/25">36%</abbr> of its health!)</small><br></div><div class="spacer battle-history"><br></div><div class="battle-history">The opposing Magnemite went back to Vinz28!<br></div><div class="battle-history">Vinz28 sent out <strong>Mienfoo</strong>!<br></div><div class="battle-history"><small>Pointed stones dug into the opposing Mienfoo!</small><br></div><div class="spacer battle-history"><br></div><h2 class="battle-history">Turn 10</h2><div class="spacer battle-history"><br></div><div class="battle-history">Porygon, come back!<br></div><div class="battle-history">Go! <strong>Skrelp</strong>!<br></div><div class="battle-history"><small>Pointed stones dug into Skrelp!</small><br></div><div class="spacer battle-history"><br></div><div class="battle-history">The opposing Mienfoo used <strong>High Jump Kick</strong>!<br></div><div class="battle-history"><small>It's not very effective...</small><br></div><div class="battle-history"><small>(Skrelp lost <abbr title="−6/22">27.3%</abbr> of its health!)</small><br></div><div class="spacer battle-history"><br></div><h2 class="battle-history">Turn 11</h2><div class="spacer battle-history"><br></div><div class="battle-history">The opposing Mienfoo used <strong>U-turn</strong>!<br></div><div class="battle-history"><small>It's not very effective...</small><br></div><div class="battle-history"><small>(Skrelp lost <abbr title="−2/22">9.1%</abbr> of its health!)</small><br></div><div class="spacer battle-history"><br></div><div class="battle-history">The opposing Mienfoo went back to Vinz28!<br></div><div class="battle-history">Vinz28 sent out <strong>Magnemite</strong>!<br></div><div class="battle-history"><small>Pointed stones dug into the opposing Magnemite!</small><br></div><div class="spacer battle-history"><br></div><div class="battle-history">Skrelp used <strong>Sludge Bomb</strong>!<br></div><div class="battle-history"><small>It doesn't affect the opposing Magnemite...</small><br></div><div class="spacer battle-history"><br></div><h2 class="battle-history">Turn 12</h2><div class="spacer battle-history"><br></div><div class="battle-history">The opposing Magnemite used <strong>Hidden Power</strong>!<br></div><div class="battle-history"><small>It's not very effective...</small><br></div><div class="battle-history"><small>A critical hit!</small><br></div><div class="battle-history"><small>(Skrelp lost <abbr title="−4/22">18.2%</abbr> of its health!)</small><br></div><div class="spacer battle-history"><br></div><div class="battle-history">Skrelp used <strong>Sludge Bomb</strong>!<br></div><div class="battle-history"><small>It doesn't affect the opposing Magnemite...</small><br></div><div class="spacer battle-history"><br></div><h2 class="battle-history">Turn 13</h2><div class="spacer battle-history"><br></div><div class="battle-history">Vinz28 withdrew Magnemite!<br></div><div class="battle-history">Vinz28 sent out <strong>Mienfoo</strong>!<br></div><div class="battle-history"><small>Pointed stones dug into the opposing Mienfoo!</small><br></div><div class="spacer battle-history"><br></div><div class="battle-history">Skrelp used <strong>Rest</strong>!<br></div><div class="battle-history"><small>Skrelp fell asleep!</small><br></div><div class="battle-history"><small>Skrelp slept and became healthy!</small><br></div><div class="spacer battle-history"><br></div><h2 class="battle-history">Turn 14</h2><div class="spacer battle-history"><br></div><div class="battle-history">The opposing Mienfoo used <strong>U-turn</strong>!<br></div><div class="battle-history"><small>It's not very effective...</small><br></div><div class="battle-history"><small>(Skrelp lost <abbr title="−2/22">9.1%</abbr> of its health!)</small><br></div><div class="spacer battle-history"><br></div><div class="battle-history">The opposing Mienfoo went back to Vinz28!<br></div><div class="battle-history">Vinz28 sent out <strong>Magnemite</strong>!<br></div><div class="battle-history"><small>Pointed stones dug into the opposing Magnemite!</small><br></div><div class="spacer battle-history"><br></div><div class="battle-history">Skrelp is fast asleep.<br></div><div class="spacer battle-history"><br></div><h2 class="battle-history">Turn 15</h2><div class="spacer battle-history"><br></div><div class="battle-history">The opposing Magnemite used <strong>Volt Switch</strong>!<br></div><div class="battle-history"><small>It's super effective!</small><br></div><div class="battle-history"><small>(Skrelp lost <abbr title="−18/22">81.8%</abbr> of its health!)</small><br></div><div class="spacer battle-history"><br></div><div class="battle-history">The opposing Magnemite went back to Vinz28!<br></div><div class="battle-history">Vinz28 sent out Pumpkaboo (<strong>Pumpkaboo-Super</strong>)!<br></div><div class="battle-history"><small>Pointed stones dug into the opposing Pumpkaboo!</small><br></div><div class="battle-history"><small>[The opposing Pumpkaboo's Frisk]</small><br><small>The opposing Pumpkaboo frisked Skrelp and found its Eviolite!</small><br></div><div class="spacer battle-history"><br></div><div class="battle-history">Skrelp is fast asleep.<br></div><div class="spacer battle-history"><br></div><h2 class="battle-history">Turn 16</h2><div class="spacer battle-history"><br></div><div class="battle-history">The opposing Pumpkaboo used <strong>Shadow Sneak</strong>!<br></div><div class="battle-history"><small>(Skrelp lost <abbr title="−2/22">9.1%</abbr> of its health!)</small><br></div><div class="spacer battle-history"><br></div><div class="battle-history">Skrelp fainted!<br></div><div class="spacer battle-history"><br></div><div class="battle-history">Go! <strong>Fletchling</strong>!<br></div><div class="battle-history"><small>Pointed stones dug into Fletchling!</small><br></div><div class="spacer battle-history"><br></div><h2 class="battle-history">Turn 17</h2><div class="spacer battle-history"><br></div><div class="battle-history">Fletchling used <strong>Roost</strong>!<br></div><div class="battle-history"><small>Fletchling restored its HP.</small><br></div><div class="spacer battle-history"><br></div><div class="battle-history">The opposing Pumpkaboo used <strong>Bullet Seed</strong>!<br></div><div class="battle-history"><small>(Fletchling lost <abbr title="−4/21">19.0%</abbr> of its health!)</small><br></div><div class="battle-history"><small>(Fletchling lost <abbr title="−4/21">19.0%</abbr> of its health!)</small><br></div><div class="battle-history"><small>(Fletchling lost <abbr title="−4/21">19.0%</abbr> of its health!)</small><br></div><div class="battle-history"><small>Hit 3 times!</small><br></div><div class="spacer battle-history"><br></div><h2 class="battle-history">Turn 18</h2><div class="spacer battle-history"><br></div><div class="battle-history">Fletchling used <strong>Acrobatics</strong>!<br></div><div class="battle-history"><small>It's super effective!</small><br></div><div class="battle-history"><small>(The opposing Pumpkaboo lost <abbr title="−20/25">80%</abbr> of its health!)</small><br></div><div class="spacer battle-history"><br></div><div class="battle-history">The opposing Pumpkaboo used <strong>Will-O-Wisp</strong>!<br></div><div class="battle-history"><small>Fletchling was burned!</small><br></div><div class="spacer battle-history"><br></div><div class="battle-history"><small>Fletchling was hurt by its burn!</small><br></div><div class="spacer battle-history"><br></div><h2 class="battle-history">Turn 19</h2><div class="chat chatmessage-vinz28"><strong style="color:hsl(63,83%,30%)"><small>★</small><span class="username" data-name="Vinz28">Vinz28</span>:</strong> <em>Anche questa doveva essere ko</em></div><div class="chat chatmessage-vinz28"><strong style="color:hsl(63,83%,30%)"><small>★</small><span class="username" data-name="Vinz28">Vinz28</span>:</strong> <em>ma vabbè</em></div><div class="spacer battle-history"><br></div><div class="battle-history">Fletchling used <strong>Overheat</strong>!<br></div><div class="battle-history"><small>It's super effective!</small><br></div><div class="battle-history"><small>(The opposing Pumpkaboo lost <abbr title="−2/25">8%</abbr> of its health!)</small><br></div><div class="battle-history"><small>Fletchling's Special Attack fell harshly!</small><br></div><div class="spacer battle-history"><br></div><div class="battle-history">The opposing Pumpkaboo fainted!<br></div><div class="spacer battle-history"><br></div><div class="battle-history"><small>Fletchling was hurt by its burn!</small><br></div><div class="spacer battle-history"><br></div><div class="battle-history">Fletchling fainted!<br></div><div class="spacer battle-history"><br></div><div class="battle-history">Vinz28 sent out <strong>Mienfoo</strong>!<br></div><div class="spacer battle-history"><br></div><div class="battle-history">Go! <strong>Porygon</strong>!<br></div><div class="battle-history"><small>Pointed stones dug into the opposing Mienfoo!</small><br></div><div class="battle-history"><small>Pointed stones dug into Porygon!</small><br></div><div class="battle-history"><small>[Porygon's Download]</small><br></div><div class="battle-history"><small>Porygon's Special Attack rose!</small><br></div><div class="spacer battle-history"><br></div><h2 class="battle-history">Turn 20</h2><div class="spacer battle-history"><br></div><div class="battle-history">The opposing Mienfoo used <strong>High Jump Kick</strong>!<br></div><div class="battle-history"><small>It's super effective!</small><br></div><div class="battle-history"><small>(Porygon lost <abbr title="−10/25">40%</abbr> of its health!)</small><br></div><div class="spacer battle-history"><br></div><div class="battle-history">Porygon fainted!<br></div><div class="spacer battle-history"><br></div><div class="battle-history">Go! <strong>Pawniard</strong>!<br></div><div class="battle-history"><small>Pointed stones dug into Pawniard!</small><br></div><div class="spacer battle-history"><br></div><h2 class="battle-history">Turn 21</h2><div class="spacer battle-history"><br></div><div class="battle-history">Pawniard used <strong>Knock Off</strong>!<br></div><div class="battle-history"><small>It's not very effective...</small><br></div><div class="battle-history"><small>(The opposing Mienfoo lost <abbr title="−4/21">19.0%</abbr> of its health!)</small><br></div><div class="spacer battle-history"><br></div><div class="battle-history">The opposing Mienfoo used <strong>Knock Off</strong>!<br></div><div class="battle-history"><small>It's not very effective...</small><br></div><div class="battle-history"><small>(Pawniard lost <abbr title="−4/21">19.0%</abbr> of its health!)</small><br></div><div class="battle-history"><small>The opposing Mienfoo knocked off Pawniard's Choice Scarf!</small><br></div><div class="spacer battle-history"><br></div><h2 class="battle-history">Turn 22</h2><div class="spacer battle-history"><br></div><div class="battle-history">The opposing Mienfoo used <strong>U-turn</strong>!<br></div><div class="battle-history"><small>(Pawniard lost <abbr title="−7/21">33.3%</abbr> of its health!)</small><br></div><div class="spacer battle-history"><br></div><div class="battle-history">The opposing Mienfoo went back to Vinz28!<br></div><div class="battle-history">Vinz28 sent out <strong>Fletchling</strong>!<br></div><div class="battle-history"><small>Pointed stones dug into the opposing Fletchling!</small><br></div><div class="spacer battle-history"><br></div><div class="battle-history">Pawniard used <strong>Brick Break</strong>!<br></div><div class="battle-history"><small>(The opposing Fletchling lost <abbr title="−10/23">43.5%</abbr> of its health!)</small><br></div><div class="spacer battle-history"><br></div><h2 class="battle-history">Turn 23</h2><div class="spacer battle-history"><br></div><div class="battle-history">Pawniard used <strong>Brick Break</strong>!<br></div><div class="battle-history"><small>(The opposing Fletchling lost <abbr title="−8/23">34.8%</abbr> of its health!)</small><br></div><div class="spacer battle-history"><br></div><div class="battle-history">The opposing Fletchling fainted!<br></div><div class="spacer battle-history"><br></div><div class="battle-history">Vinz28 sent out <strong>Magnemite</strong>!<br></div><div class="battle-history"><small>Pointed stones dug into the opposing Magnemite!</small><br></div><div class="spacer battle-history"><br></div><h2 class="battle-history">Turn 24</h2><div class="spacer battle-history"><br></div><div class="battle-history">The opposing Magnemite used <strong>Hidden Power</strong>!<br></div><div class="battle-history"><small>It's super effective!</small><br></div><div class="battle-history"><small>(Pawniard lost <abbr title="−9/21">42.9%</abbr> of its health!)</small><br></div><div class="spacer battle-history"><br></div><div class="battle-history">Pawniard fainted!<br></div><div class="spacer battle-history"><br></div><div class="battle-history">Go! <strong>Scraggy</strong>!<br></div><div class="battle-history"><small>Pointed stones dug into Scraggy!</small><br></div><div class="spacer battle-history"><br></div><h2 class="battle-history">Turn 25</h2><div class="spacer battle-history"><br></div><div class="battle-history">The opposing Magnemite used <strong>Hidden Power</strong>!<br></div><div class="battle-history"><small>It's super effective!</small><br></div><div class="battle-history"><small>(Scraggy lost <abbr title="−10/21">47.6%</abbr> of its health!)</small><br></div><div class="spacer battle-history"><br></div><div class="battle-history">Scraggy used <strong>Dragon Dance</strong>!<br></div><div class="battle-history"><small>Scraggy's Attack rose!</small><br></div><div class="battle-history"><small>Scraggy's Speed rose!</small><br></div><div class="spacer battle-history"><br></div><h2 class="battle-history">Turn 26</h2><div class="spacer battle-history"><br></div><div class="battle-history">The opposing Magnemite used <strong>Hidden Power</strong>!<br></div><div class="battle-history"><small>It's super effective!</small><br></div><div class="battle-history"><small>(Scraggy lost <abbr title="−10/21">47.6%</abbr> of its health!)</small><br></div><div class="spacer battle-history"><br></div><div class="battle-history">Scraggy fainted!<br></div><div class="spacer battle-history"><br></div><div class="battle-history"><strong>Vinz28</strong> won the battle!<br></div><div class="chat chatmessage-darklyzard"><strong style="color:hsl(49,50%,43.952304804195556%)"><small>★</small><span class="username" data-name="Darklyzard">Darklyzard</span>:</strong> <em>gg</em></div><div class="chat chatmessage-vinz28"><strong style="color:hsl(63,83%,30%)"><small>★</small><span class="username" data-name="Vinz28">Vinz28</span>:</strong> <em>gg</em></div><div class="chat"><small>Vinz28 left.</small></div></div><div class="inner-preempt"></div></div></div>
</div>
<script>
let daily = Math.floor(Date.now()/1000/60/60/24);document.write('<script src="https://play.pokemonshowdown.com/js/replay-embed.js?version'+daily+'"></'+'script>');
</script>
