<!DOCTYPE html>
<meta charset="utf-8" />
<!-- version 1 -->
<title>LC replay: neumann147 vs. klinga</title>
<style>
html,body {font-family:Verdana, sans-serif;font-size:10pt;margin:0;padding:0;}body{padding:12px 0;} .battle-log {font-family:Verdana, sans-serif;font-size:10pt;} .battle-log-inline {border:1px solid #AAAAAA;background:#EEF2F5;color:black;max-width:640px;margin:0 auto 80px;padding-bottom:5px;} .battle-log .inner {padding:4px 8px 0px 8px;} .battle-log .inner-preempt {padding:0 8px 4px 8px;} .battle-log .inner-after {margin-top:0.5em;} .battle-log h2 {margin:0.5em -8px;padding:4px 8px;border:1px solid #AAAAAA;background:#E0E7EA;border-left:0;border-right:0;font-family:Verdana, sans-serif;font-size:13pt;} .battle-log .chat {vertical-align:middle;padding:3px 0 3px 0;font-size:8pt;} .battle-log .chat strong {color:#40576A;} .battle-log .chat em {padding:1px 4px 1px 3px;color:#000000;font-style:normal;} .chat.mine {background:rgba(0,0,0,0.05);margin-left:-8px;margin-right:-8px;padding-left:8px;padding-right:8px;} .spoiler {color:#BBBBBB;background:#BBBBBB;padding:0px 3px;} .spoiler:hover, .spoiler:active, .spoiler-shown {color:#000000;background:#E2E2E2;padding:0px 3px;} .spoiler a {color:#BBBBBB;} .spoiler:hover a, .spoiler:active a, .spoiler-shown a {color:#2288CC;} .chat code, .chat .spoiler:hover code, .chat .spoiler:active code, .chat .spoiler-shown code {border:1px solid #C0C0C0;background:#EEEEEE;color:black;padding:0 2px;} .chat .spoiler code {border:1px solid #CCCCCC;background:#CCCCCC;color:#CCCCCC;} .battle-log .rated {padding:3px 4px;} .battle-log .rated strong {color:white;background:#89A;padding:1px 4px;border-radius:4px;} .spacer {margin-top:0.5em;} .message-announce {background:#6688AA;color:white;padding:1px 4px 2px;} .message-announce a, .broadcast-green a, .broadcast-blue a, .broadcast-red a {color:#DDEEFF;} .broadcast-green {background-color:#559955;color:white;padding:2px 4px;} .broadcast-blue {background-color:#6688AA;color:white;padding:2px 4px;} .infobox {border:1px solid #6688AA;padding:2px 4px;} .infobox-limited {max-height:200px;overflow:auto;overflow-x:hidden;} .broadcast-red {background-color:#AA5544;color:white;padding:2px 4px;} .message-learn-canlearn {font-weight:bold;color:#228822;text-decoration:underline;} .message-learn-cannotlearn {font-weight:bold;color:#CC2222;text-decoration:underline;} .message-effect-weak {font-weight:bold;color:#CC2222;} .message-effect-resist {font-weight:bold;color:#6688AA;} .message-effect-immune {font-weight:bold;color:#666666;} .message-learn-list {margin-top:0;margin-bottom:0;} .message-throttle-notice, .message-error {color:#992222;} .message-overflow, .chat small.message-overflow {font-size:0pt;} .message-overflow::before {font-size:9pt;content:'...';} .subtle {color:#3A4A66;}
</style>
<div class="wrapper replay-wrapper" style="max-width:1180px;margin:0 auto">
<input type="hidden" name="replayid" value="lc-481425362" />
<div class="battle"></div><div class="battle-log"></div><div class="replay-controls"></div><div class="replay-controls-2"></div>
<h1 style="font-weight:normal;text-align:center"><strong>LC</strong><br /><a href="http://pokemonshowdown.com/users/neumann147" class="subtle" target="_blank">neumann147</a> vs. <a href="http://pokemonshowdown.com/users/klinga" class="subtle" target="_blank">klinga</a></h1>
<script type="text/plain" class="battle-log-data">|j|neumann147
|j|klinga
|player|p1|neumann147|59
|player|p2|klinga|1
|gametype|singles
|gen|6
|tier|LC
|seed|32583,65351,51563,40482
|clearpoke
|poke|p1|Archen, L5, M|item
|poke|p1|Elgyem, L5, F|item
|poke|p1|Teddiursa, L5, M|item
|poke|p1|Deino, L5, F, shiny|item
|poke|p1|Bunnelby, L5, M, shiny|item
|poke|p1|Gulpin, L5, M, shiny|item
|poke|p2|Mienfoo, L5, M, shiny|item
|poke|p2|Snubbull, L5, M|item
|poke|p2|Togepi, L5, F|item
|poke|p2|Bagon, L5, M, shiny|item
|poke|p2|Bergmite, L5, F|item
|poke|p2|Happiny, L5, F|item
|rule|Sleep Clause Mod: Limit one foe put to sleep
|rule|Species Clause: Limit one of each Pokémon
|rule|OHKO Clause: OHKO moves are banned
|rule|Moody Clause: Moody is banned
|rule|Evasion Moves Clause: Evasion moves are banned
|rule|Endless Battle Clause: Forcing endless battles is banned
|rule|HP Percentage Mod: HP is shown in percentages
|teampreview
|j|MattOshea
|c|★neumann147|glhf
|c|★klinga|gl hf
|c| MattOshea|happiny will give some tasty exp
|c|★neumann147|yo tru
|choice|team 6, team 2, team 3, team 4, team 5, team 1|team 1, team 2, team 3, team 4, team 5, team 6
|
|start
|switch|p1a: Kirby|Gulpin, L5, M, shiny|25\/25
|switch|p2a: Young Sensei|Mienfoo, L5, M, shiny|21\/21
|turn|1
|choice|move yawn|move uturn
|
|move|p2a: Young Sensei|U-turn|p1a: Kirby
|-resisted|p1a: Kirby
|-damage|p1a: Kirby|23\/25
|choice||switch 4
|
|switch|p2a: Mah lil Boy|Bagon, L5, M, shiny|21\/21
|move|p1a: Kirby|Yawn|p2a: Mah lil Boy
|-start|p2a: Mah lil Boy|move: Yawn|[of] p1a: Kirby
|
|turn|2
|choice|move icebeam|switch 6
|
|switch|p2a: Wannabe Nurse|Happiny, L5, F|29\/29
|move|p1a: Kirby|Ice Beam|p2a: Wannabe Nurse
|-damage|p2a: Wannabe Nurse|23\/29
|
|turn|3
|choice|switch 3|move thunderwave
|
|switch|p1a: Winnie|Teddiursa, L5, M|23\/23
|move|p2a: Wannabe Nurse|Thunder Wave|p1a: Winnie
|-status|p1a: Winnie|par
|
|turn|4
|j|Oaks
|choice|move facade|switch 3
|
|switch|p2a: Newly Hatched|Togepi, L5, F|23\/23
|move|p1a: Winnie|Facade|p2a: Newly Hatched
|-damage|p2a: Newly Hatched|2\/23
|-enditem|p2a: Newly Hatched|Berry Juice
|-heal|p2a: Newly Hatched|22\/23|[from] item: Berry Juice
|
|turn|5
|choice|switch 3|move dazzlinggleam
|
|switch|p1a: Kirby|Gulpin, L5, M, shiny|23\/25
|move|p2a: Newly Hatched|Dazzling Gleam|p1a: Kirby
|-resisted|p1a: Kirby
|-damage|p1a: Kirby|20\/25
|
|turn|6
|choice|move sludgebomb|move flamethrower
|
|move|p1a: Kirby|Sludge Bomb|p2a: Newly Hatched
|-supereffective|p2a: Newly Hatched
|-damage|p2a: Newly Hatched|2\/23
|move|p2a: Newly Hatched|Flamethrower|p1a: Kirby
|-damage|p1a: Kirby|14\/25
|
|turn|7
|c| Oaks|wow LC is crazy
|c| Oaks|how does a gulpin outspeed a togepi?
|c| MattOshea|little egg thing use flamethrower!
|c|★neumann147|lol thats what I thought
|choice|move sludgebomb|switch 4
|
|switch|p2a: Young Sensei|Mienfoo, L5, M, shiny|21\/21
|move|p1a: Kirby|Sludge Bomb|p2a: Young Sensei
|-damage|p2a: Young Sensei|9\/21
|
|turn|8
|choice|move sludgebomb|move uturn
|
|move|p2a: Young Sensei|U-turn|p1a: Kirby
|-resisted|p1a: Kirby
|-damage|p1a: Kirby|12\/25
|choice||switch 6
|
|switch|p2a: Mah lil Boy|Bagon, L5, M, shiny|21\/21
|move|p1a: Kirby|Sludge Bomb|p2a: Mah lil Boy
|-damage|p2a: Mah lil Boy|6\/21
|-status|p2a: Mah lil Boy|psn
|
|-damage|p2a: Mah lil Boy|4\/21 psn|[from] psn
|turn|9
|c|★neumann147|im gonna have to use this thing more often
|choice|move sludgebomb|move dragonclaw
|
|move|p2a: Mah lil Boy|Dragon Claw|p1a: Kirby
|-damage|p1a: Kirby|3\/25
|-damage|p2a: Mah lil Boy|2\/21 psn|[from] item: Life Orb
|move|p1a: Kirby|Sludge Bomb|p2a: Mah lil Boy
|-damage|p2a: Mah lil Boy|0 fnt
|faint|p2a: Mah lil Boy
|
|choice||switch 2
|
|switch|p2a: Cute Puppy|Snubbull, L5, M|23\/23
|-ability|p2a: Cute Puppy|Intimidate|boost
|-unboost|p1a: Kirby|atk|1
|turn|10
|choice|move sludgebomb|move icepunch
|
|move|p2a: Cute Puppy|Ice Punch|p1a: Kirby
|-damage|p1a: Kirby|0 fnt
|faint|p1a: Kirby
|
|choice|switch 5|
|
|switch|p1a: Bugs|Bunnelby, L5, M, shiny|20\/20
|turn|11
|choice|move return|move icepunch
|
|move|p1a: Bugs|Return|p2a: Cute Puppy
|-damage|p2a: Cute Puppy|0 fnt
|-damage|p1a: Bugs|18\/20|[from] item: Life Orb
|faint|p2a: Cute Puppy
|
|choice||switch 6
|
|switch|p2a: Young Sensei|Mienfoo, L5, M, shiny|16\/21
|turn|12
|choice|move quickattack|move drainpunch
|
|move|p1a: Bugs|Quick Attack|p2a: Young Sensei
|-damage|p2a: Young Sensei|0 fnt
|-damage|p1a: Bugs|16\/20|[from] item: Life Orb
|faint|p2a: Young Sensei
|
|c|★neumann147|I love my draft
|choice||switch 3
|
|switch|p2a: Wannabe Nurse|Happiny, L5, F|23\/29
|turn|13
|choice|move return|move drainpunch
|
|move|p1a: Bugs|Return|p2a: Wannabe Nurse
|-damage|p2a: Wannabe Nurse|0 fnt
|-damage|p1a: Bugs|14\/20|[from] item: Life Orb
|faint|p2a: Wannabe Nurse
|
|choice||switch 4
|
|switch|p2a: Newly Hatched|Togepi, L5, F|2\/23
|turn|14
|choice|move quickattack|move dazzlinggleam
|
|move|p1a: Bugs|Quick Attack|p2a: Newly Hatched
|-damage|p2a: Newly Hatched|0 fnt
|-damage|p1a: Bugs|12\/20|[from] item: Life Orb
|faint|p2a: Newly Hatched
|
|choice||switch 5
|
|switch|p2a: Daddy killed Titan|Bergmite, L5, F|25\/25
|turn|15
|c|★klinga|*titanic should it mean
|c|★neumann147|LOL
|choice|move stoneedge|move recover
|
|move|p1a: Bugs|Stone Edge|p2a: Daddy killed Titan
|-supereffective|p2a: Daddy killed Titan
|-crit|p2a: Daddy killed Titan
|-ability|p2a: Daddy killed Titan|Sturdy
|-damage|p2a: Daddy killed Titan|1\/25
|-damage|p1a: Bugs|10\/20|[from] item: Life Orb
|-enditem|p2a: Daddy killed Titan|Berry Juice
|-heal|p2a: Daddy killed Titan|21\/25|[from] item: Berry Juice
|move|p2a: Daddy killed Titan|Recover|p2a: Daddy killed Titan
|-heal|p2a: Daddy killed Titan|25\/25
|
|turn|16
|choice|move stoneedge|move avalanche
|
|move|p1a: Bugs|Stone Edge|p2a: Daddy killed Titan|[miss]
|-miss|p1a: Bugs|p2a: Daddy killed Titan
|move|p2a: Daddy killed Titan|Avalanche|p1a: Bugs
|-damage|p1a: Bugs|1\/20
|
|turn|17
|choice|move stoneedge|move recover
|
|move|p1a: Bugs|Stone Edge|p2a: Daddy killed Titan|[miss]
|-miss|p1a: Bugs|p2a: Daddy killed Titan
|move|p2a: Daddy killed Titan|Recover|p2a: Daddy killed Titan
|-fail|p2a: Daddy killed Titan
|
|turn|18
|choice|move stoneedge|move recover
|
|move|p1a: Bugs|Stone Edge|p2a: Daddy killed Titan
|-supereffective|p2a: Daddy killed Titan
|-crit|p2a: Daddy killed Titan
|-ability|p2a: Daddy killed Titan|Sturdy
|-damage|p2a: Daddy killed Titan|1\/25
|-damage|p1a: Bugs|0 fnt|[from] item: Life Orb
|faint|p1a: Bugs
|move|p2a: Daddy killed Titan|Recover|p2a: Daddy killed Titan
|-heal|p2a: Daddy killed Titan|14\/25
|
|choice|switch 3|
|
|switch|p1a: Winnie|Teddiursa, L5, M|23\/23 par
|turn|19
|choice|move closecombat|move avalanche
|
|move|p1a: Winnie|Close Combat|p2a: Daddy killed Titan
|-supereffective|p2a: Daddy killed Titan
|-damage|p2a: Daddy killed Titan|0 fnt
|-unboost|p1a: Winnie|def|1
|-unboost|p1a: Winnie|spd|1
|faint|p2a: Daddy killed Titan
|
|win|neumann147
|player|p1
|player|p2
|c|★neumann147|gg
|c| MattOshea|gg</script>
</div>
<div class="battle-log battle-log-inline"><div class="inner"><div class="battle-options"></div><div class="inner"><div class="chat"><small>neumann147 joined.</small></div><div class="chat"><small>klinga joined.</small></div><div class=""><small>Format:</small> <br><strong>LC</strong></div><div class=""><small><em>Sleep Clause Mod:</em> Limit one foe put to sleep</small></div><div class=""><small><em>Species Clause:</em> Limit one of each Pokémon</small></div><div class=""><small><em>OHKO Clause:</em> OHKO moves are banned</small></div><div class=""><small><em>Moody Clause:</em> Moody is banned</small></div><div class=""><small><em>Evasion Moves Clause:</em> Evasion moves are banned</small></div><div class=""><small><em>Endless Battle Clause:</em> Forcing endless battles is banned</small></div><div class=""><small><em>HP Percentage Mod:</em> HP is shown in percentages</small></div><div class="chat battle-history"><strong>neumann147's team:</strong> <em style="color:#445566;display:block;">Archen / Elgyem / Teddiursa / Deino / Bunnelby / Gulpin</em></div><div class="chat battle-history"><strong>klinga's team:</strong> <em style="color:#445566;display:block;">Mienfoo / Snubbull / Togepi / Bagon / Bergmite / Happiny</em></div><div class="chat"><small>MattOshea joined.</small></div><div class="chat chatmessage-neumann147"><strong style="color:hsl(115,72%,38.3494151764%)"><small>★</small><span class="username" data-name="neumann147">neumann147</span>:</strong> <em>glhf</em></div><div class="chat chatmessage-klinga"><strong style="color:hsl(35,71%,46.279594236067055%)"><small>★</small><span class="username" data-name="klinga">klinga</span>:</strong> <em>gl hf</em></div><div class="chat chatmessage-mattoshea"><strong style="color:hsl(221,60%,53.75255138529761%)"><small> </small><span class="username" data-name="MattOshea">MattOshea</span>:</strong> <em>happiny will give some tasty exp</em></div><div class="chat chatmessage-neumann147"><strong style="color:hsl(115,72%,38.3494151764%)"><small>★</small><span class="username" data-name="neumann147">neumann147</span>:</strong> <em>yo tru</em></div><div class="spacer battle-history"><br></div><div class="battle-history">Battle started between neumann147 and klinga!<br></div><div class="spacer battle-history"><br></div><div class="battle-history">Go! Kirby (<strong>Gulpin</strong>)!<br></div><div class="spacer battle-history"><br></div><div class="battle-history">klinga sent out Young Sensei (<strong>Mienfoo</strong>)!<br></div><div class="spacer battle-history"><br></div><h2 class="battle-history">Turn 1</h2><div class="spacer battle-history"><br></div><div class="battle-history">The opposing Young Sensei used <strong>U-turn</strong>!<br></div><div class="battle-history"><small>It's not very effective...</small><br></div><div class="battle-history"><small>(Kirby lost <abbr title="−2/25">8%</abbr> of its health!)</small><br></div><div class="spacer battle-history"><br></div><div class="battle-history">The opposing Young Sensei went back to klinga!<br></div><div class="battle-history">klinga sent out Mah lil Boy (<strong>Bagon</strong>)!<br></div><div class="spacer battle-history"><br></div><div class="battle-history">Kirby used <strong>Yawn</strong>!<br></div><div class="battle-history"><small>The opposing Mah lil Boy grew drowsy!</small><br></div><div class="spacer battle-history"><br></div><h2 class="battle-history">Turn 2</h2><div class="spacer battle-history"><br></div><div class="battle-history">klinga withdrew Mah lil Boy!<br></div><div class="battle-history">klinga sent out Wannabe Nurse (<strong>Happiny</strong>)!<br></div><div class="spacer battle-history"><br></div><div class="battle-history">Kirby used <strong>Ice Beam</strong>!<br></div><div class="battle-history"><small>(The opposing Wannabe Nurse lost <abbr title="−6/29">20.7%</abbr> of its health!)</small><br></div><div class="spacer battle-history"><br></div><h2 class="battle-history">Turn 3</h2><div class="spacer battle-history"><br></div><div class="battle-history">Kirby, come back!<br></div><div class="battle-history">Go! Winnie (<strong>Teddiursa</strong>)!<br></div><div class="spacer battle-history"><br></div><div class="battle-history">The opposing Wannabe Nurse used <strong>Thunder Wave</strong>!<br></div><div class="battle-history"><small>Winnie is paralyzed! It may be unable to move!</small><br></div><div class="spacer battle-history"><br></div><h2 class="battle-history">Turn 4</h2><div class="chat"><small>Oaks joined.</small></div><div class="spacer battle-history"><br></div><div class="battle-history">klinga withdrew Wannabe Nurse!<br></div><div class="battle-history">klinga sent out Newly Hatched (<strong>Togepi</strong>)!<br></div><div class="spacer battle-history"><br></div><div class="battle-history">Winnie used <strong>Facade</strong>!<br></div><div class="battle-history"><small>(The opposing Newly Hatched lost <abbr title="−21/23">91.3%</abbr> of its health!)</small><br></div><div class="battle-history"><small>(The opposing Newly Hatched used its Berry Juice!)</small><br></div><div class="battle-history"><small>The opposing Newly Hatched restored HP using its Berry Juice!</small><br></div><div class="spacer battle-history"><br></div><h2 class="battle-history">Turn 5</h2><div class="spacer battle-history"><br></div><div class="battle-history">Winnie, come back!<br></div><div class="battle-history">Go! Kirby (<strong>Gulpin</strong>)!<br></div><div class="spacer battle-history"><br></div><div class="battle-history">The opposing Newly Hatched used <strong>Dazzling Gleam</strong>!<br></div><div class="battle-history"><small>It's not very effective...</small><br></div><div class="battle-history"><small>(Kirby lost <abbr title="−3/25">12%</abbr> of its health!)</small><br></div><div class="spacer battle-history"><br></div><h2 class="battle-history">Turn 6</h2><div class="spacer battle-history"><br></div><div class="battle-history">Kirby used <strong>Sludge Bomb</strong>!<br></div><div class="battle-history"><small>It's super effective!</small><br></div><div class="battle-history"><small>(The opposing Newly Hatched lost <abbr title="−20/23">87.0%</abbr> of its health!)</small><br></div><div class="spacer battle-history"><br></div><div class="battle-history">The opposing Newly Hatched used <strong>Flamethrower</strong>!<br></div><div class="battle-history"><small>(Kirby lost <abbr title="−6/25">24%</abbr> of its health!)</small><br></div><div class="spacer battle-history"><br></div><h2 class="battle-history">Turn 7</h2><div class="chat chatmessage-oaks"><strong style="color:hsl(356,56%,51.19260510630965%)"><small> </small><span class="username" data-name="Oaks">Oaks</span>:</strong> <em>wow LC is crazy</em></div><div class="chat chatmessage-oaks"><strong style="color:hsl(356,56%,51.19260510630965%)"><small> </small><span class="username" data-name="Oaks">Oaks</span>:</strong> <em>how does a gulpin outspeed a togepi?</em></div><div class="chat chatmessage-mattoshea"><strong style="color:hsl(221,60%,53.75255138529761%)"><small> </small><span class="username" data-name="MattOshea">MattOshea</span>:</strong> <em>little egg thing use flamethrower!</em></div><div class="chat chatmessage-neumann147"><strong style="color:hsl(115,72%,38.3494151764%)"><small>★</small><span class="username" data-name="neumann147">neumann147</span>:</strong> <em>lol thats what I thought</em></div><div class="spacer battle-history"><br></div><div class="battle-history">klinga withdrew Newly Hatched!<br></div><div class="battle-history">klinga sent out Young Sensei (<strong>Mienfoo</strong>)!<br></div><div class="spacer battle-history"><br></div><div class="battle-history">Kirby used <strong>Sludge Bomb</strong>!<br></div><div class="battle-history"><small>(The opposing Young Sensei lost <abbr title="−12/21">57.1%</abbr> of its health!)</small><br></div><div class="spacer battle-history"><br></div><h2 class="battle-history">Turn 8</h2><div class="spacer battle-history"><br></div><div class="battle-history">The opposing Young Sensei used <strong>U-turn</strong>!<br></div><div class="battle-history"><small>It's not very effective...</small><br></div><div class="battle-history"><small>(Kirby lost <abbr title="−2/25">8%</abbr> of its health!)</small><br></div><div class="spacer battle-history"><br></div><div class="battle-history">The opposing Young Sensei went back to klinga!<br></div><div class="battle-history">klinga sent out Mah lil Boy (<strong>Bagon</strong>)!<br></div><div class="spacer battle-history"><br></div><div class="battle-history">Kirby used <strong>Sludge Bomb</strong>!<br></div><div class="battle-history"><small>(The opposing Mah lil Boy lost <abbr title="−15/21">71.4%</abbr> of its health!)</small><br></div><div class="battle-history"><small>The opposing Mah lil Boy was poisoned!</small><br></div><div class="spacer battle-history"><br></div><div class="battle-history"><small>The opposing Mah lil Boy was hurt by poison!</small><br></div><div class="spacer battle-history"><br></div><h2 class="battle-history">Turn 9</h2><div class="chat chatmessage-neumann147"><strong style="color:hsl(115,72%,38.3494151764%)"><small>★</small><span class="username" data-name="neumann147">neumann147</span>:</strong> <em>im gonna have to use this thing more often</em></div><div class="spacer battle-history"><br></div><div class="battle-history">The opposing Mah lil Boy used <strong>Dragon Claw</strong>!<br></div><div class="battle-history"><small>(Kirby lost <abbr title="−9/25">36%</abbr> of its health!)</small><br></div><div class="battle-history"><small>The opposing Mah lil Boy lost some of its HP!</small><br></div><div class="spacer battle-history"><br></div><div class="battle-history">Kirby used <strong>Sludge Bomb</strong>!<br></div><div class="battle-history"><small>(The opposing Mah lil Boy lost <abbr title="−2/21">9.5%</abbr> of its health!)</small><br></div><div class="spacer battle-history"><br></div><div class="battle-history">The opposing Mah lil Boy fainted!<br></div><div class="spacer battle-history"><br></div><div class="battle-history">klinga sent out Cute Puppy (<strong>Snubbull</strong>)!<br></div><div class="battle-history"><small>[The opposing Cute Puppy's Intimidate]</small><br></div><div class="battle-history"><small>Kirby's Attack fell!</small><br></div><div class="spacer battle-history"><br></div><h2 class="battle-history">Turn 10</h2><div class="spacer battle-history"><br></div><div class="battle-history">The opposing Cute Puppy used <strong>Ice Punch</strong>!<br></div><div class="battle-history"><small>(Kirby lost <abbr title="−3/25">12%</abbr> of its health!)</small><br></div><div class="spacer battle-history"><br></div><div class="battle-history">Kirby fainted!<br></div><div class="spacer battle-history"><br></div><div class="battle-history">Go! Bugs (<strong>Bunnelby</strong>)!<br></div><div class="spacer battle-history"><br></div><h2 class="battle-history">Turn 11</h2><div class="spacer battle-history"><br></div><div class="battle-history">Bugs used <strong>Return</strong>!<br></div><div class="battle-history"><small>(The opposing Cute Puppy lost <abbr title="−23/23">100%</abbr> of its health!)</small><br></div><div class="battle-history"><small>Bugs lost some of its HP!</small><br></div><div class="spacer battle-history"><br></div><div class="battle-history">The opposing Cute Puppy fainted!<br></div><div class="spacer battle-history"><br></div><div class="battle-history">klinga sent out Young Sensei (<strong>Mienfoo</strong>)!<br></div><div class="spacer battle-history"><br></div><h2 class="battle-history">Turn 12</h2><div class="spacer battle-history"><br></div><div class="battle-history">Bugs used <strong>Quick Attack</strong>!<br></div><div class="battle-history"><small>(The opposing Young Sensei lost <abbr title="−16/21">76.2%</abbr> of its health!)</small><br></div><div class="battle-history"><small>Bugs lost some of its HP!</small><br></div><div class="spacer battle-history"><br></div><div class="battle-history">The opposing Young Sensei fainted!<br></div><div class="chat chatmessage-neumann147"><strong style="color:hsl(115,72%,38.3494151764%)"><small>★</small><span class="username" data-name="neumann147">neumann147</span>:</strong> <em>I love my draft</em></div><div class="spacer battle-history"><br></div><div class="battle-history">klinga sent out Wannabe Nurse (<strong>Happiny</strong>)!<br></div><div class="spacer battle-history"><br></div><h2 class="battle-history">Turn 13</h2><div class="spacer battle-history"><br></div><div class="battle-history">Bugs used <strong>Return</strong>!<br></div><div class="battle-history"><small>(The opposing Wannabe Nurse lost <abbr title="−23/29">79.3%</abbr> of its health!)</small><br></div><div class="battle-history"><small>Bugs lost some of its HP!</small><br></div><div class="spacer battle-history"><br></div><div class="battle-history">The opposing Wannabe Nurse fainted!<br></div><div class="spacer battle-history"><br></div><div class="battle-history">klinga sent out Newly Hatched (<strong>Togepi</strong>)!<br></div><div class="spacer battle-history"><br></div><h2 class="battle-history">Turn 14</h2><div class="spacer battle-history"><br></div><div class="battle-history">Bugs used <strong>Quick Attack</strong>!<br></div><div class="battle-history"><small>(The opposing Newly Hatched lost <abbr title="−2/23">8.7%</abbr> of its health!)</small><br></div><div class="battle-history"><small>Bugs lost some of its HP!</small><br></div><div class="spacer battle-history"><br></div><div class="battle-history">The opposing Newly Hatched fainted!<br></div><div class="spacer battle-history"><br></div><div class="battle-history">klinga sent out Daddy killed Titan (<strong>Bergmite</strong>)!<br></div><div class="spacer battle-history"><br></div><h2 class="battle-history">Turn 15</h2><div class="chat chatmessage-klinga"><strong style="color:hsl(35,71%,46.279594236067055%)"><small>★</small><span class="username" data-name="klinga">klinga</span>:</strong> <em>*titanic should it mean</em></div><div class="chat chatmessage-neumann147"><strong style="color:hsl(115,72%,38.3494151764%)"><small>★</small><span class="username" data-name="neumann147">neumann147</span>:</strong> <em>LOL</em></div><div class="spacer battle-history"><br></div><div class="battle-history">Bugs used <strong>Stone Edge</strong>!<br></div><div class="battle-history"><small>It's super effective!</small><br></div><div class="battle-history"><small>A critical hit!</small><br></div><div class="battle-history"><small>[The opposing Daddy killed Titan's Sturdy]</small><br><small>The opposing Daddy killed Titan endured the hit!</small><br></div><div class="battle-history"><small>(The opposing Daddy killed Titan lost <abbr title="−24/25">96%</abbr> of its health!)</small><br></div><div class="battle-history"><small>Bugs lost some of its HP!</small><br></div><div class="battle-history"><small>(The opposing Daddy killed Titan used its Berry Juice!)</small><br></div><div class="battle-history"><small>The opposing Daddy killed Titan restored HP using its Berry Juice!</small><br></div><div class="spacer battle-history"><br></div><div class="battle-history">The opposing Daddy killed Titan used <strong>Recover</strong>!<br></div><div class="battle-history"><small>The opposing Daddy killed Titan restored its HP.</small><br></div><div class="spacer battle-history"><br></div><h2 class="battle-history">Turn 16</h2><div class="spacer battle-history"><br></div><div class="battle-history">Bugs used <strong>Stone Edge</strong>!<br></div><div class="battle-history"><small>The opposing Daddy killed Titan avoided the attack!</small><br></div><div class="spacer battle-history"><br></div><div class="battle-history">The opposing Daddy killed Titan used <strong>Avalanche</strong>!<br></div><div class="battle-history"><small>(Bugs lost <abbr title="−9/20">45%</abbr> of its health!)</small><br></div><div class="spacer battle-history"><br></div><h2 class="battle-history">Turn 17</h2><div class="spacer battle-history"><br></div><div class="battle-history">Bugs used <strong>Stone Edge</strong>!<br></div><div class="battle-history"><small>The opposing Daddy killed Titan avoided the attack!</small><br></div><div class="spacer battle-history"><br></div><div class="battle-history">The opposing Daddy killed Titan used <strong>Recover</strong>!<br></div><div class="battle-history"><small>But it failed!</small><br></div><div class="spacer battle-history"><br></div><h2 class="battle-history">Turn 18</h2><div class="spacer battle-history"><br></div><div class="battle-history">Bugs used <strong>Stone Edge</strong>!<br></div><div class="battle-history"><small>It's super effective!</small><br></div><div class="battle-history"><small>A critical hit!</small><br></div><div class="battle-history"><small>[The opposing Daddy killed Titan's Sturdy]</small><br><small>The opposing Daddy killed Titan endured the hit!</small><br></div><div class="battle-history"><small>(The opposing Daddy killed Titan lost <abbr title="−24/25">96%</abbr> of its health!)</small><br></div><div class="battle-history"><small>Bugs lost some of its HP!</small><br></div><div class="spacer battle-history"><br></div><div class="battle-history">Bugs fainted!<br></div><div class="battle-history">The opposing Daddy killed Titan used <strong>Recover</strong>!<br></div><div class="battle-history"><small>The opposing Daddy killed Titan restored its HP.</small><br></div><div class="spacer battle-history"><br></div><div class="battle-history">Go! Winnie (<strong>Teddiursa</strong>)!<br></div><div class="spacer battle-history"><br></div><h2 class="battle-history">Turn 19</h2><div class="spacer battle-history"><br></div><div class="battle-history">Winnie used <strong>Close Combat</strong>!<br></div><div class="battle-history"><small>It's super effective!</small><br></div><div class="battle-history"><small>(The opposing Daddy killed Titan lost <abbr title="−14/25">56.0%</abbr> of its health!)</small><br></div><div class="battle-history"><small>Winnie's Defense fell!</small><br></div><div class="battle-history"><small>Winnie's Special Defense fell!</small><br></div><div class="spacer battle-history"><br></div><div class="battle-history">The opposing Daddy killed Titan fainted!<br></div><div class="spacer battle-history"><br></div><div class="battle-history"><strong>neumann147</strong> won the battle!<br></div><div class="chat chatmessage-neumann147"><strong style="color:hsl(115,72%,38.3494151764%)"><small>★</small><span class="username" data-name="neumann147">neumann147</span>:</strong> <em>gg</em></div><div class="chat chatmessage-mattoshea"><strong style="color:hsl(221,60%,53.75255138529761%)"><small> </small><span class="username" data-name="MattOshea">MattOshea</span>:</strong> <em>gg</em></div></div><div class="inner-preempt"></div></div></div>
</div>
<script>
let daily = Math.floor(Date.now()/1000/60/60/24);document.write('<script src="https://play.pokemonshowdown.com/js/replay-embed.js?version'+daily+'"></'+'script>');
</script>
