<!DOCTYPE html>
<meta charset="utf-8" />
<!-- version 1 -->
<title>LC replay: Gdbrown vs. Zappy Da God</title>
<style>
html,body {font-family:Verdana, sans-serif;font-size:10pt;margin:0;padding:0;}body{padding:12px 0;} .battle-log {font-family:Verdana, sans-serif;font-size:10pt;} .battle-log-inline {border:1px solid #AAAAAA;background:#EEF2F5;color:black;max-width:640px;margin:0 auto 80px;padding-bottom:5px;} .battle-log .inner {padding:4px 8px 0px 8px;} .battle-log .inner-preempt {padding:0 8px 4px 8px;} .battle-log .inner-after {margin-top:0.5em;} .battle-log h2 {margin:0.5em -8px;padding:4px 8px;border:1px solid #AAAAAA;background:#E0E7EA;border-left:0;border-right:0;font-family:Verdana, sans-serif;font-size:13pt;} .battle-log .chat {vertical-align:middle;padding:3px 0 3px 0;font-size:8pt;} .battle-log .chat strong {color:#40576A;} .battle-log .chat em {padding:1px 4px 1px 3px;color:#000000;font-style:normal;} .chat.mine {background:rgba(0,0,0,0.05);margin-left:-8px;margin-right:-8px;padding-left:8px;padding-right:8px;} .spoiler {color:#BBBBBB;background:#BBBBBB;padding:0px 3px;} .spoiler:hover, .spoiler:active, .spoiler-shown {color:#000000;background:#E2E2E2;padding:0px 3px;} .spoiler a {color:#BBBBBB;} .spoiler:hover a, .spoiler:active a, .spoiler-shown a {color:#2288CC;} .chat code, .chat .spoiler:hover code, .chat .spoiler:active code, .chat .spoiler-shown code {border:1px solid #C0C0C0;background:#EEEEEE;color:black;padding:0 2px;} .chat .spoiler code {border:1px solid #CCCCCC;background:#CCCCCC;color:#CCCCCC;} .battle-log .rated {padding:3px 4px;} .battle-log .rated strong {color:white;background:#89A;padding:1px 4px;border-radius:4px;} .spacer {margin-top:0.5em;} .message-announce {background:#6688AA;color:white;padding:1px 4px 2px;} .message-announce a, .broadcast-green a, .broadcast-blue a, .broadcast-red a {color:#DDEEFF;} .broadcast-green {background-color:#559955;color:white;padding:2px 4px;} .broadcast-blue {background-color:#6688AA;color:white;padding:2px 4px;} .infobox {border:1px solid #6688AA;padding:2px 4px;} .infobox-limited {max-height:200px;overflow:auto;overflow-x:hidden;} .broadcast-red {background-color:#AA5544;color:white;padding:2px 4px;} .message-learn-canlearn {font-weight:bold;color:#228822;text-decoration:underline;} .message-learn-cannotlearn {font-weight:bold;color:#CC2222;text-decoration:underline;} .message-effect-weak {font-weight:bold;color:#CC2222;} .message-effect-resist {font-weight:bold;color:#6688AA;} .message-effect-immune {font-weight:bold;color:#666666;} .message-learn-list {margin-top:0;margin-bottom:0;} .message-throttle-notice, .message-error {color:#992222;} .message-overflow, .chat small.message-overflow {font-size:0pt;} .message-overflow::before {font-size:9pt;content:'...';} .subtle {color:#3A4A66;}
</style>
<div class="wrapper replay-wrapper" style="max-width:1180px;margin:0 auto">
<input type="hidden" name="replayid" value="lc-483189021" />
<div class="battle"></div><div class="battle-log"></div><div class="replay-controls"></div><div class="replay-controls-2"></div>
<h1 style="font-weight:normal;text-align:center"><strong>LC</strong><br /><a href="http://pokemonshowdown.com/users/gdbrown" class="subtle" target="_blank">Gdbrown</a> vs. <a href="http://pokemonshowdown.com/users/zappydagod" class="subtle" target="_blank">Zappy Da God</a></h1>
<script type="text/plain" class="battle-log-data">|j|Gdbrown
|j|Zappy Da God
|player|p1|Gdbrown|29
|player|p2|Zappy Da God|68
|gametype|singles
|gen|6
|tier|LC
|seed|55194,51017,7958,48988
|clearpoke
|poke|p1|Clauncher, L5, M, shiny|item
|poke|p1|Azurill, L5, F, shiny|item
|poke|p1|Slowpoke, L5, M, shiny|item
|poke|p1|Deino, L5, F, shiny|item
|poke|p1|Bonsly, L5, M, shiny|item
|poke|p1|Chespin, L5, M, shiny|item
|poke|p2|Gothita, L5, F|item
|poke|p2|Spritzee, L5, F|item
|poke|p2|Mienfoo, L5, F|item
|poke|p2|Karrablast, L5, M|item
|poke|p2|Pumpkaboo-*, L5, M|item
|poke|p2|Froakie, L5, M|item
|rule|Sleep Clause Mod: Limit one foe put to sleep
|rule|Species Clause: Limit one of each Pokémon
|rule|OHKO Clause: OHKO moves are banned
|rule|Moody Clause: Moody is banned
|rule|Evasion Moves Clause: Evasion moves are banned
|rule|Endless Battle Clause: Forcing endless battles is banned
|rule|HP Percentage Mod: HP is shown in percentages
|teampreview
|c|★Gdbrown|gl hf
|choice|team 5, team 2, team 3, team 4, team 1, team 6|team 6, team 2, team 3, team 4, team 5, team 1
|
|start
|switch|p1a: Twee|Bonsly, L5, M, shiny|21\/21
|switch|p2a: Overrated Frog|Froakie, L5, M|22\/22
|turn|1
|c|★Zappy Da God|Have Fun :D
|choice|move stealthrock|move toxicspikes
|
|move|p2a: Overrated Frog|Toxic Spikes|p1a: Twee
|-start|p2a: Overrated Frog|typechange|Poison|[from] Protean
|-sidestart|p1: Gdbrown|move: Toxic Spikes
|move|p1a: Twee|Stealth Rock|p2a: Overrated Frog
|-sidestart|p2: Zappy Da God|move: Stealth Rock
|
|turn|2
|c|★Gdbrown|:)
|choice|move sandtomb|move scald
|
|move|p2a: Overrated Frog|Scald|p1a: Twee
|-start|p2a: Overrated Frog|typechange|Water|[from] Protean
|-supereffective|p1a: Twee
|-damage|p1a: Twee|1\/21
|-status|p1a: Twee|brn
|-enditem|p1a: Twee|Berry Juice
|-heal|p1a: Twee|21\/21 brn|[from] item: Berry Juice
|move|p1a: Twee|Sand Tomb|p2a: Overrated Frog
|-damage|p2a: Overrated Frog|20\/22
|-activate|p2a: Overrated Frog|move: Sand Tomb|[of] p1a: Twee
|
|-damage|p1a: Twee|19\/21 brn|[from] brn
|-damage|p2a: Overrated Frog|18\/22|[from] move: Sand Tomb|[partiallytrapped]
|turn|3
|choice|move toxic|move scald
|
|move|p2a: Overrated Frog|Scald|p1a: Twee
|-supereffective|p1a: Twee
|-crit|p1a: Twee
|-damage|p1a: Twee|0 fnt
|faint|p1a: Twee
|
|c|★Gdbrown|Totally mattered
|c|★Gdbrown|mhmhmhmhmhmhmhmhmhm
|c|★Gdbrown|(didn't)
|c|★Zappy Da God|:[
|choice|switch 4|
|
|switch|p1a: Dino|Deino, L5, F, shiny|21\/21
|-status|p1a: Dino|psn
|turn|4
|choice|move thunderfang|switch 2
|
|switch|p2a: My Evo Sucks|Spritzee, L5, F|27\/27
|-damage|p2a: My Evo Sucks|24\/27|[from] Stealth Rock
|move|p1a: Dino|Thunder Fang|p2a: My Evo Sucks
|-damage|p2a: My Evo Sucks|18\/27
|
|-damage|p1a: Dino|19\/21 psn|[from] psn
|turn|5
|choice|switch 3|move wish
|
|switch|p1a: Potato|Slowpoke, L5, M, shiny|26\/26
|-status|p1a: Potato|psn
|move|p2a: My Evo Sucks|Wish|p2a: My Evo Sucks
|
|-damage|p1a: Potato|23\/26 psn|[from] psn
|turn|6
|choice|move trickroom|move protect
|
|move|p2a: My Evo Sucks|Protect|p2a: My Evo Sucks
|-singleturn|p2a: My Evo Sucks|Protect
|move|p1a: Potato|Trick Room|p1a: Potato
|-fieldstart|move: Trick Room|[of] p1a: Potato
|
|-heal|p2a: My Evo Sucks|27\/27|[from] move: Wish|[wisher] My Evo Sucks
|-damage|p1a: Potato|20\/26 psn|[from] psn
|turn|7
|choice|switch 2|move wish
|
|switch|p1a: Atlanta|Azurill, L5, F, shiny|23\/23
|-status|p1a: Atlanta|psn
|move|p2a: My Evo Sucks|Wish|p2a: My Evo Sucks
|
|-damage|p1a: Atlanta|21\/23 psn|[from] psn
|turn|8
|choice|move knockoff|switch 5
|
|switch|p2a: Pumpking|Pumpkaboo-Super, L5, M|25\/25
|-damage|p2a: Pumpking|22\/25|[from] Stealth Rock
|-item|p1a: Atlanta|Life Orb|[from] ability: Frisk|[of] p2a: Pumpking|[identify]
|move|p1a: Atlanta|Knock Off|p2a: Pumpking
|-supereffective|p2a: Pumpking
|-damage|p2a: Pumpking|4\/25
|-enditem|p2a: Pumpking|Eviolite|[from] move: Knock Off|[of] p1a: Atlanta
|-damage|p1a: Atlanta|19\/23 psn|[from] item: Life Orb
|
|-heal|p2a: Pumpking|17\/25|[from] move: Wish|[wisher] My Evo Sucks
|-damage|p1a: Atlanta|17\/23 psn|[from] psn
|turn|9
|choice|move knockoff|move bulletseed
|
|move|p1a: Atlanta|Knock Off|p2a: Pumpking
|-supereffective|p2a: Pumpking
|-damage|p2a: Pumpking|0 fnt
|-damage|p1a: Atlanta|15\/23 psn|[from] item: Life Orb
|faint|p2a: Pumpking
|
|-damage|p1a: Atlanta|13\/23 psn|[from] psn
|choice||switch 5
|
|switch|p2a: My Evo Sucks|Spritzee, L5, F|27\/27
|-damage|p2a: My Evo Sucks|24\/27|[from] Stealth Rock
|turn|10
|choice|move irontail|move protect
|
|move|p2a: My Evo Sucks|Protect|p2a: My Evo Sucks
|-singleturn|p2a: My Evo Sucks|Protect
|move|p1a: Atlanta|Iron Tail|p2a: My Evo Sucks
|-activate|p2a: My Evo Sucks|move: Protect
|
|-damage|p1a: Atlanta|11\/23 psn|[from] psn
|-fieldend|move: Trick Room
|turn|11
|choice|switch 2|switch 2
|
|switch|p2a: Overrated Frog|Froakie, L5, M|18\/22
|-damage|p2a: Overrated Frog|16\/22|[from] Stealth Rock
|switch|p1a: Potato|Slowpoke, L5, M, shiny|26\/26 psn
|
|-damage|p1a: Potato|23\/26 psn|[from] psn
|turn|12
|choice|move psychic|switch 6
|
|switch|p2a: Trap Queen|Gothita, L5, F|21\/21
|-damage|p2a: Trap Queen|19\/21|[from] Stealth Rock
|move|p1a: Potato|Psychic|p2a: Trap Queen
|-resisted|p2a: Trap Queen
|-damage|p2a: Trap Queen|15\/21
|-unboost|p2a: Trap Queen|spd|1
|
|-damage|p1a: Potato|20\/26 psn|[from] psn
|turn|13
|c|★Zappy Da God|ah misclick
|choice|move trickroom|move taunt
|
|move|p2a: Trap Queen|Taunt|p1a: Potato
|-start|p1a: Potato|move: Taunt
|cant|p1a: Potato|move: Taunt|Trick Room
|
|-damage|p1a: Potato|17\/26 psn|[from] psn
|turn|14
|choice|move scald|move energyball
|
|move|p2a: Trap Queen|Energy Ball|p1a: Potato
|-supereffective|p1a: Potato
|-damage|p1a: Potato|7\/26 psn
|move|p1a: Potato|Scald|p2a: Trap Queen
|-damage|p2a: Trap Queen|6\/21
|
|-damage|p1a: Potato|4\/26 psn|[from] psn
|turn|15
|c|★Gdbrown|Well played
|choice|move scald|move energyball
|
|move|p2a: Trap Queen|Energy Ball|p1a: Potato
|-supereffective|p1a: Potato
|-damage|p1a: Potato|0 fnt
|faint|p1a: Potato
|
|choice|switch 5|
|
|switch|p1a: Shwimp|Clauncher, L5, M, shiny|21\/21
|-status|p1a: Shwimp|psn
|turn|16
|choice|move surf|move energyball
|
|move|p1a: Shwimp|Surf|p2a: Trap Queen
|-damage|p2a: Trap Queen|0 fnt
|faint|p2a: Trap Queen
|
|-damage|p1a: Shwimp|19\/21 psn|[from] psn
|choice||switch 3
|
|switch|p2a: Asian Pussy|Mienfoo, L5, F|24\/24
|-damage|p2a: Asian Pussy|23\/24|[from] Stealth Rock
|turn|17
|choice|switch 3|move swordsdance
|
|switch|p1a: Dino|Deino, L5, F, shiny|19\/21 psn
|move|p2a: Asian Pussy|Swords Dance|p2a: Asian Pussy
|-boost|p2a: Asian Pussy|atk|2
|
|-damage|p1a: Dino|17\/21 psn|[from] psn
|turn|18
|choice|move outrage|switch 2
|
|switch|p2a: My Evo Sucks|Spritzee, L5, F|24\/27
|-damage|p2a: My Evo Sucks|21\/27|[from] Stealth Rock
|move|p1a: Dino|Outrage|p2a: My Evo Sucks
|-immune|p2a: My Evo Sucks|[msg]
|
|-damage|p1a: Dino|15\/21 psn|[from] psn
|turn|19
|choice|switch 2|move moonblast
|
|switch|p1a: Atlanta|Azurill, L5, F, shiny|11\/23 psn
|move|p2a: My Evo Sucks|Moonblast|p1a: Atlanta
|-damage|p1a: Atlanta|0 fnt
|faint|p1a: Atlanta
|
|choice|switch 3|
|
|switch|p1a: Shwimp|Clauncher, L5, M, shiny|19\/21 psn
|turn|20
|choice|move sludgewave|move wish
|
|move|p1a: Shwimp|Sludge Wave|p2a: My Evo Sucks
|-supereffective|p2a: My Evo Sucks
|-damage|p2a: My Evo Sucks|7\/27
|move|p2a: My Evo Sucks|Wish|p2a: My Evo Sucks
|
|-damage|p1a: Shwimp|17\/21 psn|[from] psn
|turn|21
|choice|move sludgewave|move protect
|
|move|p2a: My Evo Sucks|Protect|p2a: My Evo Sucks
|-singleturn|p2a: My Evo Sucks|Protect
|move|p1a: Shwimp|Sludge Wave|p2a: My Evo Sucks
|-activate|p2a: My Evo Sucks|move: Protect
|
|-heal|p2a: My Evo Sucks|20\/27|[from] move: Wish|[wisher] My Evo Sucks
|-damage|p1a: Shwimp|15\/21 psn|[from] psn
|turn|22
|choice|move sludgewave|move moonblast
|
|move|p1a: Shwimp|Sludge Wave|p2a: My Evo Sucks
|-supereffective|p2a: My Evo Sucks
|-damage|p2a: My Evo Sucks|8\/27
|move|p2a: My Evo Sucks|Moonblast|p1a: Shwimp
|-damage|p1a: Shwimp|2\/21 psn
|
|-damage|p1a: Shwimp|0 fnt|[from] psn
|faint|p1a: Shwimp
|choice|switch 6|
|
|switch|p1a: Brick|Chespin, L5, M, shiny|22\/22
|-status|p1a: Brick|psn
|turn|23
|c|★Gdbrown|gg
|choice|move taunt|move wish
|
|move|p1a: Brick|Taunt|p2a: My Evo Sucks
|-activate|p2a: My Evo Sucks|ability: Aroma Veil|[of] p2a: My Evo Sucks
|move|p2a: My Evo Sucks|Wish|p2a: My Evo Sucks
|
|-damage|p1a: Brick|20\/22 psn|[from] psn
|turn|24
|choice|move seedbomb|move moonblast
|
|move|p1a: Brick|Seed Bomb|p2a: My Evo Sucks
|-damage|p2a: My Evo Sucks|2\/27
|move|p2a: My Evo Sucks|Moonblast|p1a: Brick
|-damage|p1a: Brick|13\/22 psn
|
|-heal|p2a: My Evo Sucks|15\/27|[from] move: Wish|[wisher] My Evo Sucks
|-damage|p1a: Brick|11\/22 psn|[from] psn
|turn|25
|choice|move seedbomb|switch 4
|
|switch|p2a: Damage|Karrablast, L5, M|22\/22
|-damage|p2a: Damage|17\/22|[from] Stealth Rock
|move|p1a: Brick|Seed Bomb|p2a: Damage
|-resisted|p2a: Damage
|-damage|p2a: Damage|11\/22
|
|-damage|p1a: Brick|9\/22 psn|[from] psn
|turn|26
|c|★Zappy Da God|lets get dis boi some kills
|choice|move drainpunch|move megahorn
|
|move|p2a: Damage|Megahorn|p1a: Brick
|-supereffective|p1a: Brick
|-damage|p1a: Brick|0 fnt
|faint|p1a: Brick
|
|c|★Gdbrown|lol
|choice|switch 2|
|
|switch|p1a: Dino|Deino, L5, F, shiny|15\/21 psn
|turn|27
|choice|move crunch|move megahorn
|
|move|p2a: Damage|Megahorn|p1a: Dino
|-supereffective|p1a: Dino
|-damage|p1a: Dino|0 fnt
|faint|p1a: Dino
|
|win|Zappy Da God
|player|p1
|player|p2
|c|★Gdbrown|scarf
|c|★Gdbrown|Gg wp
|l|Gdbrown
|c|★Zappy Da God|gg</script>
</div>
<div class="battle-log battle-log-inline"><div class="inner"><div class="battle-options"></div><div class="inner"><div class="chat"><small>Gdbrown joined.</small></div><div class="chat"><small>Zappy Da God joined.</small></div><div class=""><small>Format:</small> <br><strong>LC</strong></div><div class=""><small><em>Sleep Clause Mod:</em> Limit one foe put to sleep</small></div><div class=""><small><em>Species Clause:</em> Limit one of each Pokémon</small></div><div class=""><small><em>OHKO Clause:</em> OHKO moves are banned</small></div><div class=""><small><em>Moody Clause:</em> Moody is banned</small></div><div class=""><small><em>Evasion Moves Clause:</em> Evasion moves are banned</small></div><div class=""><small><em>Endless Battle Clause:</em> Forcing endless battles is banned</small></div><div class=""><small><em>HP Percentage Mod:</em> HP is shown in percentages</small></div><div class="chat battle-history"><strong>Gdbrown's team:</strong> <em style="color:#445566;display:block;">Clauncher / Azurill / Slowpoke / Deino / Bonsly / Chespin</em></div><div class="chat battle-history"><strong>Zappy Da God's team:</strong> <em style="color:#445566;display:block;">Gothita / Spritzee / Mienfoo / Karrablast / Pumpkaboo-* / Froakie</em></div><div class="chat chatmessage-gdbrown"><strong style="color:hsl(252,78%,60.060735312785624%)"><small>★</small><span class="username" data-name="Gdbrown">Gdbrown</span>:</strong> <em>gl hf</em></div><div class="spacer battle-history"><br></div><div class="battle-history">Battle started between Gdbrown and Zappy Da God!<br></div><div class="spacer battle-history"><br></div><div class="battle-history">Go! Twee (<strong>Bonsly</strong>)!<br></div><div class="spacer battle-history"><br></div><div class="battle-history">Zappy Da God sent out Overrated Frog (<strong>Froakie</strong>)!<br></div><div class="spacer battle-history"><br></div><h2 class="battle-history">Turn 1</h2><div class="chat chatmessage-zappydagod"><strong style="color:hsl(253,89%,55.921283435016335%)"><small>★</small><span class="username" data-name="Zappy Da God">Zappy Da God</span>:</strong> <em>Have Fun :D</em></div><div class="spacer battle-history"><br></div><div class="battle-history">The opposing Overrated Frog used <strong>Toxic Spikes</strong>!<br></div><div class="spacer battle-history"><br></div><div class="battle-history"><small>[The opposing Overrated Frog's Protean]</small><br><small>The opposing Overrated Frog transformed into the Poison type!</small><br></div><div class="battle-history"><small>Poison spikes were scattered on the ground all around your team!</small><br></div><div class="spacer battle-history"><br></div><div class="battle-history">Twee used <strong>Stealth Rock</strong>!<br></div><div class="battle-history"><small>Pointed stones float in the air around the opposing team!</small><br></div><div class="spacer battle-history"><br></div><h2 class="battle-history">Turn 2</h2><div class="chat chatmessage-gdbrown"><strong style="color:hsl(252,78%,60.060735312785624%)"><small>★</small><span class="username" data-name="Gdbrown">Gdbrown</span>:</strong> <em>:)</em></div><div class="spacer battle-history"><br></div><div class="battle-history">The opposing Overrated Frog used <strong>Scald</strong>!<br></div><div class="spacer battle-history"><br></div><div class="battle-history"><small>[The opposing Overrated Frog's Protean]</small><br><small>The opposing Overrated Frog transformed into the Water type!</small><br></div><div class="battle-history"><small>It's super effective!</small><br></div><div class="battle-history"><small>(Twee lost <abbr title="−20/21">95.2%</abbr> of its health!)</small><br></div><div class="battle-history"><small>Twee was burned!</small><br></div><div class="battle-history"><small>(Twee used its Berry Juice!)</small><br></div><div class="battle-history"><small>Twee restored HP using its Berry Juice!</small><br></div><div class="spacer battle-history"><br></div><div class="battle-history">Twee used <strong>Sand Tomb</strong>!<br></div><div class="battle-history"><small>(The opposing Overrated Frog lost <abbr title="−2/22">9.1%</abbr> of its health!)</small><br></div><div class="battle-history"><small>The opposing Overrated Frog became trapped by the quicksand!</small><br></div><div class="spacer battle-history"><br></div><div class="battle-history"><small>Twee was hurt by its burn!</small><br></div><div class="battle-history"><small>The opposing Overrated Frog is hurt by Sand Tomb!</small><br></div><div class="spacer battle-history"><br></div><h2 class="battle-history">Turn 3</h2><div class="spacer battle-history"><br></div><div class="battle-history">The opposing Overrated Frog used <strong>Scald</strong>!<br></div><div class="battle-history"><small>It's super effective!</small><br></div><div class="battle-history"><small>A critical hit!</small><br></div><div class="battle-history"><small>(Twee lost <abbr title="−19/21">90.5%</abbr> of its health!)</small><br></div><div class="spacer battle-history"><br></div><div class="battle-history">Twee fainted!<br></div><div class="chat chatmessage-gdbrown"><strong style="color:hsl(252,78%,60.060735312785624%)"><small>★</small><span class="username" data-name="Gdbrown">Gdbrown</span>:</strong> <em>Totally mattered</em></div><div class="chat chatmessage-gdbrown"><strong style="color:hsl(252,78%,60.060735312785624%)"><small>★</small><span class="username" data-name="Gdbrown">Gdbrown</span>:</strong> <em>mhmhmhmhmhmhmhmhmhm</em></div><div class="chat chatmessage-gdbrown"><strong style="color:hsl(252,78%,60.060735312785624%)"><small>★</small><span class="username" data-name="Gdbrown">Gdbrown</span>:</strong> <em>(didn't)</em></div><div class="chat chatmessage-zappydagod"><strong style="color:hsl(253,89%,55.921283435016335%)"><small>★</small><span class="username" data-name="Zappy Da God">Zappy Da God</span>:</strong> <em>:[</em></div><div class="spacer battle-history"><br></div><div class="battle-history">Go! Dino (<strong>Deino</strong>)!<br></div><div class="battle-history"><small>Dino was poisoned!</small><br></div><div class="spacer battle-history"><br></div><h2 class="battle-history">Turn 4</h2><div class="spacer battle-history"><br></div><div class="battle-history">Zappy Da God withdrew Overrated Frog!<br></div><div class="battle-history">Zappy Da God sent out My Evo Sucks (<strong>Spritzee</strong>)!<br></div><div class="battle-history"><small>Pointed stones dug into the opposing My Evo Sucks!</small><br></div><div class="spacer battle-history"><br></div><div class="battle-history">Dino used <strong>Thunder Fang</strong>!<br></div><div class="battle-history"><small>(The opposing My Evo Sucks lost <abbr title="−6/27">22.2%</abbr> of its health!)</small><br></div><div class="spacer battle-history"><br></div><div class="battle-history"><small>Dino was hurt by poison!</small><br></div><div class="spacer battle-history"><br></div><h2 class="battle-history">Turn 5</h2><div class="spacer battle-history"><br></div><div class="battle-history">Dino, come back!<br></div><div class="battle-history">Go! Potato (<strong>Slowpoke</strong>)!<br></div><div class="battle-history"><small>Potato was poisoned!</small><br></div><div class="spacer battle-history"><br></div><div class="battle-history">The opposing My Evo Sucks used <strong>Wish</strong>!<br></div><div class="spacer battle-history"><br></div><div class="battle-history"><small>Potato was hurt by poison!</small><br></div><div class="spacer battle-history"><br></div><h2 class="battle-history">Turn 6</h2><div class="spacer battle-history"><br></div><div class="battle-history">The opposing My Evo Sucks used <strong>Protect</strong>!<br></div><div class="battle-history"><small>The opposing My Evo Sucks protected itself!</small><br></div><div class="spacer battle-history"><br></div><div class="battle-history">Potato used <strong>Trick Room</strong>!<br></div><div class="battle-history"><small>Potato twisted the dimensions!</small><br></div><div class="spacer battle-history"><br></div><div class="battle-history"><small>My Evo Sucks's wish came true!</small><br></div><div class="battle-history"><small>Potato was hurt by poison!</small><br></div><div class="spacer battle-history"><br></div><h2 class="battle-history">Turn 7</h2><div class="spacer battle-history"><br></div><div class="battle-history">Potato, come back!<br></div><div class="battle-history">Go! Atlanta (<strong>Azurill</strong>)!<br></div><div class="battle-history"><small>Atlanta was poisoned!</small><br></div><div class="spacer battle-history"><br></div><div class="battle-history">The opposing My Evo Sucks used <strong>Wish</strong>!<br></div><div class="spacer battle-history"><br></div><div class="battle-history"><small>Atlanta was hurt by poison!</small><br></div><div class="spacer battle-history"><br></div><h2 class="battle-history">Turn 8</h2><div class="spacer battle-history"><br></div><div class="battle-history">Zappy Da God withdrew My Evo Sucks!<br></div><div class="battle-history">Zappy Da God sent out Pumpking (<strong>Pumpkaboo-Super</strong>)!<br></div><div class="battle-history"><small>Pointed stones dug into the opposing Pumpking!</small><br></div><div class="battle-history"><small>[The opposing Pumpking's Frisk]</small><br><small>The opposing Pumpking frisked Atlanta and found its Life Orb!</small><br></div><div class="spacer battle-history"><br></div><div class="battle-history">Atlanta used <strong>Knock Off</strong>!<br></div><div class="battle-history"><small>It's super effective!</small><br></div><div class="battle-history"><small>(The opposing Pumpking lost <abbr title="−18/25">72%</abbr> of its health!)</small><br></div><div class="battle-history"><small>Atlanta knocked off the opposing Pumpking's Eviolite!</small><br></div><div class="battle-history"><small>Atlanta lost some of its HP!</small><br></div><div class="spacer battle-history"><br></div><div class="battle-history"><small>My Evo Sucks's wish came true!</small><br></div><div class="battle-history"><small>Atlanta was hurt by poison!</small><br></div><div class="spacer battle-history"><br></div><h2 class="battle-history">Turn 9</h2><div class="spacer battle-history"><br></div><div class="battle-history">Atlanta used <strong>Knock Off</strong>!<br></div><div class="battle-history"><small>It's super effective!</small><br></div><div class="battle-history"><small>(The opposing Pumpking lost <abbr title="−17/25">68%</abbr> of its health!)</small><br></div><div class="battle-history"><small>Atlanta lost some of its HP!</small><br></div><div class="spacer battle-history"><br></div><div class="battle-history">The opposing Pumpking fainted!<br></div><div class="spacer battle-history"><br></div><div class="battle-history"><small>Atlanta was hurt by poison!</small><br></div><div class="spacer battle-history"><br></div><div class="battle-history">Zappy Da God sent out My Evo Sucks (<strong>Spritzee</strong>)!<br></div><div class="battle-history"><small>Pointed stones dug into the opposing My Evo Sucks!</small><br></div><div class="spacer battle-history"><br></div><h2 class="battle-history">Turn 10</h2><div class="spacer battle-history"><br></div><div class="battle-history">The opposing My Evo Sucks used <strong>Protect</strong>!<br></div><div class="battle-history"><small>The opposing My Evo Sucks protected itself!</small><br></div><div class="spacer battle-history"><br></div><div class="battle-history">Atlanta used <strong>Iron Tail</strong>!<br></div><div class="battle-history"><small>The opposing My Evo Sucks protected itself!</small><br></div><div class="spacer battle-history"><br></div><div class="battle-history"><small>Atlanta was hurt by poison!</small><br></div><div class="battle-history"><small>The twisted dimensions returned to normal!</small><br></div><div class="spacer battle-history"><br></div><h2 class="battle-history">Turn 11</h2><div class="spacer battle-history"><br></div><div class="battle-history">Zappy Da God withdrew My Evo Sucks!<br></div><div class="battle-history">Zappy Da God sent out Overrated Frog (<strong>Froakie</strong>)!<br></div><div class="battle-history"><small>Pointed stones dug into the opposing Overrated Frog!</small><br></div><div class="spacer battle-history"><br></div><div class="battle-history">Atlanta, come back!<br></div><div class="battle-history">Go! Potato (<strong>Slowpoke</strong>)!<br></div><div class="spacer battle-history"><br></div><div class="battle-history"><small>Potato was hurt by poison!</small><br></div><div class="spacer battle-history"><br></div><h2 class="battle-history">Turn 12</h2><div class="spacer battle-history"><br></div><div class="battle-history">Zappy Da God withdrew Overrated Frog!<br></div><div class="battle-history">Zappy Da God sent out Trap Queen (<strong>Gothita</strong>)!<br></div><div class="battle-history"><small>Pointed stones dug into the opposing Trap Queen!</small><br></div><div class="spacer battle-history"><br></div><div class="battle-history">Potato used <strong>Psychic</strong>!<br></div><div class="battle-history"><small>It's not very effective...</small><br></div><div class="battle-history"><small>(The opposing Trap Queen lost <abbr title="−4/21">19.0%</abbr> of its health!)</small><br></div><div class="battle-history"><small>The opposing Trap Queen's Special Defense fell!</small><br></div><div class="spacer battle-history"><br></div><div class="battle-history"><small>Potato was hurt by poison!</small><br></div><div class="spacer battle-history"><br></div><h2 class="battle-history">Turn 13</h2><div class="chat chatmessage-zappydagod"><strong style="color:hsl(253,89%,55.921283435016335%)"><small>★</small><span class="username" data-name="Zappy Da God">Zappy Da God</span>:</strong> <em>ah misclick</em></div><div class="spacer battle-history"><br></div><div class="battle-history">The opposing Trap Queen used <strong>Taunt</strong>!<br></div><div class="battle-history"><small>Potato fell for the taunt!</small><br></div><div class="spacer battle-history"><br></div><div class="battle-history">Potato can't use Trick Room after the taunt!<br></div><div class="spacer battle-history"><br></div><div class="battle-history"><small>Potato was hurt by poison!</small><br></div><div class="spacer battle-history"><br></div><h2 class="battle-history">Turn 14</h2><div class="spacer battle-history"><br></div><div class="battle-history">The opposing Trap Queen used <strong>Energy Ball</strong>!<br></div><div class="battle-history"><small>It's super effective!</small><br></div><div class="battle-history"><small>(Potato lost <abbr title="−10/26">38.5%</abbr> of its health!)</small><br></div><div class="spacer battle-history"><br></div><div class="battle-history">Potato used <strong>Scald</strong>!<br></div><div class="battle-history"><small>(The opposing Trap Queen lost <abbr title="−9/21">42.9%</abbr> of its health!)</small><br></div><div class="spacer battle-history"><br></div><div class="battle-history"><small>Potato was hurt by poison!</small><br></div><div class="spacer battle-history"><br></div><h2 class="battle-history">Turn 15</h2><div class="chat chatmessage-gdbrown"><strong style="color:hsl(252,78%,60.060735312785624%)"><small>★</small><span class="username" data-name="Gdbrown">Gdbrown</span>:</strong> <em>Well played</em></div><div class="spacer battle-history"><br></div><div class="battle-history">The opposing Trap Queen used <strong>Energy Ball</strong>!<br></div><div class="battle-history"><small>It's super effective!</small><br></div><div class="battle-history"><small>(Potato lost <abbr title="−4/26">15.4%</abbr> of its health!)</small><br></div><div class="spacer battle-history"><br></div><div class="battle-history">Potato fainted!<br></div><div class="spacer battle-history"><br></div><div class="battle-history">Go! Shwimp (<strong>Clauncher</strong>)!<br></div><div class="battle-history"><small>Shwimp was poisoned!</small><br></div><div class="spacer battle-history"><br></div><h2 class="battle-history">Turn 16</h2><div class="spacer battle-history"><br></div><div class="battle-history">Shwimp used <strong>Surf</strong>!<br></div><div class="battle-history"><small>(The opposing Trap Queen lost <abbr title="−6/21">28.6%</abbr> of its health!)</small><br></div><div class="spacer battle-history"><br></div><div class="battle-history">The opposing Trap Queen fainted!<br></div><div class="spacer battle-history"><br></div><div class="battle-history"><small>Shwimp was hurt by poison!</small><br></div><div class="spacer battle-history"><br></div><div class="battle-history">Zappy Da God sent out Asian Pussy (<strong>Mienfoo</strong>)!<br></div><div class="battle-history"><small>Pointed stones dug into the opposing Asian Pussy!</small><br></div><div class="spacer battle-history"><br></div><h2 class="battle-history">Turn 17</h2><div class="spacer battle-history"><br></div><div class="battle-history">Shwimp, come back!<br></div><div class="battle-history">Go! Dino (<strong>Deino</strong>)!<br></div><div class="spacer battle-history"><br></div><div class="battle-history">The opposing Asian Pussy used <strong>Swords Dance</strong>!<br></div><div class="battle-history"><small>The opposing Asian Pussy's Attack rose sharply!</small><br></div><div class="spacer battle-history"><br></div><div class="battle-history"><small>Dino was hurt by poison!</small><br></div><div class="spacer battle-history"><br></div><h2 class="battle-history">Turn 18</h2><div class="spacer battle-history"><br></div><div class="battle-history">Zappy Da God withdrew Asian Pussy!<br></div><div class="battle-history">Zappy Da God sent out My Evo Sucks (<strong>Spritzee</strong>)!<br></div><div class="battle-history"><small>Pointed stones dug into the opposing My Evo Sucks!</small><br></div><div class="spacer battle-history"><br></div><div class="battle-history">Dino used <strong>Outrage</strong>!<br></div><div class="battle-history"><small>It doesn't affect the opposing My Evo Sucks...</small><br></div><div class="spacer battle-history"><br></div><div class="battle-history"><small>Dino was hurt by poison!</small><br></div><div class="spacer battle-history"><br></div><h2 class="battle-history">Turn 19</h2><div class="spacer battle-history"><br></div><div class="battle-history">Dino, come back!<br></div><div class="battle-history">Go! Atlanta (<strong>Azurill</strong>)!<br></div><div class="spacer battle-history"><br></div><div class="battle-history">The opposing My Evo Sucks used <strong>Moonblast</strong>!<br></div><div class="battle-history"><small>(Atlanta lost <abbr title="−11/23">47.8%</abbr> of its health!)</small><br></div><div class="spacer battle-history"><br></div><div class="battle-history">Atlanta fainted!<br></div><div class="spacer battle-history"><br></div><div class="battle-history">Go! Shwimp (<strong>Clauncher</strong>)!<br></div><div class="spacer battle-history"><br></div><h2 class="battle-history">Turn 20</h2><div class="spacer battle-history"><br></div><div class="battle-history">Shwimp used <strong>Sludge Wave</strong>!<br></div><div class="battle-history"><small>It's super effective!</small><br></div><div class="battle-history"><small>(The opposing My Evo Sucks lost <abbr title="−14/27">51.9%</abbr> of its health!)</small><br></div><div class="spacer battle-history"><br></div><div class="battle-history">The opposing My Evo Sucks used <strong>Wish</strong>!<br></div><div class="spacer battle-history"><br></div><div class="battle-history"><small>Shwimp was hurt by poison!</small><br></div><div class="spacer battle-history"><br></div><h2 class="battle-history">Turn 21</h2><div class="spacer battle-history"><br></div><div class="battle-history">The opposing My Evo Sucks used <strong>Protect</strong>!<br></div><div class="battle-history"><small>The opposing My Evo Sucks protected itself!</small><br></div><div class="spacer battle-history"><br></div><div class="battle-history">Shwimp used <strong>Sludge Wave</strong>!<br></div><div class="battle-history"><small>The opposing My Evo Sucks protected itself!</small><br></div><div class="spacer battle-history"><br></div><div class="battle-history"><small>My Evo Sucks's wish came true!</small><br></div><div class="battle-history"><small>Shwimp was hurt by poison!</small><br></div><div class="spacer battle-history"><br></div><h2 class="battle-history">Turn 22</h2><div class="spacer battle-history"><br></div><div class="battle-history">Shwimp used <strong>Sludge Wave</strong>!<br></div><div class="battle-history"><small>It's super effective!</small><br></div><div class="battle-history"><small>(The opposing My Evo Sucks lost <abbr title="−12/27">44.4%</abbr> of its health!)</small><br></div><div class="spacer battle-history"><br></div><div class="battle-history">The opposing My Evo Sucks used <strong>Moonblast</strong>!<br></div><div class="battle-history"><small>(Shwimp lost <abbr title="−13/21">61.9%</abbr> of its health!)</small><br></div><div class="spacer battle-history"><br></div><div class="battle-history"><small>Shwimp was hurt by poison!</small><br></div><div class="spacer battle-history"><br></div><div class="battle-history">Shwimp fainted!<br></div><div class="spacer battle-history"><br></div><div class="battle-history">Go! Brick (<strong>Chespin</strong>)!<br></div><div class="battle-history"><small>Brick was poisoned!</small><br></div><div class="spacer battle-history"><br></div><h2 class="battle-history">Turn 23</h2><div class="chat chatmessage-gdbrown"><strong style="color:hsl(252,78%,60.060735312785624%)"><small>★</small><span class="username" data-name="Gdbrown">Gdbrown</span>:</strong> <em>gg</em></div><div class="spacer battle-history"><br></div><div class="battle-history">Brick used <strong>Taunt</strong>!<br></div><div class="battle-history"><small>[The opposing My Evo Sucks's Aroma Veil]</small><br><small>The opposing My Evo Sucks is protected by an aromatic veil!</small><br></div><div class="spacer battle-history"><br></div><div class="battle-history">The opposing My Evo Sucks used <strong>Wish</strong>!<br></div><div class="spacer battle-history"><br></div><div class="battle-history"><small>Brick was hurt by poison!</small><br></div><div class="spacer battle-history"><br></div><h2 class="battle-history">Turn 24</h2><div class="spacer battle-history"><br></div><div class="battle-history">Brick used <strong>Seed Bomb</strong>!<br></div><div class="battle-history"><small>(The opposing My Evo Sucks lost <abbr title="−6/27">22.2%</abbr> of its health!)</small><br></div><div class="spacer battle-history"><br></div><div class="battle-history">The opposing My Evo Sucks used <strong>Moonblast</strong>!<br></div><div class="battle-history"><small>(Brick lost <abbr title="−7/22">31.8%</abbr> of its health!)</small><br></div><div class="spacer battle-history"><br></div><div class="battle-history"><small>My Evo Sucks's wish came true!</small><br></div><div class="battle-history"><small>Brick was hurt by poison!</small><br></div><div class="spacer battle-history"><br></div><h2 class="battle-history">Turn 25</h2><div class="spacer battle-history"><br></div><div class="battle-history">Zappy Da God withdrew My Evo Sucks!<br></div><div class="battle-history">Zappy Da God sent out Damage (<strong>Karrablast</strong>)!<br></div><div class="battle-history"><small>Pointed stones dug into the opposing Damage!</small><br></div><div class="spacer battle-history"><br></div><div class="battle-history">Brick used <strong>Seed Bomb</strong>!<br></div><div class="battle-history"><small>It's not very effective...</small><br></div><div class="battle-history"><small>(The opposing Damage lost <abbr title="−6/22">27.3%</abbr> of its health!)</small><br></div><div class="spacer battle-history"><br></div><div class="battle-history"><small>Brick was hurt by poison!</small><br></div><div class="spacer battle-history"><br></div><h2 class="battle-history">Turn 26</h2><div class="chat chatmessage-zappydagod"><strong style="color:hsl(253,89%,55.921283435016335%)"><small>★</small><span class="username" data-name="Zappy Da God">Zappy Da God</span>:</strong> <em>lets get dis boi some kills</em></div><div class="spacer battle-history"><br></div><div class="battle-history">The opposing Damage used <strong>Megahorn</strong>!<br></div><div class="battle-history"><small>It's super effective!</small><br></div><div class="battle-history"><small>(Brick lost <abbr title="−9/22">40.9%</abbr> of its health!)</small><br></div><div class="spacer battle-history"><br></div><div class="battle-history">Brick fainted!<br></div><div class="chat chatmessage-gdbrown"><strong style="color:hsl(252,78%,60.060735312785624%)"><small>★</small><span class="username" data-name="Gdbrown">Gdbrown</span>:</strong> <em>lol</em></div><div class="spacer battle-history"><br></div><div class="battle-history">Go! Dino (<strong>Deino</strong>)!<br></div><div class="spacer battle-history"><br></div><h2 class="battle-history">Turn 27</h2><div class="spacer battle-history"><br></div><div class="battle-history">The opposing Damage used <strong>Megahorn</strong>!<br></div><div class="battle-history"><small>It's super effective!</small><br></div><div class="battle-history"><small>(Dino lost <abbr title="−15/21">71.4%</abbr> of its health!)</small><br></div><div class="spacer battle-history"><br></div><div class="battle-history">Dino fainted!<br></div><div class="spacer battle-history"><br></div><div class="battle-history"><strong>Zappy Da God</strong> won the battle!<br></div><div class="chat chatmessage-gdbrown"><strong style="color:hsl(252,78%,60.060735312785624%)"><small>★</small><span class="username" data-name="Gdbrown">Gdbrown</span>:</strong> <em>scarf</em></div><div class="chat chatmessage-gdbrown"><strong style="color:hsl(252,78%,60.060735312785624%)"><small>★</small><span class="username" data-name="Gdbrown">Gdbrown</span>:</strong> <em>Gg wp</em></div><div class="chat"><small>Gdbrown left.</small></div><div class="chat chatmessage-zappydagod"><strong style="color:hsl(253,89%,55.921283435016335%)"><small>★</small><span class="username" data-name="Zappy Da God">Zappy Da God</span>:</strong> <em>gg</em></div></div><div class="inner-preempt"></div></div></div>
</div>
<script>
let daily = Math.floor(Date.now()/1000/60/60/24);document.write('<script src="https://play.pokemonshowdown.com/js/replay-embed.js?version'+daily+'"></'+'script>');
</script>
