<!DOCTYPE html>
<meta charset="utf-8" />
<!-- version 1 -->
<title>LC replay: TheRubenGamer06 vs. NicolasPuraVida</title>
<style>
html,body {font-family:Verdana, sans-serif;font-size:10pt;margin:0;padding:0;}body{padding:12px 0;} .battle-log {font-family:Verdana, sans-serif;font-size:10pt;} .battle-log-inline {border:1px solid #AAAAAA;background:#EEF2F5;color:black;max-width:640px;margin:0 auto 80px;padding-bottom:5px;} .battle-log .inner {padding:4px 8px 0px 8px;} .battle-log .inner-preempt {padding:0 8px 4px 8px;} .battle-log .inner-after {margin-top:0.5em;} .battle-log h2 {margin:0.5em -8px;padding:4px 8px;border:1px solid #AAAAAA;background:#E0E7EA;border-left:0;border-right:0;font-family:Verdana, sans-serif;font-size:13pt;} .battle-log .chat {vertical-align:middle;padding:3px 0 3px 0;font-size:8pt;} .battle-log .chat strong {color:#40576A;} .battle-log .chat em {padding:1px 4px 1px 3px;color:#000000;font-style:normal;} .chat.mine {background:rgba(0,0,0,0.05);margin-left:-8px;margin-right:-8px;padding-left:8px;padding-right:8px;} .spoiler {color:#BBBBBB;background:#BBBBBB;padding:0px 3px;} .spoiler:hover, .spoiler:active, .spoiler-shown {color:#000000;background:#E2E2E2;padding:0px 3px;} .spoiler a {color:#BBBBBB;} .spoiler:hover a, .spoiler:active a, .spoiler-shown a {color:#2288CC;} .chat code, .chat .spoiler:hover code, .chat .spoiler:active code, .chat .spoiler-shown code {border:1px solid #C0C0C0;background:#EEEEEE;color:black;padding:0 2px;} .chat .spoiler code {border:1px solid #CCCCCC;background:#CCCCCC;color:#CCCCCC;} .battle-log .rated {padding:3px 4px;} .battle-log .rated strong {color:white;background:#89A;padding:1px 4px;border-radius:4px;} .spacer {margin-top:0.5em;} .message-announce {background:#6688AA;color:white;padding:1px 4px 2px;} .message-announce a, .broadcast-green a, .broadcast-blue a, .broadcast-red a {color:#DDEEFF;} .broadcast-green {background-color:#559955;color:white;padding:2px 4px;} .broadcast-blue {background-color:#6688AA;color:white;padding:2px 4px;} .infobox {border:1px solid #6688AA;padding:2px 4px;} .infobox-limited {max-height:200px;overflow:auto;overflow-x:hidden;} .broadcast-red {background-color:#AA5544;color:white;padding:2px 4px;} .message-learn-canlearn {font-weight:bold;color:#228822;text-decoration:underline;} .message-learn-cannotlearn {font-weight:bold;color:#CC2222;text-decoration:underline;} .message-effect-weak {font-weight:bold;color:#CC2222;} .message-effect-resist {font-weight:bold;color:#6688AA;} .message-effect-immune {font-weight:bold;color:#666666;} .message-learn-list {margin-top:0;margin-bottom:0;} .message-throttle-notice, .message-error {color:#992222;} .message-overflow, .chat small.message-overflow {font-size:0pt;} .message-overflow::before {font-size:9pt;content:'...';} .subtle {color:#3A4A66;}
</style>
<div class="wrapper replay-wrapper" style="max-width:1180px;margin:0 auto">
<input type="hidden" name="replayid" value="pandora-lc-5406634" />
<div class="battle"></div><div class="battle-log"></div><div class="replay-controls"></div><div class="replay-controls-2"></div>
<h1 style="font-weight:normal;text-align:center"><strong>LC</strong><br /><a href="http://pokemonshowdown.com/users/therubengamer06" class="subtle" target="_blank">TheRubenGamer06</a> vs. <a href="http://pokemonshowdown.com/users/nicolaspuravida" class="subtle" target="_blank">NicolasPuraVida</a></h1>
<script type="text/plain" class="battle-log-data">|j|TheRubenGamer06
|j|NicolasPuraVida
|unlink|||tour
|player|p1|TheRubenGamer06|101
|player|p2|NicolasPuraVida|nicolas.gif
|gametype|singles
|gen|6
|tier|LC
|seed|2105,25576,57740,27538
|clearpoke
|poke|p1|Shellos, L5, F|item
|poke|p1|Axew, L5, F|item
|poke|p1|Charmander, L5, M|item
|poke|p1|Pawniard, L5, F|item
|poke|p1|Sandile, L5, M|item
|poke|p1|Scraggy, L5, F|item
|poke|p2|Purrloin, L5, M|item
|poke|p2|Buneary, L5, F|item
|poke|p2|Archen, L5, F|item
|poke|p2|Gastly, L5, M|item
|poke|p2|Timburr, L5, M|item
|poke|p2|Tirtouga, L5, F|item
|rule|Cláusula-Mod de Dormir: solo puedes dormir a uno de tus oponentes a la vez.
|rule|Cláusula de Especie: Hasta un Pokémon de cada especie
|rule|Cláusula de Golpe Fulminante: los movimientos fulminantes (OHKO) estan prohibidos
|rule|Cláusula de Moody: la habilidad Moody está prohibida
|rule|Cláusula de Movimientos Evasivos: los movimientos de evasion estan prohibidos
|rule|Cláusula de Batallas Eternas: forzar batallas eternas está prohibido
|rule|Modo de Porcentaje de HP: el HP es mostrado en porcentaje
|teampreview
|choice|*|*team 213456
|choice|*team 523416|*
|choice|team 5, team 2, team 3, team 4, team 1, team 6|team 2, team 1, team 3, team 4, team 5, team 6
|
|start
|switch|p1a: Sandile|Sandile, L5, M|23\/23
|switch|p2a: Buneary|Buneary, L5, F|22\/22
|-ability|p1a: Sandile|Intimidate|boost
|-unboost|p2a: Buneary|atk|1
|turn|1
|choice|*move 2|*
|choice|*|*switch 3
|choice|move stealthrock|switch 3
|
|switch|p2a: Archen|Archen, L5, F|23\/23
|move|p1a: Sandile|Stealth Rock|p2a: Archen
|-sidestart|p2: NicolasPuraVida|move: Stealth Rock
|
|turn|2
|choice|*|*move 4
|choice|*move 1|*
|choice|move stoneedge|move defog
|
|move|p2a: Archen|Defog|p1a: Sandile
|-unboost|p1a: Sandile|evasion|1
|-sideend|p2: NicolasPuraVida|Stealth Rock|[from] move: Defog|[of] p2a: Archen
|move|p1a: Sandile|Stone Edge|p2a: Archen
|-supereffective|p2a: Archen
|-damage|p2a: Archen|0 fnt
|faint|p2a: Archen
|
|choice|*|*switch 6
|choice||switch 6
|
|switch|p2a: Tirtouga|Tirtouga, L5, F|21\/21
|turn|3
|choice|*|*move 1
|choice|*switch 5|*
|choice|switch 5|move shellsmash
|
|switch|p1a: Shellos|Shellos, L5, F|27\/27
|move|p2a: Tirtouga|Shell Smash|p2a: Tirtouga
|-unboost|p2a: Tirtouga|def|1
|-unboost|p2a: Tirtouga|spd|1
|-boost|p2a: Tirtouga|atk|2
|-boost|p2a: Tirtouga|spa|2
|-boost|p2a: Tirtouga|spe|2
|
|turn|4
|choice|*|*move 3
|choice|*|*undo
|choice|*move 3|*
|choice|*|*move 1
|choice|move toxic|move shellsmash
|
|move|p2a: Tirtouga|Shell Smash|p2a: Tirtouga
|-unboost|p2a: Tirtouga|def|1
|-unboost|p2a: Tirtouga|spd|1
|-boost|p2a: Tirtouga|atk|2
|-boost|p2a: Tirtouga|spa|2
|-boost|p2a: Tirtouga|spe|2
|move|p1a: Shellos|Toxic|p2a: Tirtouga
|-status|p2a: Tirtouga|tox
|
|-damage|p2a: Tirtouga|20\/21 tox|[from] psn
|turn|5
|choice|*|*move 3
|choice|*move 1|*
|choice|move scald|move earthquake
|
|move|p2a: Tirtouga|Earthquake|p1a: Shellos
|-damage|p1a: Shellos|1\/27
|move|p1a: Shellos|Scald|p2a: Tirtouga
|-damage|p2a: Tirtouga|2\/21 tox
|-enditem|p2a: Tirtouga|Berry Juice
|-heal|p2a: Tirtouga|21\/21 tox|[from] item: Berry Juice
|
|-damage|p2a: Tirtouga|19\/21 tox|[from] psn
|turn|6
|choice|*|*move 3
|choice|*move 1|*
|choice|move scald|move earthquake
|
|move|p2a: Tirtouga|Earthquake|p1a: Shellos
|-damage|p1a: Shellos|0 fnt
|faint|p1a: Shellos
|
|-damage|p2a: Tirtouga|16\/21 tox|[from] psn
|choice|*switch 6|*
|choice|switch 6|
|
|switch|p1a: Scraggy|Scraggy, L5, F|22\/22
|-ability|p1a: Scraggy|Intimidate|boost
|-unboost|p2a: Tirtouga|atk|1
|turn|7
|choice|*|*move 2
|choice|*move 3|*
|choice|move knockoff|move waterfall
|
|move|p2a: Tirtouga|Waterfall|p1a: Scraggy
|-crit|p1a: Scraggy
|-damage|p1a: Scraggy|0 fnt
|faint|p1a: Scraggy
|
|-damage|p2a: Tirtouga|12\/21 tox|[from] psn
|choice|*switch 5|*
|choice|switch 5|
|
|switch|p1a: Sandile|Sandile, L5, M|23\/23
|-ability|p1a: Sandile|Intimidate|boost
|-unboost|p2a: Tirtouga|atk|1
|turn|8
|choice|*|*move 2
|choice|*move 4|*
|choice|move earthquake|move waterfall
|
|move|p2a: Tirtouga|Waterfall|p1a: Sandile
|-supereffective|p1a: Sandile
|-damage|p1a: Sandile|0 fnt
|faint|p1a: Sandile
|
|-damage|p2a: Tirtouga|7\/21 tox|[from] psn
|choice|*switch 4|*
|choice|switch 4|
|
|switch|p1a: Pawniard|Pawniard, L5, F|22\/22
|turn|9
|choice|*|*move 4
|choice|*move 3|*
|choice|move suckerpunch|move aquajet
|
|move|p2a: Tirtouga|Aqua Jet|p1a: Pawniard
|-damage|p1a: Pawniard|12\/22
|move|p1a: Pawniard|Sucker Punch|p2a: Tirtouga|[still]
|-fail|p1a: Pawniard
|
|-damage|p2a: Tirtouga|1\/21 tox|[from] psn
|turn|10
|choice|*|*move 4
|choice|*move 1|*
|choice|move brickbreak|move aquajet
|
|move|p2a: Tirtouga|Aqua Jet|p1a: Pawniard
|-damage|p1a: Pawniard|2\/22
|move|p1a: Pawniard|Brick Break|p2a: Tirtouga
|-supereffective|p2a: Tirtouga
|-damage|p2a: Tirtouga|0 fnt
|faint|p2a: Tirtouga
|
|choice|*|*switch 3
|choice||switch 3
|
|switch|p2a: Buneary|Buneary, L5, F|22\/22
|turn|11
|choice|*|*move 1
|choice|*move 1|*
|choice|move brickbreak|move return
|
|move|p2a: Buneary|Return|p1a: Pawniard
|-resisted|p1a: Pawniard
|-damage|p1a: Pawniard|0 fnt
|faint|p1a: Pawniard
|
|choice|*switch 2|*
|choice|switch 2|
|
|switch|p1a: Axew|Axew, L5, F|22\/22
|-ability|p1a: Axew|Mold Breaker
|turn|12
|choice|*|*move 1
|choice|*move 1|*
|choice|move dragondance|move return
|
|move|p2a: Buneary|Return|p1a: Axew
|-damage|p1a: Axew|6\/22
|move|p1a: Axew|Dragon Dance|p1a: Axew
|-boost|p1a: Axew|atk|1
|-boost|p1a: Axew|spe|1
|
|turn|13
|choice|*|*move 1
|choice|*|*undo
|choice|*move 3|*
|choice|*|*switch 4
|choice|move superpower|switch 4
|
|switch|p2a: Gastly|Gastly, L5, M|19\/19
|move|p1a: Axew|Superpower|p2a: Gastly
|-immune|p2a: Gastly|[msg]
|
|turn|14
|choice|*|*move 4
|choice|*move 2|*
|choice|move dragonclaw|move dazzlinggleam
|
|move|p2a: Gastly|Dazzling Gleam|p1a: Axew
|-supereffective|p1a: Axew
|-damage|p1a: Axew|0 fnt
|faint|p1a: Axew
|
|choice|*switch 3|*
|choice|switch 3|
|
|switch|p1a: Charmander|Charmander, L5, M|23\/23
|turn|15
|choice|*|*switch 5
|choice|*move 3|*
|choice|move dragonclaw|switch 5
|
|switch|p2a: Timburr|Timburr, L5, M|25\/25
|move|p1a: Charmander|Dragon Claw|p2a: Timburr
|-damage|p2a: Timburr|20\/25
|
|turn|16
|choice|*|*move 4
|choice|*move 1|*
|choice|move flareblitz|move knockoff
|
|move|p1a: Charmander|Flare Blitz|p2a: Timburr
|-damage|p2a: Timburr|10\/25
|-damage|p1a: Charmander|20\/23|[from] recoil|[of] p2a: Timburr
|move|p2a: Timburr|Knock Off|p1a: Charmander
|-damage|p1a: Charmander|11\/23
|-enditem|p1a: Charmander|Eviolite|[from] move: Knock Off|[of] p2a: Timburr
|
|turn|17
|choice|*move 1|*
|choice|*|*move 1
|choice|move flareblitz|move machpunch
|
|move|p2a: Timburr|Mach Punch|p1a: Charmander
|-damage|p1a: Charmander|2\/23
|move|p1a: Charmander|Flare Blitz|p2a: Timburr
|-damage|p2a: Timburr|0 fnt
|-damage|p1a: Charmander|0 fnt|[from] recoil|[of] p2a: Timburr
|faint|p2a: Timburr
|faint|p1a: Charmander
|
|win|NicolasPuraVida
|player|p1
|player|p2</script>
</div>
<div class="battle-log battle-log-inline"><div class="inner"><div class="battle-options"></div><div class="inner"><div class="chat"><small>TheRubenGamer06 joined.</small></div><div class="chat"><small>NicolasPuraVida joined.</small></div><div class=""><small>Format:</small> <br><strong>LC</strong></div><div class=""><small><em>Cláusula-Mod de Dormir:</em> solo puedes dormir a uno de tus oponentes a la vez.</small></div><div class=""><small><em>Cláusula de Especie:</em> Hasta un Pokémon de cada especie</small></div><div class=""><small><em>Cláusula de Golpe Fulminante:</em> los movimientos fulminantes (OHKO) estan prohibidos</small></div><div class=""><small><em>Cláusula de Moody:</em> la habilidad Moody está prohibida</small></div><div class=""><small><em>Cláusula de Movimientos Evasivos:</em> los movimientos de evasion estan prohibidos</small></div><div class=""><small><em>Cláusula de Batallas Eternas:</em> forzar batallas eternas está prohibido</small></div><div class=""><small><em>Modo de Porcentaje de HP:</em> el HP es mostrado en porcentaje</small></div><div class="chat battle-history"><strong>TheRubenGamer06's team:</strong> <em style="color:#445566;display:block;">Shellos / Axew / Charmander / Pawniard / Sandile / Scraggy</em></div><div class="chat battle-history"><strong>NicolasPuraVida's team:</strong> <em style="color:#445566;display:block;">Purrloin / Buneary / Archen / Gastly / Timburr / Tirtouga</em></div><div class="spacer battle-history"><br></div><div class="battle-history">Battle started between TheRubenGamer06 and NicolasPuraVida!<br></div><div class="spacer battle-history"><br></div><div class="battle-history">Go! <strong>Sandile</strong>!<br></div><div class="spacer battle-history"><br></div><div class="battle-history">NicolasPuraVida sent out <strong>Buneary</strong>!<br></div><div class="battle-history"><small>[Sandile's Intimidate]</small><br></div><div class="battle-history"><small>The opposing Buneary's Attack fell!</small><br></div><div class="spacer battle-history"><br></div><h2 class="battle-history">Turn 1</h2><div class="spacer battle-history"><br></div><div class="battle-history">NicolasPuraVida withdrew Buneary!<br></div><div class="battle-history">NicolasPuraVida sent out <strong>Archen</strong>!<br></div><div class="spacer battle-history"><br></div><div class="battle-history">Sandile used <strong>Stealth Rock</strong>!<br></div><div class="battle-history"><small>Pointed stones float in the air around the opposing team!</small><br></div><div class="spacer battle-history"><br></div><h2 class="battle-history">Turn 2</h2><div class="spacer battle-history"><br></div><div class="battle-history">The opposing Archen used <strong>Defog</strong>!<br></div><div class="battle-history"><small>Sandile's evasiveness fell!</small><br></div><div class="battle-history"><small>The pointed stones disappeared from around the opposing team!</small><br></div><div class="spacer battle-history"><br></div><div class="battle-history">Sandile used <strong>Stone Edge</strong>!<br></div><div class="battle-history"><small>It's super effective!</small><br></div><div class="battle-history"><small>(The opposing Archen lost <abbr title="−23/23">100%</abbr> of its health!)</small><br></div><div class="spacer battle-history"><br></div><div class="battle-history">The opposing Archen fainted!<br></div><div class="spacer battle-history"><br></div><div class="battle-history">NicolasPuraVida sent out <strong>Tirtouga</strong>!<br></div><div class="spacer battle-history"><br></div><h2 class="battle-history">Turn 3</h2><div class="spacer battle-history"><br></div><div class="battle-history">Sandile, come back!<br></div><div class="battle-history">Go! <strong>Shellos</strong>!<br></div><div class="spacer battle-history"><br></div><div class="battle-history">The opposing Tirtouga used <strong>Shell Smash</strong>!<br></div><div class="battle-history"><small>The opposing Tirtouga's Defense fell!</small><br></div><div class="battle-history"><small>The opposing Tirtouga's Special Defense fell!</small><br></div><div class="battle-history"><small>The opposing Tirtouga's Attack rose sharply!</small><br></div><div class="battle-history"><small>The opposing Tirtouga's Special Attack rose sharply!</small><br></div><div class="battle-history"><small>The opposing Tirtouga's Speed rose sharply!</small><br></div><div class="spacer battle-history"><br></div><h2 class="battle-history">Turn 4</h2><div class="spacer battle-history"><br></div><div class="battle-history">The opposing Tirtouga used <strong>Shell Smash</strong>!<br></div><div class="battle-history"><small>The opposing Tirtouga's Defense fell!</small><br></div><div class="battle-history"><small>The opposing Tirtouga's Special Defense fell!</small><br></div><div class="battle-history"><small>The opposing Tirtouga's Attack rose sharply!</small><br></div><div class="battle-history"><small>The opposing Tirtouga's Special Attack rose sharply!</small><br></div><div class="battle-history"><small>The opposing Tirtouga's Speed rose sharply!</small><br></div><div class="spacer battle-history"><br></div><div class="battle-history">Shellos used <strong>Toxic</strong>!<br></div><div class="battle-history"><small>The opposing Tirtouga was badly poisoned!</small><br></div><div class="spacer battle-history"><br></div><div class="battle-history"><small>The opposing Tirtouga was hurt by poison!</small><br></div><div class="spacer battle-history"><br></div><h2 class="battle-history">Turn 5</h2><div class="spacer battle-history"><br></div><div class="battle-history">The opposing Tirtouga used <strong>Earthquake</strong>!<br></div><div class="battle-history"><small>(Shellos lost <abbr title="−26/27">96.3%</abbr> of its health!)</small><br></div><div class="spacer battle-history"><br></div><div class="battle-history">Shellos used <strong>Scald</strong>!<br></div><div class="battle-history"><small>(The opposing Tirtouga lost <abbr title="−18/21">85.7%</abbr> of its health!)</small><br></div><div class="battle-history"><small>(The opposing Tirtouga used its Berry Juice!)</small><br></div><div class="battle-history"><small>The opposing Tirtouga restored HP using its Berry Juice!</small><br></div><div class="spacer battle-history"><br></div><div class="battle-history"><small>The opposing Tirtouga was hurt by poison!</small><br></div><div class="spacer battle-history"><br></div><h2 class="battle-history">Turn 6</h2><div class="spacer battle-history"><br></div><div class="battle-history">The opposing Tirtouga used <strong>Earthquake</strong>!<br></div><div class="battle-history"><small>(Shellos lost <abbr title="−1/27">3.7%</abbr> of its health!)</small><br></div><div class="spacer battle-history"><br></div><div class="battle-history">Shellos fainted!<br></div><div class="spacer battle-history"><br></div><div class="battle-history"><small>The opposing Tirtouga was hurt by poison!</small><br></div><div class="spacer battle-history"><br></div><div class="battle-history">Go! <strong>Scraggy</strong>!<br></div><div class="battle-history"><small>[Scraggy's Intimidate]</small><br></div><div class="battle-history"><small>The opposing Tirtouga's Attack fell!</small><br></div><div class="spacer battle-history"><br></div><h2 class="battle-history">Turn 7</h2><div class="spacer battle-history"><br></div><div class="battle-history">The opposing Tirtouga used <strong>Waterfall</strong>!<br></div><div class="battle-history"><small>A critical hit!</small><br></div><div class="battle-history"><small>(Scraggy lost <abbr title="−22/22">100%</abbr> of its health!)</small><br></div><div class="spacer battle-history"><br></div><div class="battle-history">Scraggy fainted!<br></div><div class="spacer battle-history"><br></div><div class="battle-history"><small>The opposing Tirtouga was hurt by poison!</small><br></div><div class="spacer battle-history"><br></div><div class="battle-history">Go! <strong>Sandile</strong>!<br></div><div class="battle-history"><small>[Sandile's Intimidate]</small><br></div><div class="battle-history"><small>The opposing Tirtouga's Attack fell!</small><br></div><div class="spacer battle-history"><br></div><h2 class="battle-history">Turn 8</h2><div class="spacer battle-history"><br></div><div class="battle-history">The opposing Tirtouga used <strong>Waterfall</strong>!<br></div><div class="battle-history"><small>It's super effective!</small><br></div><div class="battle-history"><small>(Sandile lost <abbr title="−23/23">100%</abbr> of its health!)</small><br></div><div class="spacer battle-history"><br></div><div class="battle-history">Sandile fainted!<br></div><div class="spacer battle-history"><br></div><div class="battle-history"><small>The opposing Tirtouga was hurt by poison!</small><br></div><div class="spacer battle-history"><br></div><div class="battle-history">Go! <strong>Pawniard</strong>!<br></div><div class="spacer battle-history"><br></div><h2 class="battle-history">Turn 9</h2><div class="spacer battle-history"><br></div><div class="battle-history">The opposing Tirtouga used <strong>Aqua Jet</strong>!<br></div><div class="battle-history"><small>(Pawniard lost <abbr title="−10/22">45.5%</abbr> of its health!)</small><br></div><div class="spacer battle-history"><br></div><div class="battle-history">Pawniard used <strong>Sucker Punch</strong>!<br></div><div class="battle-history"><small>But it failed!</small><br></div><div class="spacer battle-history"><br></div><div class="battle-history"><small>The opposing Tirtouga was hurt by poison!</small><br></div><div class="spacer battle-history"><br></div><h2 class="battle-history">Turn 10</h2><div class="spacer battle-history"><br></div><div class="battle-history">The opposing Tirtouga used <strong>Aqua Jet</strong>!<br></div><div class="battle-history"><small>(Pawniard lost <abbr title="−10/22">45.5%</abbr> of its health!)</small><br></div><div class="spacer battle-history"><br></div><div class="battle-history">Pawniard used <strong>Brick Break</strong>!<br></div><div class="battle-history"><small>It's super effective!</small><br></div><div class="battle-history"><small>(The opposing Tirtouga lost <abbr title="−1/21">4.8%</abbr> of its health!)</small><br></div><div class="spacer battle-history"><br></div><div class="battle-history">The opposing Tirtouga fainted!<br></div><div class="spacer battle-history"><br></div><div class="battle-history">NicolasPuraVida sent out <strong>Buneary</strong>!<br></div><div class="spacer battle-history"><br></div><h2 class="battle-history">Turn 11</h2><div class="spacer battle-history"><br></div><div class="battle-history">The opposing Buneary used <strong>Return</strong>!<br></div><div class="battle-history"><small>It's not very effective...</small><br></div><div class="battle-history"><small>(Pawniard lost <abbr title="−2/22">9.1%</abbr> of its health!)</small><br></div><div class="spacer battle-history"><br></div><div class="battle-history">Pawniard fainted!<br></div><div class="spacer battle-history"><br></div><div class="battle-history">Go! <strong>Axew</strong>!<br></div><div class="battle-history"><small>[Axew's Mold Breaker]</small><br><small>Axew breaks the mold!</small><br></div><div class="spacer battle-history"><br></div><h2 class="battle-history">Turn 12</h2><div class="spacer battle-history"><br></div><div class="battle-history">The opposing Buneary used <strong>Return</strong>!<br></div><div class="battle-history"><small>(Axew lost <abbr title="−16/22">72.7%</abbr> of its health!)</small><br></div><div class="spacer battle-history"><br></div><div class="battle-history">Axew used <strong>Dragon Dance</strong>!<br></div><div class="battle-history"><small>Axew's Attack rose!</small><br></div><div class="battle-history"><small>Axew's Speed rose!</small><br></div><div class="spacer battle-history"><br></div><h2 class="battle-history">Turn 13</h2><div class="spacer battle-history"><br></div><div class="battle-history">NicolasPuraVida withdrew Buneary!<br></div><div class="battle-history">NicolasPuraVida sent out <strong>Gastly</strong>!<br></div><div class="spacer battle-history"><br></div><div class="battle-history">Axew used <strong>Superpower</strong>!<br></div><div class="battle-history"><small>It doesn't affect the opposing Gastly...</small><br></div><div class="spacer battle-history"><br></div><h2 class="battle-history">Turn 14</h2><div class="spacer battle-history"><br></div><div class="battle-history">The opposing Gastly used <strong>Dazzling Gleam</strong>!<br></div><div class="battle-history"><small>It's super effective!</small><br></div><div class="battle-history"><small>(Axew lost <abbr title="−6/22">27.3%</abbr> of its health!)</small><br></div><div class="spacer battle-history"><br></div><div class="battle-history">Axew fainted!<br></div><div class="spacer battle-history"><br></div><div class="battle-history">Go! <strong>Charmander</strong>!<br></div><div class="spacer battle-history"><br></div><h2 class="battle-history">Turn 15</h2><div class="spacer battle-history"><br></div><div class="battle-history">NicolasPuraVida withdrew Gastly!<br></div><div class="battle-history">NicolasPuraVida sent out <strong>Timburr</strong>!<br></div><div class="spacer battle-history"><br></div><div class="battle-history">Charmander used <strong>Dragon Claw</strong>!<br></div><div class="battle-history"><small>(The opposing Timburr lost <abbr title="−5/25">20%</abbr> of its health!)</small><br></div><div class="spacer battle-history"><br></div><h2 class="battle-history">Turn 16</h2><div class="spacer battle-history"><br></div><div class="battle-history">Charmander used <strong>Flare Blitz</strong>!<br></div><div class="battle-history"><small>(The opposing Timburr lost <abbr title="−10/25">40%</abbr> of its health!)</small><br></div><div class="battle-history"><small>Charmander is damaged by the recoil!</small><br></div><div class="spacer battle-history"><br></div><div class="battle-history">The opposing Timburr used <strong>Knock Off</strong>!<br></div><div class="battle-history"><small>(Charmander lost <abbr title="−9/23">39.1%</abbr> of its health!)</small><br></div><div class="battle-history"><small>The opposing Timburr knocked off Charmander's Eviolite!</small><br></div><div class="spacer battle-history"><br></div><h2 class="battle-history">Turn 17</h2><div class="spacer battle-history"><br></div><div class="battle-history">The opposing Timburr used <strong>Mach Punch</strong>!<br></div><div class="battle-history"><small>(Charmander lost <abbr title="−9/23">39.1%</abbr> of its health!)</small><br></div><div class="spacer battle-history"><br></div><div class="battle-history">Charmander used <strong>Flare Blitz</strong>!<br></div><div class="battle-history"><small>(The opposing Timburr lost <abbr title="−10/25">40%</abbr> of its health!)</small><br></div><div class="battle-history"><small>Charmander is damaged by the recoil!</small><br></div><div class="spacer battle-history"><br></div><div class="battle-history">The opposing Timburr fainted!<br></div><div class="battle-history">Charmander fainted!<br></div><div class="spacer battle-history"><br></div><div class="battle-history"><strong>NicolasPuraVida</strong> won the battle!<br></div></div><div class="inner-preempt"></div></div></div>
</div>
<script>
let daily = Math.floor(Date.now()/1000/60/60/24);document.write('<script src="https://play.pokemonshowdown.com/js/replay-embed.js?version'+daily+'"></'+'script>');
</script>
