<!DOCTYPE html>
<meta charset="utf-8" />
<!-- version 1 -->
<title>LC replay: Pikasohn vs. Miyare</title>
<style>
html,body {font-family:Verdana, sans-serif;font-size:10pt;margin:0;padding:0;}body{padding:12px 0;} .battle-log {font-family:Verdana, sans-serif;font-size:10pt;} .battle-log-inline {border:1px solid #AAAAAA;background:#EEF2F5;color:black;max-width:640px;margin:0 auto 80px;padding-bottom:5px;} .battle-log .inner {padding:4px 8px 0px 8px;} .battle-log .inner-preempt {padding:0 8px 4px 8px;} .battle-log .inner-after {margin-top:0.5em;} .battle-log h2 {margin:0.5em -8px;padding:4px 8px;border:1px solid #AAAAAA;background:#E0E7EA;border-left:0;border-right:0;font-family:Verdana, sans-serif;font-size:13pt;} .battle-log .chat {vertical-align:middle;padding:3px 0 3px 0;font-size:8pt;} .battle-log .chat strong {color:#40576A;} .battle-log .chat em {padding:1px 4px 1px 3px;color:#000000;font-style:normal;} .chat.mine {background:rgba(0,0,0,0.05);margin-left:-8px;margin-right:-8px;padding-left:8px;padding-right:8px;} .spoiler {color:#BBBBBB;background:#BBBBBB;padding:0px 3px;} .spoiler:hover, .spoiler:active, .spoiler-shown {color:#000000;background:#E2E2E2;padding:0px 3px;} .spoiler a {color:#BBBBBB;} .spoiler:hover a, .spoiler:active a, .spoiler-shown a {color:#2288CC;} .chat code, .chat .spoiler:hover code, .chat .spoiler:active code, .chat .spoiler-shown code {border:1px solid #C0C0C0;background:#EEEEEE;color:black;padding:0 2px;} .chat .spoiler code {border:1px solid #CCCCCC;background:#CCCCCC;color:#CCCCCC;} .battle-log .rated {padding:3px 4px;} .battle-log .rated strong {color:white;background:#89A;padding:1px 4px;border-radius:4px;} .spacer {margin-top:0.5em;} .message-announce {background:#6688AA;color:white;padding:1px 4px 2px;} .message-announce a, .broadcast-green a, .broadcast-blue a, .broadcast-red a {color:#DDEEFF;} .broadcast-green {background-color:#559955;color:white;padding:2px 4px;} .broadcast-blue {background-color:#6688AA;color:white;padding:2px 4px;} .infobox {border:1px solid #6688AA;padding:2px 4px;} .infobox-limited {max-height:200px;overflow:auto;overflow-x:hidden;} .broadcast-red {background-color:#AA5544;color:white;padding:2px 4px;} .message-learn-canlearn {font-weight:bold;color:#228822;text-decoration:underline;} .message-learn-cannotlearn {font-weight:bold;color:#CC2222;text-decoration:underline;} .message-effect-weak {font-weight:bold;color:#CC2222;} .message-effect-resist {font-weight:bold;color:#6688AA;} .message-effect-immune {font-weight:bold;color:#666666;} .message-learn-list {margin-top:0;margin-bottom:0;} .message-throttle-notice, .message-error {color:#992222;} .message-overflow, .chat small.message-overflow {font-size:0pt;} .message-overflow::before {font-size:9pt;content:'...';} .subtle {color:#3A4A66;}
</style>
<div class="wrapper replay-wrapper" style="max-width:1180px;margin:0 auto">
<input type="hidden" name="replayid" value="lc-576234744" />
<div class="battle"></div><div class="battle-log"></div><div class="replay-controls"></div><div class="replay-controls-2"></div>
<h1 style="font-weight:normal;text-align:center"><strong>LC</strong><br /><a href="http://pokemonshowdown.com/users/pikasohn" class="subtle" target="_blank">Pikasohn</a> vs. <a href="http://pokemonshowdown.com/users/miyare" class="subtle" target="_blank">Miyare</a></h1>
<script type="text/plain" class="battle-log-data">|j|Pikasohn
|j|Miyare
|player|p1|Pikasohn|249
|player|p2|Miyare|32
|gametype|singles
|gen|6
|tier|LC
|seed|44498,60063,19663,1766
|clearpoke
|poke|p1|Timburr, L5, M, shiny|item
|poke|p1|Spritzee, L5, F, shiny|item
|poke|p1|Ferroseed, L5, M, shiny|item
|poke|p1|Fletchling, L5, M, shiny|
|poke|p1|Skrelp, L5, M, shiny|item
|poke|p1|Drilbur, L5, M, shiny|item
|poke|p2|Archen, L5, F|item
|poke|p2|Mienfoo, L5, F|item
|poke|p2|Pawniard, L5, M|item
|poke|p2|Diglett, L5, F|item
|poke|p2|Foongus, L5, M|item
|poke|p2|Scraggy, L5, F|item
|rule|Sleep Clause Mod: Limit one foe put to sleep
|rule|Species Clause: Limit one of each Pokémon
|rule|OHKO Clause: OHKO moves are banned
|rule|Moody Clause: Moody is banned
|rule|Evasion Moves Clause: Evasion moves are banned
|rule|Endless Battle Clause: Forcing endless battles is banned
|rule|HP Percentage Mod: HP is shown in percentages
|teampreview
|c|☆Miyare|Hf
|c|☆Pikasohn|u2
|j|WaterlessMelon
|j|Majaspic22
|j|c oc o nut
|j|anime character
|choice|team 1, team 2, team 3, team 4, team 5, team 6|team 2, team 1, team 3, team 4, team 5, team 6
|
|start
|switch|p1a: Tim Purr|Timburr, L5, M, shiny|24\/24
|switch|p2a: Mienfoo|Mienfoo, L5, F|21\/21
|turn|1
|choice|switch 2|move knockoff
|
|switch|p1a: Kirby Much|Spritzee, L5, F, shiny|27\/27
|move|p2a: Mienfoo|Knock Off|p1a: Kirby Much
|-resisted|p1a: Kirby Much
|-damage|p1a: Kirby Much|24\/27
|-enditem|p1a: Kirby Much|Eviolite|[from] move: Knock Off|[of] p2a: Mienfoo
|
|upkeep
|turn|2
|c| anime character|rodri *-*
|choice|move covet|move uturn
|
|move|p2a: Mienfoo|U-turn|p1a: Kirby Much
|-resisted|p1a: Kirby Much
|-damage|p1a: Kirby Much|21\/27
|choice||switch 5
|
|switch|p2a: Foongus|Foongus, L5, M|25\/25
|move|p1a: Kirby Much|Covet|p2a: Foongus
|-damage|p2a: Foongus|22\/25
|-item|p1a: Kirby Much|Eviolite|[from] move: Covet|[of] p2a: Foongus
|
|upkeep
|turn|3
|j|Gummysaurus
|j|ItzViper482
|c| Gummysaurus|PIKASOOOOOOOHN
|choice|switch 3|switch 5
|
|switch|p1a: Warm Hugs|Ferroseed, L5, M, shiny|22\/22
|switch|p2a: Mienfoo|Mienfoo, L5, F|21\/21
|
|upkeep
|turn|4
|c| WaterlessMelon|how?
|j|Finchinator
|choice|move thunderwave|move knockoff
|
|move|p2a: Mienfoo|Knock Off|p1a: Warm Hugs
|-damage|p1a: Warm Hugs|16\/22
|-damage|p2a: Mienfoo|19\/21|[from] ability: Iron Barbs|[of] p1a: Warm Hugs
|-enditem|p1a: Warm Hugs|Eviolite|[from] move: Knock Off|[of] p2a: Mienfoo
|move|p1a: Warm Hugs|Thunder Wave|p2a: Mienfoo
|-status|p2a: Mienfoo|par
|
|upkeep
|turn|5
|j|Drew
|choice|switch 3|move uturn
|
|switch|p1a: Kirby Much|Spritzee, L5, F, shiny|21\/27
|cant|p2a: Mienfoo|par
|
|upkeep
|turn|6
|c| Drew|GOOOOOOOOOOOOOOOOOOO PIKA
|c| WaterlessMelon|classic
|choice|move wish|switch 5
|
|switch|p2a: Foongus|Foongus, L5, M|25\/25
|move|p1a: Kirby Much|Wish|p1a: Kirby Much
|
|upkeep
|turn|7
|c| Drew|\/me drews
|l|Finchinator
|c|☆Pikasohn|my goal of this game
|choice|switch 3|switch 5
|
|switch|p1a: Warm Hugs|Ferroseed, L5, M, shiny|16\/22
|switch|p2a: Mienfoo|Mienfoo, L5, F|21\/21 par
|
|-heal|p1a: Warm Hugs|22\/22|[from] move: Wish|[wisher] Kirby Much
|upkeep
|turn|8
|c|☆Pikasohn|is to para all six mons
|j|Finchinator
|c| Drew|im down
|choice|switch 3|move drainpunch
|
|switch|p1a: Kirby Much|Spritzee, L5, F, shiny|21\/27
|move|p2a: Mienfoo|Drain Punch|p1a: Kirby Much
|-resisted|p1a: Kirby Much
|-damage|p1a: Kirby Much|18\/27
|
|upkeep
|turn|9
|j|Void
|c| WaterlessMelon|chip
|choice|switch 4|move uturn
|
|switch|p1a: Dead Bird|Fletchling, L5, M, shiny|23\/23
|move|p2a: Mienfoo|U-turn|p1a: Dead Bird
|-resisted|p1a: Dead Bird
|-damage|p1a: Dead Bird|19\/23
|choice||switch 2
|
|switch|p2a: Archen|Archen, L5, F|23\/23
|
|upkeep
|turn|10
|c| ItzViper482|melon how do you feel about our series being a tie
|choice|switch 6|move stealthrock
|
|switch|p1a: Molekek|Drilbur, L5, M, shiny|22\/22
|-ability|p1a: Molekek|Mold Breaker
|move|p2a: Archen|Stealth Rock|p1a: Molekek
|-sidestart|p1: Pikasohn|move: Stealth Rock
|
|upkeep
|turn|11
|c| WaterlessMelon|how do you feel about that last turn oml
|l|Finchinator
|l|ItzViper482
|choice|move rocktomb|move uturn
|
|move|p1a: Molekek|Rock Tomb|p2a: Archen
|-supereffective|p2a: Archen
|-damage|p2a: Archen|9\/23
|-unboost|p2a: Archen|spe|1
|-enditem|p2a: Archen|Berry Juice
|-heal|p2a: Archen|23\/23|[from] item: Berry Juice
|move|p2a: Archen|U-turn|p1a: Molekek
|-damage|p1a: Molekek|12\/22
|j|ItzViper482
|choice||switch 4
|
|switch|p2a: Diglett|Diglett, L5, F|18\/18
|
|upkeep
|turn|12
|choice|move rapidspin|move earthquake
|
|move|p2a: Diglett|Earthquake|p1a: Molekek
|-damage|p1a: Molekek|0 fnt
|-damage|p2a: Diglett|17\/18|[from] item: Life Orb
|faint|p1a: Molekek
|
|upkeep
|choice|switch 3|
|
|switch|p1a: Warm Hugs|Ferroseed, L5, M, shiny|22\/22
|-damage|p1a: Warm Hugs|21\/22|[from] stealthrock
|turn|13
|choice|move bulletseed|switch 2
|
|switch|p2a: Mienfoo|Mienfoo, L5, F|21\/21 par
|move|p1a: Warm Hugs|Bullet Seed|p2a: Mienfoo
|-damage|p2a: Mienfoo|18\/21 par
|-damage|p2a: Mienfoo|15\/21 par
|-damage|p2a: Mienfoo|12\/21 par
|-hitcount|p2a: Mienfoo|3
|
|upkeep
|turn|14
|choice|switch 4|move drainpunch
|
|switch|p1a: Kirby Much|Spritzee, L5, F, shiny|18\/27
|-damage|p1a: Kirby Much|15\/27|[from] stealthrock
|move|p2a: Mienfoo|Drain Punch|p1a: Kirby Much
|-resisted|p1a: Kirby Much
|-damage|p1a: Kirby Much|12\/27
|-heal|p2a: Mienfoo|14\/21 par|[from] drain|[of] p1a: Kirby Much
|
|upkeep
|turn|15
|j|Altarielv^o^nSweep
|choice|move wish|switch 5
|
|switch|p2a: Foongus|Foongus, L5, M|25\/25
|move|p1a: Kirby Much|Wish|p1a: Kirby Much
|
|upkeep
|turn|16
|choice|move protect|move sludgebomb
|
|move|p1a: Kirby Much|Protect|p1a: Kirby Much
|-singleturn|p1a: Kirby Much|Protect
|move|p2a: Foongus|Sludge Bomb|p1a: Kirby Much
|-activate|p1a: Kirby Much|move: Protect
|
|-heal|p1a: Kirby Much|25\/27|[from] move: Wish|[wisher] Kirby Much
|upkeep
|turn|17
|choice|switch 4|move spore
|
|switch|p1a: Warm Hugs|Ferroseed, L5, M, shiny|21\/22
|-damage|p1a: Warm Hugs|20\/22|[from] stealthrock
|move|p2a: Foongus|Spore|p1a: Warm Hugs
|-immune|p1a: Warm Hugs|[msg]
|
|upkeep
|turn|18
|choice|move stealthrock|switch 5
|
|switch|p2a: Mienfoo|Mienfoo, L5, F|21\/21 par
|move|p1a: Warm Hugs|Stealth Rock|p2a: Mienfoo
|-sidestart|p2: Miyare|move: Stealth Rock
|
|upkeep
|turn|19
|j|Finchinator
|choice|move knockoff|move knockoff
|
|move|p1a: Warm Hugs|Knock Off|p2a: Mienfoo
|-resisted|p2a: Mienfoo
|-damage|p2a: Mienfoo|18\/21 par
|-enditem|p2a: Mienfoo|Eviolite|[from] move: Knock Off|[of] p1a: Warm Hugs
|cant|p2a: Mienfoo|par
|
|upkeep
|turn|20
|choice|switch 4|move drainpunch
|
|switch|p1a: Kirby Much|Spritzee, L5, F, shiny|25\/27
|-damage|p1a: Kirby Much|22\/27|[from] stealthrock
|move|p2a: Mienfoo|Drain Punch|p1a: Kirby Much
|-resisted|p1a: Kirby Much
|-damage|p1a: Kirby Much|19\/27
|-heal|p2a: Mienfoo|20\/21 par|[from] drain|[of] p1a: Kirby Much
|
|upkeep
|turn|21
|choice|move moonblast|switch 5
|
|switch|p2a: Foongus|Foongus, L5, M|25\/25
|-damage|p2a: Foongus|22\/25|[from] stealthrock
|move|p1a: Kirby Much|Moonblast|p2a: Foongus
|-resisted|p2a: Foongus
|-damage|p2a: Foongus|17\/25
|-unboost|p2a: Foongus|spa|1
|
|upkeep
|turn|22
|choice|switch 4|switch 3
|
|switch|p1a: Warm Hugs|Ferroseed, L5, M, shiny|20\/22
|-damage|p1a: Warm Hugs|19\/22|[from] stealthrock
|switch|p2a: Pawniard|Pawniard, L5, M|21\/21
|-damage|p2a: Pawniard|20\/21|[from] stealthrock
|
|upkeep
|turn|23
|l|Finchinator
|choice|move thunderwave|switch 5
|
|switch|p2a: Mienfoo|Mienfoo, L5, F|21\/21 par
|-damage|p2a: Mienfoo|20\/21 par|[from] stealthrock
|move|p1a: Warm Hugs|Thunder Wave|p2a: Mienfoo
|-fail|p2a: Mienfoo|par
|
|upkeep
|turn|24
|l|Altarielv^o^nSweep
|choice|move bulletseed|move drainpunch
|
|move|p1a: Warm Hugs|Bullet Seed|p2a: Mienfoo
|-damage|p2a: Mienfoo|16\/21 par
|-damage|p2a: Mienfoo|12\/21 par
|-damage|p2a: Mienfoo|8\/21 par
|-damage|p2a: Mienfoo|4\/21 par
|-damage|p2a: Mienfoo|0 fnt
|-hitcount|p2a: Mienfoo|5
|faint|p2a: Mienfoo
|
|upkeep
|c|☆Miyare|Ugh
|c|☆Pikasohn|nicae
|choice||switch 6
|
|switch|p2a: Scraggy|Scraggy, L5, F|23\/23
|-damage|p2a: Scraggy|22\/23|[from] stealthrock
|turn|25
|choice|switch 2|move highjumpkick
|
|switch|p1a: Tim Purr|Timburr, L5, M, shiny|24\/24
|-damage|p1a: Tim Purr|23\/24|[from] stealthrock
|move|p2a: Scraggy|High Jump Kick|p1a: Tim Purr
|-damage|p1a: Tim Purr|13\/24
|
|upkeep
|turn|26
|choice|switch 6|switch 3
|
|switch|p2a: Foongus|Foongus, L5, M|25\/25
|-damage|p2a: Foongus|22\/25|[from] stealthrock
|switch|p1a: Dead Bird|Fletchling, L5, M, shiny|19\/23
|-damage|p1a: Dead Bird|14\/23|[from] stealthrock
|
|upkeep
|turn|27
|choice|move acrobatics|switch 4
|
|switch|p2a: Archen|Archen, L5, F|23\/23
|-damage|p2a: Archen|18\/23|[from] stealthrock
|move|p1a: Dead Bird|Acrobatics|p2a: Archen
|-resisted|p2a: Archen
|-damage|p2a: Archen|9\/23
|
|upkeep
|turn|28
|j|Quite Quiet
|j|Finchinator
|choice|switch 2|move acrobatics
|
|switch|p1a: Warm Hugs|Ferroseed, L5, M, shiny|19\/22
|-damage|p1a: Warm Hugs|18\/22|[from] stealthrock
|move|p2a: Archen|Acrobatics|p1a: Warm Hugs
|-damage|p1a: Warm Hugs|11\/22
|-damage|p2a: Archen|7\/23|[from] ability: Iron Barbs|[of] p1a: Warm Hugs
|
|upkeep
|turn|29
|choice|move thunderwave|move uturn
|
|move|p2a: Archen|U-turn|p1a: Warm Hugs
|-damage|p1a: Warm Hugs|8\/22
|-damage|p2a: Archen|5\/23|[from] ability: Iron Barbs|[of] p1a: Warm Hugs
|choice||switch 4
|
|switch|p2a: Foongus|Foongus, L5, M|25\/25
|-damage|p2a: Foongus|22\/25|[from] stealthrock
|move|p1a: Warm Hugs|Thunder Wave|p2a: Foongus
|-status|p2a: Foongus|par
|
|upkeep
|turn|30
|l|Finchinator
|choice|move knockoff|move hiddenpower
|
|move|p1a: Warm Hugs|Knock Off|p2a: Foongus
|-damage|p2a: Foongus|17\/25 par
|move|p2a: Foongus|Hidden Power|p1a: Warm Hugs
|-supereffective|p1a: Warm Hugs
|-damage|p1a: Warm Hugs|0 fnt
|faint|p1a: Warm Hugs
|
|upkeep
|choice|switch 2|
|
|switch|p1a: Dead Bird|Fletchling, L5, M, shiny|14\/23
|-damage|p1a: Dead Bird|9\/23|[from] stealthrock
|turn|31
|choice|move tailwind|switch 4
|
|switch|p2a: Archen|Archen, L5, F|5\/23
|-damage|p2a: Archen|0 fnt|[from] stealthrock
|faint|p2a: Archen
|move|p1a: Dead Bird|Tailwind|p1a: Dead Bird
|-sidestart|p1: Pikasohn|move: Tailwind
|
|upkeep
|choice||switch 5
|
|switch|p2a: Pawniard|Pawniard, L5, M|20\/21
|-damage|p2a: Pawniard|19\/21|[from] stealthrock
|turn|32
|j|Finchinator
|choice|switch 6|move ironhead
|
|switch|p1a: Tim Purr|Timburr, L5, M, shiny|13\/24
|-damage|p1a: Tim Purr|12\/24|[from] stealthrock
|move|p2a: Pawniard|Iron Head|p1a: Tim Purr
|-damage|p1a: Tim Purr|3\/24
|
|upkeep
|turn|33
|j|Joltage
|l|Finchinator
|c|☆Miyare|Test
|inactive|Battle timer is ON: inactive players will automatically lose when time's up. (requested by Miyare)
|j|Finchinator
|c|☆Pikasohn|dw
|c|☆Pikasohn|I'm online
|c|☆Pikasohn|just thinking
|c|☆Miyare|Its for me
|c| WaterlessMelon|damn
|c|☆Miyare|If tje time dont pass i know that my net is falling
|choice|move machpunch|switch 4
|
|switch|p2a: Foongus|Foongus, L5, M|25\/25 par
|-damage|p2a: Foongus|22\/25 par|[from] stealthrock
|move|p1a: Tim Purr|Mach Punch|p2a: Foongus
|-resisted|p2a: Foongus
|-damage|p2a: Foongus|19\/25 par
|
|upkeep
|turn|34
|l|Finchinator
|choice|move drainpunch|move spore
|
|move|p1a: Tim Purr|Drain Punch|p2a: Foongus
|-resisted|p2a: Foongus
|-damage|p2a: Foongus|14\/25 par
|-heal|p1a: Tim Purr|6\/24|[from] drain|[of] p2a: Foongus
|move|p2a: Foongus|Spore|p1a: Tim Purr
|-status|p1a: Tim Purr|slp
|
|-sideend|p1: Pikasohn|move: Tailwind
|upkeep
|turn|35
|choice|move knockoff|switch 3
|
|switch|p2a: Scraggy|Scraggy, L5, F|22\/23
|-damage|p2a: Scraggy|21\/23|[from] stealthrock
|cant|p1a: Tim Purr|slp
|
|upkeep
|turn|36
|choice|switch 4|move drainpunch
|
|switch|p1a: Kirby Much|Spritzee, L5, F, shiny|19\/27
|-damage|p1a: Kirby Much|16\/27|[from] stealthrock
|move|p2a: Scraggy|Drain Punch|p1a: Kirby Much
|-resisted|p1a: Kirby Much
|-damage|p1a: Kirby Much|13\/27
|-heal|p2a: Scraggy|23\/23|[from] drain|[of] p1a: Kirby Much
|
|upkeep
|turn|37
|j|starmaster
|choice|switch 5|move knockoff
|
|switch|p1a: Wine Dragon|Skrelp, L5, M, shiny|23\/23
|-damage|p1a: Wine Dragon|21\/23|[from] stealthrock
|move|p2a: Scraggy|Knock Off|p1a: Wine Dragon
|-damage|p1a: Wine Dragon|12\/23
|-enditem|p1a: Wine Dragon|Eviolite|[from] move: Knock Off|[of] p2a: Scraggy
|
|upkeep
|turn|38
|j|Finchinator
|l|starmaster
|l|Finchinator
|choice|move scald|move dragondance
|
|move|p2a: Scraggy|Dragon Dance|p2a: Scraggy
|-boost|p2a: Scraggy|atk|1
|-boost|p2a: Scraggy|spe|1
|move|p1a: Wine Dragon|Scald|p2a: Scraggy
|-damage|p2a: Scraggy|13\/23
|
|upkeep
|turn|39
|choice|switch 4|move highjumpkick
|
|switch|p1a: Tim Purr|Timburr, L5, M, shiny|6\/24 slp
|-damage|p1a: Tim Purr|5\/24 slp|[from] stealthrock
|move|p2a: Scraggy|High Jump Kick|p1a: Tim Purr
|-damage|p1a: Tim Purr|0 fnt
|faint|p1a: Tim Purr
|
|upkeep
|choice|switch 6|
|
|switch|p1a: Dead Bird|Fletchling, L5, M, shiny|9\/23
|-damage|p1a: Dead Bird|4\/23|[from] stealthrock
|turn|40
|j|levi
|choice|move acrobatics|move drainpunch
|
|move|p1a: Dead Bird|Acrobatics|p2a: Scraggy
|-supereffective|p2a: Scraggy
|-crit|p2a: Scraggy
|-damage|p2a: Scraggy|0 fnt
|faint|p2a: Scraggy
|
|upkeep
|choice||switch 4
|
|switch|p2a: Pawniard|Pawniard, L5, M|19\/21
|-damage|p2a: Pawniard|18\/21|[from] stealthrock
|turn|41
|choice|move tailwind|move ironhead
|
|move|p1a: Dead Bird|Tailwind|p1a: Dead Bird
|-sidestart|p1: Pikasohn|move: Tailwind
|move|p2a: Pawniard|Iron Head|p1a: Dead Bird
|-damage|p1a: Dead Bird|0 fnt
|faint|p1a: Dead Bird
|
|upkeep
|choice|switch 4|
|
|switch|p1a: Wine Dragon|Skrelp, L5, M, shiny|12\/23
|-damage|p1a: Wine Dragon|10\/23|[from] stealthrock
|turn|42
|j|Finchinator
|choice|move scald|switch 3
|
|switch|p2a: Foongus|Foongus, L5, M|22\/25 par
|-damage|p2a: Foongus|19\/25 par|[from] stealthrock
|move|p1a: Wine Dragon|Scald|p2a: Foongus
|-resisted|p2a: Foongus
|-damage|p2a: Foongus|12\/25 par
|
|upkeep
|turn|43
|j|pablonito
|c| ItzViper482|this is tense
|c| pablonito|is this jeean
|c| pablonito|jeran
|c|☆Pikasohn|no a second sub
|j|Destiny Spinach
|choice|move scald|move spore
|
|move|p1a: Wine Dragon|Scald|p2a: Foongus
|-resisted|p2a: Foongus
|-damage|p2a: Foongus|5\/25 par
|move|p2a: Foongus|Spore|p1a: Wine Dragon
|-status|p1a: Wine Dragon|slp
|
|upkeep
|turn|44
|c| pablonito|who then
|choice|move sleeptalk|switch 2
|
|switch|p2a: Diglett|Diglett, L5, F|17\/18
|-damage|p2a: Diglett|16\/18|[from] stealthrock
|cant|p1a: Wine Dragon|slp
|move|p1a: Wine Dragon|Sleep Talk|p1a: Wine Dragon
|move|p1a: Wine Dragon|Scald|p2a: Diglett|[from]Sleep Talk
|-supereffective|p2a: Diglett
|-damage|p2a: Diglett|0 fnt
|faint|p2a: Diglett
|
|-sideend|p1: Pikasohn|move: Tailwind
|upkeep
|c|☆Pikasohn|YES
|c| ItzViper482|WAKE ME UP
|choice||switch 3
|
|switch|p2a: Pawniard|Pawniard, L5, M|18\/21
|-damage|p2a: Pawniard|17\/21|[from] stealthrock
|turn|45
|c| pablonito|who is miyare
|c| WaterlessMelon|Rodri
|c|☆Pikasohn|wait nvm
|c| pablonito|rodriblutar?
|c| Finchinator|Don't u still lose
|c|☆Pikasohn|idk that didn't change anything yeah
|c| WaterlessMelon|It only prolonged the inevitable
|choice|move sleeptalk|move knockoff
|
|move|p2a: Pawniard|Knock Off|p1a: Wine Dragon
|-damage|p1a: Wine Dragon|0 fnt
|faint|p1a: Wine Dragon
|
|upkeep
|choice|switch 5|
|
|switch|p1a: Kirby Much|Spritzee, L5, F, shiny|13\/27
|-damage|p1a: Kirby Much|10\/27|[from] stealthrock
|turn|46
|c|☆Pikasohn|gg
|c| pablonito|good job melon!!1
|choice|move moonblast|move knockoff
|
|move|p2a: Pawniard|Knock Off|p1a: Kirby Much
|-resisted|p1a: Kirby Much
|-damage|p1a: Kirby Much|6\/27
|-enditem|p1a: Kirby Much|Eviolite|[from] move: Knock Off|[of] p2a: Pawniard
|move|p1a: Kirby Much|Moonblast|p2a: Pawniard
|-damage|p2a: Pawniard|4\/21
|
|upkeep
|turn|47
|choice|move moonblast|switch 2
|
|switch|p2a: Foongus|Foongus, L5, M|13\/25 par
|-damage|p2a: Foongus|10\/25 par|[from] stealthrock
|move|p1a: Kirby Much|Moonblast|p2a: Foongus
|-resisted|p2a: Foongus
|-damage|p2a: Foongus|4\/25 par
|
|upkeep
|turn|48
|c|☆Pikasohn|erm
|c|☆Pikasohn|?
|c| WaterlessMelon|?
|choice|move wish|move sludgebomb
|
|move|p1a: Kirby Much|Wish|p1a: Kirby Much
|move|p2a: Foongus|Sludge Bomb|p1a: Kirby Much
|-supereffective|p1a: Kirby Much
|-damage|p1a: Kirby Much|0 fnt
|faint|p1a: Kirby Much
|
|win|Miyare
|c|☆Pikasohn|gg
|l|pablonito
|c| ItzViper482|what if he paraed there
|c|☆Miyare|Gg
|c| ItzViper482|lol
|c| WaterlessMelon|R O D R I
|c| Gummysaurus|where was the para
|c| Gummysaurus|omg
|c| WaterlessMelon|He was scarf
|c| WaterlessMelon|Noobs
|l|ItzViper482
|l|Joltage
|l|Gummysaurus
|l|anime character
|l|Destiny Spinach
|l|Miyare
|l|Finchinator
|l|Void
|l|Quite Quiet
|l|levi
|l|Pikasohn
|j|ItzViper482</script>
</div>
<div class="battle-log battle-log-inline"><div class="inner"><div class="battle-options"></div><div class="inner"><div class="chat"><small>Pikasohn joined.</small></div><div class="chat"><small>Miyare joined.</small></div><div class=""><small>Format:</small> <br><strong>LC</strong></div><div class=""><small><em>Sleep Clause Mod:</em> Limit one foe put to sleep</small></div><div class=""><small><em>Species Clause:</em> Limit one of each Pokémon</small></div><div class=""><small><em>OHKO Clause:</em> OHKO moves are banned</small></div><div class=""><small><em>Moody Clause:</em> Moody is banned</small></div><div class=""><small><em>Evasion Moves Clause:</em> Evasion moves are banned</small></div><div class=""><small><em>Endless Battle Clause:</em> Forcing endless battles is banned</small></div><div class=""><small><em>HP Percentage Mod:</em> HP is shown in percentages</small></div><div class="chat battle-history"><strong>Pikasohn's team:</strong> <em style="color:#445566;display:block;">Timburr / Spritzee / Ferroseed / Fletchling / Skrelp / Drilbur</em></div><div class="chat battle-history"><strong>Miyare's team:</strong> <em style="color:#445566;display:block;">Archen / Mienfoo / Pawniard / Diglett / Foongus / Scraggy</em></div><div class="chat chatmessage-miyare"><strong style="color:hsl(316,59%,44%)"><small>☆</small><span class="username" data-name="Miyare">Miyare</span>:</strong> <em>Hf</em></div><div class="chat chatmessage-pikasohn"><strong style="color:hsl(222,62%,53.26822290541029%)"><small>☆</small><span class="username" data-name="Pikasohn">Pikasohn</span>:</strong> <em>u2</em></div><div class="chat"><small>WaterlessMelon joined.</small></div><div class="chat"><small>Majaspic22 joined.</small></div><div class="chat"><small>c oc o nut joined.</small></div><div class="chat"><small>anime character joined.</small></div><div class="spacer battle-history"><br></div><div class="battle-history">Battle started between Pikasohn and Miyare!<br></div><div class="spacer battle-history"><br></div><div class="battle-history">Go! Tim Purr (<strong>Timburr</strong>)!<br></div><div class="spacer battle-history"><br></div><div class="battle-history">Miyare sent out <strong>Mienfoo</strong>!<br></div><div class="spacer battle-history"><br></div><h2 class="battle-history">Turn 1</h2><div class="spacer battle-history"><br></div><div class="battle-history">Tim Purr, come back!<br></div><div class="battle-history">Go! Kirby Much (<strong>Spritzee</strong>)!<br></div><div class="spacer battle-history"><br></div><div class="battle-history">The opposing Mienfoo used <strong>Knock Off</strong>!<br></div><div class="battle-history"><small>It's not very effective...</small><br></div><div class="battle-history"><small>(Kirby Much lost <abbr title="−3/27">11.1%</abbr> of its health!)</small><br></div><div class="battle-history"><small>The opposing Mienfoo knocked off Kirby Much's Eviolite!</small><br></div><div class="spacer battle-history"><br></div><h2 class="battle-history">Turn 2</h2><div class="chat chatmessage-animecharacter"><strong style="color:hsl(318,79%,43.50528515454572%)"><small> </small><span class="username" data-name="anime character">anime character</span>:</strong> <em>rodri *-*</em></div><div class="spacer battle-history"><br></div><div class="battle-history">The opposing Mienfoo used <strong>U-turn</strong>!<br></div><div class="battle-history"><small>It's not very effective...</small><br></div><div class="battle-history"><small>(Kirby Much lost <abbr title="−3/27">11.1%</abbr> of its health!)</small><br></div><div class="spacer battle-history"><br></div><div class="battle-history">The opposing Mienfoo went back to Miyare!<br></div><div class="battle-history">Miyare sent out <strong>Foongus</strong>!<br></div><div class="spacer battle-history"><br></div><div class="battle-history">Kirby Much used <strong>Covet</strong>!<br></div><div class="battle-history"><small>(The opposing Foongus lost <abbr title="−3/25">12%</abbr> of its health!)</small><br></div><div class="battle-history"><small>Kirby Much stole the opposing Foongus's Eviolite!</small><br></div><div class="spacer battle-history"><br></div><h2 class="battle-history">Turn 3</h2><div class="chat"><small>Gummysaurus joined.</small></div><div class="chat"><small>ItzViper482 joined.</small></div><div class="chat chatmessage-gummysaurus"><strong style="color:hsl(87,53%,42.28892728853937%)"><small> </small><span class="username" data-name="Gummysaurus">Gummysaurus</span>:</strong> <em>PIKASOOOOOOOHN</em></div><div class="spacer battle-history"><br></div><div class="battle-history">Kirby Much, come back!<br></div><div class="battle-history">Go! Warm Hugs (<strong>Ferroseed</strong>)!<br></div><div class="spacer battle-history"><br></div><div class="battle-history">Miyare withdrew Foongus!<br></div><div class="battle-history">Miyare sent out <strong>Mienfoo</strong>!<br></div><div class="spacer battle-history"><br></div><h2 class="battle-history">Turn 4</h2><div class="chat chatmessage-waterlessmelon"><strong style="color:hsl(277,53%,51.00799772909534%)"><small> </small><span class="username" data-name="WaterlessMelon">WaterlessMelon</span>:</strong> <em>how?</em></div><div class="chat"><small>Finchinator joined.</small></div><div class="spacer battle-history"><br></div><div class="battle-history">The opposing Mienfoo used <strong>Knock Off</strong>!<br></div><div class="battle-history"><small>(Warm Hugs lost <abbr title="−6/22">27.3%</abbr> of its health!)</small><br></div><div class="battle-history"><small>[Warm Hugs's Iron Barbs]</small><br><small>The opposing Mienfoo was hurt!</small><br></div><div class="battle-history"><small>The opposing Mienfoo knocked off Warm Hugs's Eviolite!</small><br></div><div class="spacer battle-history"><br></div><div class="battle-history">Warm Hugs used <strong>Thunder Wave</strong>!<br></div><div class="battle-history"><small>The opposing Mienfoo is paralyzed! It may be unable to move!</small><br></div><div class="spacer battle-history"><br></div><h2 class="battle-history">Turn 5</h2><div class="chat"><small>Drew joined.</small></div><div class="spacer battle-history"><br></div><div class="battle-history">Warm Hugs, come back!<br></div><div class="battle-history">Go! Kirby Much (<strong>Spritzee</strong>)!<br></div><div class="spacer battle-history"><br></div><div class="battle-history">The opposing Mienfoo is paralyzed! It can't move!<br></div><div class="spacer battle-history"><br></div><h2 class="battle-history">Turn 6</h2><div class="chat chatmessage-drew"><strong style="color:hsl(54,79%,34.52871986776996%)"><small> </small><span class="username" data-name="Drew">Drew</span>:</strong> <em>GOOOOOOOOOOOOOOOOOOO PIKA</em></div><div class="chat chatmessage-waterlessmelon"><strong style="color:hsl(277,53%,51.00799772909534%)"><small> </small><span class="username" data-name="WaterlessMelon">WaterlessMelon</span>:</strong> <em>classic</em></div><div class="spacer battle-history"><br></div><div class="battle-history">Miyare withdrew Mienfoo!<br></div><div class="battle-history">Miyare sent out <strong>Foongus</strong>!<br></div><div class="spacer battle-history"><br></div><div class="battle-history">Kirby Much used <strong>Wish</strong>!<br></div><div class="spacer battle-history"><br></div><h2 class="battle-history">Turn 7</h2><div class="chat chatmessage-drew"><em><i><strong style="color:hsl(54,79%,34.52871986776996%)">• <small> </small><span class="username" data-name="Drew">Drew</span></strong> drews</i></em></div><div class="chat"><small>Finchinator left.</small></div><div class="chat chatmessage-pikasohn"><strong style="color:hsl(222,62%,53.26822290541029%)"><small>☆</small><span class="username" data-name="Pikasohn">Pikasohn</span>:</strong> <em>my goal of this game</em></div><div class="spacer battle-history"><br></div><div class="battle-history">Kirby Much, come back!<br></div><div class="battle-history">Go! Warm Hugs (<strong>Ferroseed</strong>)!<br></div><div class="spacer battle-history"><br></div><div class="battle-history">Miyare withdrew Foongus!<br></div><div class="battle-history">Miyare sent out <strong>Mienfoo</strong>!<br></div><div class="spacer battle-history"><br></div><div class="battle-history"><small>Kirby Much's wish came true!</small><br></div><div class="spacer battle-history"><br></div><h2 class="battle-history">Turn 8</h2><div class="chat chatmessage-pikasohn"><strong style="color:hsl(222,62%,53.26822290541029%)"><small>☆</small><span class="username" data-name="Pikasohn">Pikasohn</span>:</strong> <em>is to para all six mons</em></div><div class="chat"><small>Finchinator joined.</small></div><div class="chat chatmessage-drew"><strong style="color:hsl(54,79%,34.52871986776996%)"><small> </small><span class="username" data-name="Drew">Drew</span>:</strong> <em>im down</em></div><div class="spacer battle-history"><br></div><div class="battle-history">Warm Hugs, come back!<br></div><div class="battle-history">Go! Kirby Much (<strong>Spritzee</strong>)!<br></div><div class="spacer battle-history"><br></div><div class="battle-history">The opposing Mienfoo used <strong>Drain Punch</strong>!<br></div><div class="battle-history"><small>It's not very effective...</small><br></div><div class="battle-history"><small>(Kirby Much lost <abbr title="−3/27">11.1%</abbr> of its health!)</small><br></div><div class="spacer battle-history"><br></div><h2 class="battle-history">Turn 9</h2><div class="chat"><small>Void joined.</small></div><div class="chat chatmessage-waterlessmelon"><strong style="color:hsl(277,53%,51.00799772909534%)"><small> </small><span class="username" data-name="WaterlessMelon">WaterlessMelon</span>:</strong> <em>chip</em></div><div class="spacer battle-history"><br></div><div class="battle-history">Kirby Much, come back!<br></div><div class="battle-history">Go! Dead Bird (<strong>Fletchling</strong>)!<br></div><div class="spacer battle-history"><br></div><div class="battle-history">The opposing Mienfoo used <strong>U-turn</strong>!<br></div><div class="battle-history"><small>It's not very effective...</small><br></div><div class="battle-history"><small>(Dead Bird lost <abbr title="−4/23">17.4%</abbr> of its health!)</small><br></div><div class="spacer battle-history"><br></div><div class="battle-history">The opposing Mienfoo went back to Miyare!<br></div><div class="battle-history">Miyare sent out <strong>Archen</strong>!<br></div><div class="spacer battle-history"><br></div><h2 class="battle-history">Turn 10</h2><div class="chat chatmessage-itzviper482"><strong style="color:hsl(213,55%,47.223109525696195%)"><small> </small><span class="username" data-name="ItzViper482">ItzViper482</span>:</strong> <em>melon how do you feel about our series being a tie</em></div><div class="spacer battle-history"><br></div><div class="battle-history">Dead Bird, come back!<br></div><div class="battle-history">Go! Molekek (<strong>Drilbur</strong>)!<br></div><div class="battle-history"><small>[Molekek's Mold Breaker]</small><br><small>Molekek breaks the mold!</small><br></div><div class="spacer battle-history"><br></div><div class="battle-history">The opposing Archen used <strong>Stealth Rock</strong>!<br></div><div class="battle-history"><small>Pointed stones float in the air around your team!</small><br></div><div class="spacer battle-history"><br></div><h2 class="battle-history">Turn 11</h2><div class="chat chatmessage-waterlessmelon"><strong style="color:hsl(277,53%,51.00799772909534%)"><small> </small><span class="username" data-name="WaterlessMelon">WaterlessMelon</span>:</strong> <em>how do you feel about that last turn oml</em></div><div class="chat"><small>Finchinator left.</small></div><div class="chat"><small>ItzViper482 left.</small></div><div class="spacer battle-history"><br></div><div class="battle-history">Molekek used <strong>Rock Tomb</strong>!<br></div><div class="battle-history"><small>It's super effective!</small><br></div><div class="battle-history"><small>(The opposing Archen lost <abbr title="−14/23">60.9%</abbr> of its health!)</small><br></div><div class="battle-history"><small>The opposing Archen's Speed fell!</small><br></div><div class="battle-history"><small>(The opposing Archen used its Berry Juice!)</small><br></div><div class="battle-history"><small>The opposing Archen restored HP using its Berry Juice!</small><br></div><div class="spacer battle-history"><br></div><div class="battle-history">The opposing Archen used <strong>U-turn</strong>!<br></div><div class="battle-history"><small>(Molekek lost <abbr title="−10/22">45.5%</abbr> of its health!)</small><br></div><div class="chat"><small>ItzViper482 joined.</small></div><div class="spacer battle-history"><br></div><div class="battle-history">The opposing Archen went back to Miyare!<br></div><div class="battle-history">Miyare sent out <strong>Diglett</strong>!<br></div><div class="spacer battle-history"><br></div><h2 class="battle-history">Turn 12</h2><div class="spacer battle-history"><br></div><div class="battle-history">The opposing Diglett used <strong>Earthquake</strong>!<br></div><div class="battle-history"><small>(Molekek lost <abbr title="−12/22">54.5%</abbr> of its health!)</small><br></div><div class="battle-history"><small>The opposing Diglett lost some of its HP!</small><br></div><div class="spacer battle-history"><br></div><div class="battle-history">Molekek fainted!<br></div><div class="spacer battle-history"><br></div><div class="battle-history">Go! Warm Hugs (<strong>Ferroseed</strong>)!<br></div><div class="battle-history"><small>Pointed stones dug into Warm Hugs!</small><br></div><div class="spacer battle-history"><br></div><h2 class="battle-history">Turn 13</h2><div class="spacer battle-history"><br></div><div class="battle-history">Miyare withdrew Diglett!<br></div><div class="battle-history">Miyare sent out <strong>Mienfoo</strong>!<br></div><div class="spacer battle-history"><br></div><div class="battle-history">Warm Hugs used <strong>Bullet Seed</strong>!<br></div><div class="battle-history"><small>(The opposing Mienfoo lost <abbr title="−3/21">14.3%</abbr> of its health!)</small><br></div><div class="battle-history"><small>(The opposing Mienfoo lost <abbr title="−3/21">14.3%</abbr> of its health!)</small><br></div><div class="battle-history"><small>(The opposing Mienfoo lost <abbr title="−3/21">14.3%</abbr> of its health!)</small><br></div><div class="battle-history"><small>Hit 3 times!</small><br></div><div class="spacer battle-history"><br></div><h2 class="battle-history">Turn 14</h2><div class="spacer battle-history"><br></div><div class="battle-history">Warm Hugs, come back!<br></div><div class="battle-history">Go! Kirby Much (<strong>Spritzee</strong>)!<br></div><div class="battle-history"><small>Pointed stones dug into Kirby Much!</small><br></div><div class="spacer battle-history"><br></div><div class="battle-history">The opposing Mienfoo used <strong>Drain Punch</strong>!<br></div><div class="battle-history"><small>It's not very effective...</small><br></div><div class="battle-history"><small>(Kirby Much lost <abbr title="−3/27">11.1%</abbr> of its health!)</small><br></div><div class="battle-history"><small>Kirby Much had its energy drained!</small><br></div><div class="spacer battle-history"><br></div><h2 class="battle-history">Turn 15</h2><div class="chat"><small>Altarielv^o^nSweep joined.</small></div><div class="spacer battle-history"><br></div><div class="battle-history">Miyare withdrew Mienfoo!<br></div><div class="battle-history">Miyare sent out <strong>Foongus</strong>!<br></div><div class="spacer battle-history"><br></div><div class="battle-history">Kirby Much used <strong>Wish</strong>!<br></div><div class="spacer battle-history"><br></div><h2 class="battle-history">Turn 16</h2><div class="spacer battle-history"><br></div><div class="battle-history">Kirby Much used <strong>Protect</strong>!<br></div><div class="battle-history"><small>Kirby Much protected itself!</small><br></div><div class="spacer battle-history"><br></div><div class="battle-history">The opposing Foongus used <strong>Sludge Bomb</strong>!<br></div><div class="battle-history"><small>Kirby Much protected itself!</small><br></div><div class="spacer battle-history"><br></div><div class="battle-history"><small>Kirby Much's wish came true!</small><br></div><div class="spacer battle-history"><br></div><h2 class="battle-history">Turn 17</h2><div class="spacer battle-history"><br></div><div class="battle-history">Kirby Much, come back!<br></div><div class="battle-history">Go! Warm Hugs (<strong>Ferroseed</strong>)!<br></div><div class="battle-history"><small>Pointed stones dug into Warm Hugs!</small><br></div><div class="spacer battle-history"><br></div><div class="battle-history">The opposing Foongus used <strong>Spore</strong>!<br></div><div class="battle-history"><small>It doesn't affect Warm Hugs...</small><br></div><div class="spacer battle-history"><br></div><h2 class="battle-history">Turn 18</h2><div class="spacer battle-history"><br></div><div class="battle-history">Miyare withdrew Foongus!<br></div><div class="battle-history">Miyare sent out <strong>Mienfoo</strong>!<br></div><div class="spacer battle-history"><br></div><div class="battle-history">Warm Hugs used <strong>Stealth Rock</strong>!<br></div><div class="battle-history"><small>Pointed stones float in the air around the opposing team!</small><br></div><div class="spacer battle-history"><br></div><h2 class="battle-history">Turn 19</h2><div class="chat"><small>Finchinator joined.</small></div><div class="spacer battle-history"><br></div><div class="battle-history">Warm Hugs used <strong>Knock Off</strong>!<br></div><div class="battle-history"><small>It's not very effective...</small><br></div><div class="battle-history"><small>(The opposing Mienfoo lost <abbr title="−3/21">14.3%</abbr> of its health!)</small><br></div><div class="battle-history"><small>Warm Hugs knocked off the opposing Mienfoo's Eviolite!</small><br></div><div class="spacer battle-history"><br></div><div class="battle-history">The opposing Mienfoo is paralyzed! It can't move!<br></div><div class="spacer battle-history"><br></div><h2 class="battle-history">Turn 20</h2><div class="spacer battle-history"><br></div><div class="battle-history">Warm Hugs, come back!<br></div><div class="battle-history">Go! Kirby Much (<strong>Spritzee</strong>)!<br></div><div class="battle-history"><small>Pointed stones dug into Kirby Much!</small><br></div><div class="spacer battle-history"><br></div><div class="battle-history">The opposing Mienfoo used <strong>Drain Punch</strong>!<br></div><div class="battle-history"><small>It's not very effective...</small><br></div><div class="battle-history"><small>(Kirby Much lost <abbr title="−3/27">11.1%</abbr> of its health!)</small><br></div><div class="battle-history"><small>Kirby Much had its energy drained!</small><br></div><div class="spacer battle-history"><br></div><h2 class="battle-history">Turn 21</h2><div class="spacer battle-history"><br></div><div class="battle-history">Miyare withdrew Mienfoo!<br></div><div class="battle-history">Miyare sent out <strong>Foongus</strong>!<br></div><div class="battle-history"><small>Pointed stones dug into the opposing Foongus!</small><br></div><div class="spacer battle-history"><br></div><div class="battle-history">Kirby Much used <strong>Moonblast</strong>!<br></div><div class="battle-history"><small>It's not very effective...</small><br></div><div class="battle-history"><small>(The opposing Foongus lost <abbr title="−5/25">20%</abbr> of its health!)</small><br></div><div class="battle-history"><small>The opposing Foongus's Special Attack fell!</small><br></div><div class="spacer battle-history"><br></div><h2 class="battle-history">Turn 22</h2><div class="spacer battle-history"><br></div><div class="battle-history">Kirby Much, come back!<br></div><div class="battle-history">Go! Warm Hugs (<strong>Ferroseed</strong>)!<br></div><div class="battle-history"><small>Pointed stones dug into Warm Hugs!</small><br></div><div class="spacer battle-history"><br></div><div class="battle-history">Miyare withdrew Foongus!<br></div><div class="battle-history">Miyare sent out <strong>Pawniard</strong>!<br></div><div class="battle-history"><small>Pointed stones dug into the opposing Pawniard!</small><br></div><div class="spacer battle-history"><br></div><h2 class="battle-history">Turn 23</h2><div class="chat"><small>Finchinator left.</small></div><div class="spacer battle-history"><br></div><div class="battle-history">Miyare withdrew Pawniard!<br></div><div class="battle-history">Miyare sent out <strong>Mienfoo</strong>!<br></div><div class="battle-history"><small>Pointed stones dug into the opposing Mienfoo!</small><br></div><div class="spacer battle-history"><br></div><div class="battle-history">Warm Hugs used <strong>Thunder Wave</strong>!<br></div><div class="battle-history"><small>The opposing Mienfoo is already paralyzed.</small><br></div><div class="spacer battle-history"><br></div><h2 class="battle-history">Turn 24</h2><div class="chat"><small>Altarielv^o^nSweep left.</small></div><div class="spacer battle-history"><br></div><div class="battle-history">Warm Hugs used <strong>Bullet Seed</strong>!<br></div><div class="battle-history"><small>(The opposing Mienfoo lost <abbr title="−4/21">19.0%</abbr> of its health!)</small><br></div><div class="battle-history"><small>(The opposing Mienfoo lost <abbr title="−4/21">19.0%</abbr> of its health!)</small><br></div><div class="battle-history"><small>(The opposing Mienfoo lost <abbr title="−4/21">19.0%</abbr> of its health!)</small><br></div><div class="battle-history"><small>(The opposing Mienfoo lost <abbr title="−4/21">19.0%</abbr> of its health!)</small><br></div><div class="battle-history"><small>(The opposing Mienfoo lost <abbr title="−4/21">19.0%</abbr> of its health!)</small><br></div><div class="battle-history"><small>Hit 5 times!</small><br></div><div class="spacer battle-history"><br></div><div class="battle-history">The opposing Mienfoo fainted!<br></div><div class="chat chatmessage-miyare"><strong style="color:hsl(316,59%,44%)"><small>☆</small><span class="username" data-name="Miyare">Miyare</span>:</strong> <em>Ugh</em></div><div class="chat chatmessage-pikasohn"><strong style="color:hsl(222,62%,53.26822290541029%)"><small>☆</small><span class="username" data-name="Pikasohn">Pikasohn</span>:</strong> <em>nicae</em></div><div class="spacer battle-history"><br></div><div class="battle-history">Miyare sent out <strong>Scraggy</strong>!<br></div><div class="battle-history"><small>Pointed stones dug into the opposing Scraggy!</small><br></div><div class="spacer battle-history"><br></div><h2 class="battle-history">Turn 25</h2><div class="spacer battle-history"><br></div><div class="battle-history">Warm Hugs, come back!<br></div><div class="battle-history">Go! Tim Purr (<strong>Timburr</strong>)!<br></div><div class="battle-history"><small>Pointed stones dug into Tim Purr!</small><br></div><div class="spacer battle-history"><br></div><div class="battle-history">The opposing Scraggy used <strong>High Jump Kick</strong>!<br></div><div class="battle-history"><small>(Tim Purr lost <abbr title="−10/24">41.7%</abbr> of its health!)</small><br></div><div class="spacer battle-history"><br></div><h2 class="battle-history">Turn 26</h2><div class="spacer battle-history"><br></div><div class="battle-history">Miyare withdrew Scraggy!<br></div><div class="battle-history">Miyare sent out <strong>Foongus</strong>!<br></div><div class="battle-history"><small>Pointed stones dug into the opposing Foongus!</small><br></div><div class="spacer battle-history"><br></div><div class="battle-history">Tim Purr, come back!<br></div><div class="battle-history">Go! Dead Bird (<strong>Fletchling</strong>)!<br></div><div class="battle-history"><small>Pointed stones dug into Dead Bird!</small><br></div><div class="spacer battle-history"><br></div><h2 class="battle-history">Turn 27</h2><div class="spacer battle-history"><br></div><div class="battle-history">Miyare withdrew Foongus!<br></div><div class="battle-history">Miyare sent out <strong>Archen</strong>!<br></div><div class="battle-history"><small>Pointed stones dug into the opposing Archen!</small><br></div><div class="spacer battle-history"><br></div><div class="battle-history">Dead Bird used <strong>Acrobatics</strong>!<br></div><div class="battle-history"><small>It's not very effective...</small><br></div><div class="battle-history"><small>(The opposing Archen lost <abbr title="−9/23">39.1%</abbr> of its health!)</small><br></div><div class="spacer battle-history"><br></div><h2 class="battle-history">Turn 28</h2><div class="chat"><small>Quite Quiet joined.</small></div><div class="chat"><small>Finchinator joined.</small></div><div class="spacer battle-history"><br></div><div class="battle-history">Dead Bird, come back!<br></div><div class="battle-history">Go! Warm Hugs (<strong>Ferroseed</strong>)!<br></div><div class="battle-history"><small>Pointed stones dug into Warm Hugs!</small><br></div><div class="spacer battle-history"><br></div><div class="battle-history">The opposing Archen used <strong>Acrobatics</strong>!<br></div><div class="battle-history"><small>(Warm Hugs lost <abbr title="−7/22">31.8%</abbr> of its health!)</small><br></div><div class="battle-history"><small>[Warm Hugs's Iron Barbs]</small><br><small>The opposing Archen was hurt!</small><br></div><div class="spacer battle-history"><br></div><h2 class="battle-history">Turn 29</h2><div class="spacer battle-history"><br></div><div class="battle-history">The opposing Archen used <strong>U-turn</strong>!<br></div><div class="battle-history"><small>(Warm Hugs lost <abbr title="−3/22">13.6%</abbr> of its health!)</small><br></div><div class="battle-history"><small>[Warm Hugs's Iron Barbs]</small><br><small>The opposing Archen was hurt!</small><br></div><div class="spacer battle-history"><br></div><div class="battle-history">The opposing Archen went back to Miyare!<br></div><div class="battle-history">Miyare sent out <strong>Foongus</strong>!<br></div><div class="battle-history"><small>Pointed stones dug into the opposing Foongus!</small><br></div><div class="spacer battle-history"><br></div><div class="battle-history">Warm Hugs used <strong>Thunder Wave</strong>!<br></div><div class="battle-history"><small>The opposing Foongus is paralyzed! It may be unable to move!</small><br></div><div class="spacer battle-history"><br></div><h2 class="battle-history">Turn 30</h2><div class="chat"><small>Finchinator left.</small></div><div class="spacer battle-history"><br></div><div class="battle-history">Warm Hugs used <strong>Knock Off</strong>!<br></div><div class="battle-history"><small>(The opposing Foongus lost <abbr title="−5/25">20%</abbr> of its health!)</small><br></div><div class="spacer battle-history"><br></div><div class="battle-history">The opposing Foongus used <strong>Hidden Power</strong>!<br></div><div class="battle-history"><small>It's super effective!</small><br></div><div class="battle-history"><small>(Warm Hugs lost <abbr title="−8/22">36.4%</abbr> of its health!)</small><br></div><div class="spacer battle-history"><br></div><div class="battle-history">Warm Hugs fainted!<br></div><div class="spacer battle-history"><br></div><div class="battle-history">Go! Dead Bird (<strong>Fletchling</strong>)!<br></div><div class="battle-history"><small>Pointed stones dug into Dead Bird!</small><br></div><div class="spacer battle-history"><br></div><h2 class="battle-history">Turn 31</h2><div class="spacer battle-history"><br></div><div class="battle-history">Miyare withdrew Foongus!<br></div><div class="battle-history">Miyare sent out <strong>Archen</strong>!<br></div><div class="battle-history"><small>Pointed stones dug into the opposing Archen!</small><br></div><div class="spacer battle-history"><br></div><div class="battle-history">The opposing Archen fainted!<br></div><div class="battle-history">Dead Bird used <strong>Tailwind</strong>!<br></div><div class="battle-history"><small>The Tailwind blew from behind your team!</small><br></div><div class="spacer battle-history"><br></div><div class="battle-history">Miyare sent out <strong>Pawniard</strong>!<br></div><div class="battle-history"><small>Pointed stones dug into the opposing Pawniard!</small><br></div><div class="spacer battle-history"><br></div><h2 class="battle-history">Turn 32</h2><div class="chat"><small>Finchinator joined.</small></div><div class="spacer battle-history"><br></div><div class="battle-history">Dead Bird, come back!<br></div><div class="battle-history">Go! Tim Purr (<strong>Timburr</strong>)!<br></div><div class="battle-history"><small>Pointed stones dug into Tim Purr!</small><br></div><div class="spacer battle-history"><br></div><div class="battle-history">The opposing Pawniard used <strong>Iron Head</strong>!<br></div><div class="battle-history"><small>(Tim Purr lost <abbr title="−9/24">37.5%</abbr> of its health!)</small><br></div><div class="spacer battle-history"><br></div><h2 class="battle-history">Turn 33</h2><div class="chat"><small>Joltage joined.</small></div><div class="chat"><small>Finchinator left.</small></div><div class="chat chatmessage-miyare"><strong style="color:hsl(316,59%,44%)"><small>☆</small><span class="username" data-name="Miyare">Miyare</span>:</strong> <em>Test</em></div><div class="chat message-error">Battle timer is ON: inactive players will automatically lose when time's up. (requested by Miyare)</div><div class="chat"><small>Finchinator joined.</small></div><div class="chat chatmessage-pikasohn"><strong style="color:hsl(222,62%,53.26822290541029%)"><small>☆</small><span class="username" data-name="Pikasohn">Pikasohn</span>:</strong> <em>dw</em></div><div class="chat chatmessage-pikasohn"><strong style="color:hsl(222,62%,53.26822290541029%)"><small>☆</small><span class="username" data-name="Pikasohn">Pikasohn</span>:</strong> <em>I'm online</em></div><div class="chat chatmessage-pikasohn"><strong style="color:hsl(222,62%,53.26822290541029%)"><small>☆</small><span class="username" data-name="Pikasohn">Pikasohn</span>:</strong> <em>just thinking</em></div><div class="chat chatmessage-miyare"><strong style="color:hsl(316,59%,44%)"><small>☆</small><span class="username" data-name="Miyare">Miyare</span>:</strong> <em>Its for me</em></div><div class="chat chatmessage-waterlessmelon"><strong style="color:hsl(277,53%,51.00799772909534%)"><small> </small><span class="username" data-name="WaterlessMelon">WaterlessMelon</span>:</strong> <em>damn</em></div><div class="chat chatmessage-miyare"><strong style="color:hsl(316,59%,44%)"><small>☆</small><span class="username" data-name="Miyare">Miyare</span>:</strong> <em>If tje time dont pass i know that my net is falling</em></div><div class="spacer battle-history"><br></div><div class="battle-history">Miyare withdrew Pawniard!<br></div><div class="battle-history">Miyare sent out <strong>Foongus</strong>!<br></div><div class="battle-history"><small>Pointed stones dug into the opposing Foongus!</small><br></div><div class="spacer battle-history"><br></div><div class="battle-history">Tim Purr used <strong>Mach Punch</strong>!<br></div><div class="battle-history"><small>It's not very effective...</small><br></div><div class="battle-history"><small>(The opposing Foongus lost <abbr title="−3/25">12%</abbr> of its health!)</small><br></div><div class="spacer battle-history"><br></div><h2 class="battle-history">Turn 34</h2><div class="chat"><small>Finchinator left.</small></div><div class="spacer battle-history"><br></div><div class="battle-history">Tim Purr used <strong>Drain Punch</strong>!<br></div><div class="battle-history"><small>It's not very effective...</small><br></div><div class="battle-history"><small>(The opposing Foongus lost <abbr title="−5/25">20%</abbr> of its health!)</small><br></div><div class="battle-history"><small>The opposing Foongus had its energy drained!</small><br></div><div class="spacer battle-history"><br></div><div class="battle-history">The opposing Foongus used <strong>Spore</strong>!<br></div><div class="battle-history"><small>Tim Purr fell asleep!</small><br></div><div class="spacer battle-history"><br></div><div class="battle-history"><small>Your team's Tailwind petered out!</small><br></div><div class="spacer battle-history"><br></div><h2 class="battle-history">Turn 35</h2><div class="spacer battle-history"><br></div><div class="battle-history">Miyare withdrew Foongus!<br></div><div class="battle-history">Miyare sent out <strong>Scraggy</strong>!<br></div><div class="battle-history"><small>Pointed stones dug into the opposing Scraggy!</small><br></div><div class="spacer battle-history"><br></div><div class="battle-history">Tim Purr is fast asleep.<br></div><div class="spacer battle-history"><br></div><h2 class="battle-history">Turn 36</h2><div class="spacer battle-history"><br></div><div class="battle-history">Tim Purr, come back!<br></div><div class="battle-history">Go! Kirby Much (<strong>Spritzee</strong>)!<br></div><div class="battle-history"><small>Pointed stones dug into Kirby Much!</small><br></div><div class="spacer battle-history"><br></div><div class="battle-history">The opposing Scraggy used <strong>Drain Punch</strong>!<br></div><div class="battle-history"><small>It's not very effective...</small><br></div><div class="battle-history"><small>(Kirby Much lost <abbr title="−3/27">11.1%</abbr> of its health!)</small><br></div><div class="battle-history"><small>Kirby Much had its energy drained!</small><br></div><div class="spacer battle-history"><br></div><h2 class="battle-history">Turn 37</h2><div class="chat"><small>starmaster joined.</small></div><div class="spacer battle-history"><br></div><div class="battle-history">Kirby Much, come back!<br></div><div class="battle-history">Go! Wine Dragon (<strong>Skrelp</strong>)!<br></div><div class="battle-history"><small>Pointed stones dug into Wine Dragon!</small><br></div><div class="spacer battle-history"><br></div><div class="battle-history">The opposing Scraggy used <strong>Knock Off</strong>!<br></div><div class="battle-history"><small>(Wine Dragon lost <abbr title="−9/23">39.1%</abbr> of its health!)</small><br></div><div class="battle-history"><small>The opposing Scraggy knocked off Wine Dragon's Eviolite!</small><br></div><div class="spacer battle-history"><br></div><h2 class="battle-history">Turn 38</h2><div class="chat"><small>Finchinator joined.</small></div><div class="chat"><small>starmaster left.</small></div><div class="chat"><small>Finchinator left.</small></div><div class="spacer battle-history"><br></div><div class="battle-history">The opposing Scraggy used <strong>Dragon Dance</strong>!<br></div><div class="battle-history"><small>The opposing Scraggy's Attack rose!</small><br></div><div class="battle-history"><small>The opposing Scraggy's Speed rose!</small><br></div><div class="spacer battle-history"><br></div><div class="battle-history">Wine Dragon used <strong>Scald</strong>!<br></div><div class="battle-history"><small>(The opposing Scraggy lost <abbr title="−10/23">43.5%</abbr> of its health!)</small><br></div><div class="spacer battle-history"><br></div><h2 class="battle-history">Turn 39</h2><div class="spacer battle-history"><br></div><div class="battle-history">Wine Dragon, come back!<br></div><div class="battle-history">Go! Tim Purr (<strong>Timburr</strong>)!<br></div><div class="battle-history"><small>Pointed stones dug into Tim Purr!</small><br></div><div class="spacer battle-history"><br></div><div class="battle-history">The opposing Scraggy used <strong>High Jump Kick</strong>!<br></div><div class="battle-history"><small>(Tim Purr lost <abbr title="−5/24">20.8%</abbr> of its health!)</small><br></div><div class="spacer battle-history"><br></div><div class="battle-history">Tim Purr fainted!<br></div><div class="spacer battle-history"><br></div><div class="battle-history">Go! Dead Bird (<strong>Fletchling</strong>)!<br></div><div class="battle-history"><small>Pointed stones dug into Dead Bird!</small><br></div><div class="spacer battle-history"><br></div><h2 class="battle-history">Turn 40</h2><div class="chat"><small>levi joined.</small></div><div class="spacer battle-history"><br></div><div class="battle-history">Dead Bird used <strong>Acrobatics</strong>!<br></div><div class="battle-history"><small>It's super effective!</small><br></div><div class="battle-history"><small>A critical hit!</small><br></div><div class="battle-history"><small>(The opposing Scraggy lost <abbr title="−13/23">56.5%</abbr> of its health!)</small><br></div><div class="spacer battle-history"><br></div><div class="battle-history">The opposing Scraggy fainted!<br></div><div class="spacer battle-history"><br></div><div class="battle-history">Miyare sent out <strong>Pawniard</strong>!<br></div><div class="battle-history"><small>Pointed stones dug into the opposing Pawniard!</small><br></div><div class="spacer battle-history"><br></div><h2 class="battle-history">Turn 41</h2><div class="spacer battle-history"><br></div><div class="battle-history">Dead Bird used <strong>Tailwind</strong>!<br></div><div class="battle-history"><small>The Tailwind blew from behind your team!</small><br></div><div class="spacer battle-history"><br></div><div class="battle-history">The opposing Pawniard used <strong>Iron Head</strong>!<br></div><div class="battle-history"><small>(Dead Bird lost <abbr title="−4/23">17.4%</abbr> of its health!)</small><br></div><div class="spacer battle-history"><br></div><div class="battle-history">Dead Bird fainted!<br></div><div class="spacer battle-history"><br></div><div class="battle-history">Go! Wine Dragon (<strong>Skrelp</strong>)!<br></div><div class="battle-history"><small>Pointed stones dug into Wine Dragon!</small><br></div><div class="spacer battle-history"><br></div><h2 class="battle-history">Turn 42</h2><div class="chat"><small>Finchinator joined.</small></div><div class="spacer battle-history"><br></div><div class="battle-history">Miyare withdrew Pawniard!<br></div><div class="battle-history">Miyare sent out <strong>Foongus</strong>!<br></div><div class="battle-history"><small>Pointed stones dug into the opposing Foongus!</small><br></div><div class="spacer battle-history"><br></div><div class="battle-history">Wine Dragon used <strong>Scald</strong>!<br></div><div class="battle-history"><small>It's not very effective...</small><br></div><div class="battle-history"><small>(The opposing Foongus lost <abbr title="−7/25">28.0%</abbr> of its health!)</small><br></div><div class="spacer battle-history"><br></div><h2 class="battle-history">Turn 43</h2><div class="chat"><small>pablonito joined.</small></div><div class="chat chatmessage-itzviper482"><strong style="color:hsl(213,55%,47.223109525696195%)"><small> </small><span class="username" data-name="ItzViper482">ItzViper482</span>:</strong> <em>this is tense</em></div><div class="chat chatmessage-pablonito"><strong style="color:hsl(199,84%,36.79580315030653%)"><small> </small><span class="username" data-name="pablonito">pablonito</span>:</strong> <em>is this jeean</em></div><div class="chat chatmessage-pablonito"><strong style="color:hsl(199,84%,36.79580315030653%)"><small> </small><span class="username" data-name="pablonito">pablonito</span>:</strong> <em>jeran</em></div><div class="chat chatmessage-pikasohn"><strong style="color:hsl(222,62%,53.26822290541029%)"><small>☆</small><span class="username" data-name="Pikasohn">Pikasohn</span>:</strong> <em>no a second sub</em></div><div class="chat"><small>Destiny Spinach joined.</small></div><div class="spacer battle-history"><br></div><div class="battle-history">Wine Dragon used <strong>Scald</strong>!<br></div><div class="battle-history"><small>It's not very effective...</small><br></div><div class="battle-history"><small>(The opposing Foongus lost <abbr title="−7/25">28.0%</abbr> of its health!)</small><br></div><div class="spacer battle-history"><br></div><div class="battle-history">The opposing Foongus used <strong>Spore</strong>!<br></div><div class="battle-history"><small>Wine Dragon fell asleep!</small><br></div><div class="spacer battle-history"><br></div><h2 class="battle-history">Turn 44</h2><div class="chat chatmessage-pablonito"><strong style="color:hsl(199,84%,36.79580315030653%)"><small> </small><span class="username" data-name="pablonito">pablonito</span>:</strong> <em>who then</em></div><div class="spacer battle-history"><br></div><div class="battle-history">Miyare withdrew Foongus!<br></div><div class="battle-history">Miyare sent out <strong>Diglett</strong>!<br></div><div class="battle-history"><small>Pointed stones dug into the opposing Diglett!</small><br></div><div class="spacer battle-history"><br></div><div class="battle-history">Wine Dragon is fast asleep.<br></div><div class="spacer battle-history"><br></div><div class="battle-history">Wine Dragon used <strong>Sleep Talk</strong>!<br></div><div class="spacer battle-history"><br></div><div class="battle-history">Wine Dragon used <strong>Scald</strong>!<br></div><div class="battle-history"><small>It's super effective!</small><br></div><div class="battle-history"><small>(The opposing Diglett lost <abbr title="−16/18">88.9%</abbr> of its health!)</small><br></div><div class="spacer battle-history"><br></div><div class="battle-history">The opposing Diglett fainted!<br></div><div class="spacer battle-history"><br></div><div class="battle-history"><small>Your team's Tailwind petered out!</small><br></div><div class="chat chatmessage-pikasohn"><strong style="color:hsl(222,62%,53.26822290541029%)"><small>☆</small><span class="username" data-name="Pikasohn">Pikasohn</span>:</strong> <em>YES</em></div><div class="chat chatmessage-itzviper482"><strong style="color:hsl(213,55%,47.223109525696195%)"><small> </small><span class="username" data-name="ItzViper482">ItzViper482</span>:</strong> <em>WAKE ME UP</em></div><div class="spacer battle-history"><br></div><div class="battle-history">Miyare sent out <strong>Pawniard</strong>!<br></div><div class="battle-history"><small>Pointed stones dug into the opposing Pawniard!</small><br></div><div class="spacer battle-history"><br></div><h2 class="battle-history">Turn 45</h2><div class="chat chatmessage-pablonito"><strong style="color:hsl(199,84%,36.79580315030653%)"><small> </small><span class="username" data-name="pablonito">pablonito</span>:</strong> <em>who is miyare</em></div><div class="chat chatmessage-waterlessmelon"><strong style="color:hsl(277,53%,51.00799772909534%)"><small> </small><span class="username" data-name="WaterlessMelon">WaterlessMelon</span>:</strong> <em>Rodri</em></div><div class="chat chatmessage-pikasohn"><strong style="color:hsl(222,62%,53.26822290541029%)"><small>☆</small><span class="username" data-name="Pikasohn">Pikasohn</span>:</strong> <em>wait nvm</em></div><div class="chat chatmessage-pablonito"><strong style="color:hsl(199,84%,36.79580315030653%)"><small> </small><span class="username" data-name="pablonito">pablonito</span>:</strong> <em>rodriblutar?</em></div><div class="chat chatmessage-finchinator"><strong style="color:hsl(235,76%,58.96121738613333%)"><small> </small><span class="username" data-name="Finchinator">Finchinator</span>:</strong> <em>Don't u still lose</em></div><div class="chat chatmessage-pikasohn"><strong style="color:hsl(222,62%,53.26822290541029%)"><small>☆</small><span class="username" data-name="Pikasohn">Pikasohn</span>:</strong> <em>idk that didn't change anything yeah</em></div><div class="chat chatmessage-waterlessmelon"><strong style="color:hsl(277,53%,51.00799772909534%)"><small> </small><span class="username" data-name="WaterlessMelon">WaterlessMelon</span>:</strong> <em>It only prolonged the inevitable</em></div><div class="spacer battle-history"><br></div><div class="battle-history">The opposing Pawniard used <strong>Knock Off</strong>!<br></div><div class="battle-history"><small>(Wine Dragon lost <abbr title="−10/23">43.5%</abbr> of its health!)</small><br></div><div class="spacer battle-history"><br></div><div class="battle-history">Wine Dragon fainted!<br></div><div class="spacer battle-history"><br></div><div class="battle-history">Go! Kirby Much (<strong>Spritzee</strong>)!<br></div><div class="battle-history"><small>Pointed stones dug into Kirby Much!</small><br></div><div class="spacer battle-history"><br></div><h2 class="battle-history">Turn 46</h2><div class="chat chatmessage-pikasohn"><strong style="color:hsl(222,62%,53.26822290541029%)"><small>☆</small><span class="username" data-name="Pikasohn">Pikasohn</span>:</strong> <em>gg</em></div><div class="chat chatmessage-pablonito"><strong style="color:hsl(199,84%,36.79580315030653%)"><small> </small><span class="username" data-name="pablonito">pablonito</span>:</strong> <em>good job melon!!1</em></div><div class="spacer battle-history"><br></div><div class="battle-history">The opposing Pawniard used <strong>Knock Off</strong>!<br></div><div class="battle-history"><small>It's not very effective...</small><br></div><div class="battle-history"><small>(Kirby Much lost <abbr title="−4/27">14.8%</abbr> of its health!)</small><br></div><div class="battle-history"><small>The opposing Pawniard knocked off Kirby Much's Eviolite!</small><br></div><div class="spacer battle-history"><br></div><div class="battle-history">Kirby Much used <strong>Moonblast</strong>!<br></div><div class="battle-history"><small>(The opposing Pawniard lost <abbr title="−13/21">61.9%</abbr> of its health!)</small><br></div><div class="spacer battle-history"><br></div><h2 class="battle-history">Turn 47</h2><div class="spacer battle-history"><br></div><div class="battle-history">Miyare withdrew Pawniard!<br></div><div class="battle-history">Miyare sent out <strong>Foongus</strong>!<br></div><div class="battle-history"><small>Pointed stones dug into the opposing Foongus!</small><br></div><div class="spacer battle-history"><br></div><div class="battle-history">Kirby Much used <strong>Moonblast</strong>!<br></div><div class="battle-history"><small>It's not very effective...</small><br></div><div class="battle-history"><small>(The opposing Foongus lost <abbr title="−6/25">24%</abbr> of its health!)</small><br></div><div class="spacer battle-history"><br></div><h2 class="battle-history">Turn 48</h2><div class="chat chatmessage-pikasohn"><strong style="color:hsl(222,62%,53.26822290541029%)"><small>☆</small><span class="username" data-name="Pikasohn">Pikasohn</span>:</strong> <em>erm</em></div><div class="chat chatmessage-pikasohn"><strong style="color:hsl(222,62%,53.26822290541029%)"><small>☆</small><span class="username" data-name="Pikasohn">Pikasohn</span>:</strong> <em>?</em></div><div class="chat chatmessage-waterlessmelon"><strong style="color:hsl(277,53%,51.00799772909534%)"><small> </small><span class="username" data-name="WaterlessMelon">WaterlessMelon</span>:</strong> <em>?</em></div><div class="spacer battle-history"><br></div><div class="battle-history">Kirby Much used <strong>Wish</strong>!<br></div><div class="spacer battle-history"><br></div><div class="battle-history">The opposing Foongus used <strong>Sludge Bomb</strong>!<br></div><div class="battle-history"><small>It's super effective!</small><br></div><div class="battle-history"><small>(Kirby Much lost <abbr title="−6/27">22.2%</abbr> of its health!)</small><br></div><div class="spacer battle-history"><br></div><div class="battle-history">Kirby Much fainted!<br></div><div class="spacer battle-history"><br></div><div class="battle-history"><strong>Miyare</strong> won the battle!<br></div><div class="chat chatmessage-pikasohn"><strong style="color:hsl(222,62%,53.26822290541029%)"><small>☆</small><span class="username" data-name="Pikasohn">Pikasohn</span>:</strong> <em>gg</em></div><div class="chat"><small>pablonito left.</small></div><div class="chat chatmessage-itzviper482"><strong style="color:hsl(213,55%,47.223109525696195%)"><small> </small><span class="username" data-name="ItzViper482">ItzViper482</span>:</strong> <em>what if he paraed there</em></div><div class="chat chatmessage-miyare"><strong style="color:hsl(316,59%,44%)"><small>☆</small><span class="username" data-name="Miyare">Miyare</span>:</strong> <em>Gg</em></div><div class="chat chatmessage-itzviper482"><strong style="color:hsl(213,55%,47.223109525696195%)"><small> </small><span class="username" data-name="ItzViper482">ItzViper482</span>:</strong> <em>lol</em></div><div class="chat chatmessage-waterlessmelon"><strong style="color:hsl(277,53%,51.00799772909534%)"><small> </small><span class="username" data-name="WaterlessMelon">WaterlessMelon</span>:</strong> <em>R O D R I</em></div><div class="chat chatmessage-gummysaurus"><strong style="color:hsl(87,53%,42.28892728853937%)"><small> </small><span class="username" data-name="Gummysaurus">Gummysaurus</span>:</strong> <em>where was the para</em></div><div class="chat chatmessage-gummysaurus"><strong style="color:hsl(87,53%,42.28892728853937%)"><small> </small><span class="username" data-name="Gummysaurus">Gummysaurus</span>:</strong> <em>omg</em></div><div class="chat chatmessage-waterlessmelon"><strong style="color:hsl(277,53%,51.00799772909534%)"><small> </small><span class="username" data-name="WaterlessMelon">WaterlessMelon</span>:</strong> <em>He was scarf</em></div><div class="chat chatmessage-waterlessmelon"><strong style="color:hsl(277,53%,51.00799772909534%)"><small> </small><span class="username" data-name="WaterlessMelon">WaterlessMelon</span>:</strong> <em>Noobs</em></div><div class="chat"><small>ItzViper482 left.</small></div><div class="chat"><small>Joltage left.</small></div><div class="chat"><small>Gummysaurus left.</small></div><div class="chat"><small>anime character left.</small></div><div class="chat"><small>Destiny Spinach left.</small></div><div class="chat"><small>Miyare left.</small></div><div class="chat"><small>Finchinator left.</small></div><div class="chat"><small>Void left.</small></div><div class="chat"><small>Quite Quiet left.</small></div><div class="chat"><small>levi left.</small></div><div class="chat"><small>Pikasohn left.</small></div><div class="chat"><small>ItzViper482 joined.</small></div></div><div class="inner-preempt"></div></div></div>
</div>
<script>
let daily = Math.floor(Date.now()/1000/60/60/24);document.write('<script src="https://play.pokemonshowdown.com/js/replay-embed.js?version'+daily+'"></'+'script>');
</script>
