<!DOCTYPE html>
<meta charset="utf-8" />
<!-- version 1 -->
<title>UU replay: Parnstar vs. blaziken95</title>
<style>
html,body {font-family:Verdana, sans-serif;font-size:10pt;margin:0;padding:0;}body{padding:12px 0;} .battle-log {font-family:Verdana, sans-serif;font-size:10pt;} .battle-log-inline {border:1px solid #AAAAAA;background:#EEF2F5;color:black;max-width:640px;margin:0 auto 80px;padding-bottom:5px;} .battle-log .inner {padding:4px 8px 0px 8px;} .battle-log .inner-preempt {padding:0 8px 4px 8px;} .battle-log .inner-after {margin-top:0.5em;} .battle-log h2 {margin:0.5em -8px;padding:4px 8px;border:1px solid #AAAAAA;background:#E0E7EA;border-left:0;border-right:0;font-family:Verdana, sans-serif;font-size:13pt;} .battle-log .chat {vertical-align:middle;padding:3px 0 3px 0;font-size:8pt;} .battle-log .chat strong {color:#40576A;} .battle-log .chat em {padding:1px 4px 1px 3px;color:#000000;font-style:normal;} .chat.mine {background:rgba(0,0,0,0.05);margin-left:-8px;margin-right:-8px;padding-left:8px;padding-right:8px;} .spoiler {color:#BBBBBB;background:#BBBBBB;padding:0px 3px;} .spoiler:hover, .spoiler:active, .spoiler-shown {color:#000000;background:#E2E2E2;padding:0px 3px;} .spoiler a {color:#BBBBBB;} .spoiler:hover a, .spoiler:active a, .spoiler-shown a {color:#2288CC;} .chat code, .chat .spoiler:hover code, .chat .spoiler:active code, .chat .spoiler-shown code {border:1px solid #C0C0C0;background:#EEEEEE;color:black;padding:0 2px;} .chat .spoiler code {border:1px solid #CCCCCC;background:#CCCCCC;color:#CCCCCC;} .battle-log .rated {padding:3px 4px;} .battle-log .rated strong {color:white;background:#89A;padding:1px 4px;border-radius:4px;} .spacer {margin-top:0.5em;} .message-announce {background:#6688AA;color:white;padding:1px 4px 2px;} .message-announce a, .broadcast-green a, .broadcast-blue a, .broadcast-red a {color:#DDEEFF;} .broadcast-green {background-color:#559955;color:white;padding:2px 4px;} .broadcast-blue {background-color:#6688AA;color:white;padding:2px 4px;} .infobox {border:1px solid #6688AA;padding:2px 4px;} .infobox-limited {max-height:200px;overflow:auto;overflow-x:hidden;} .broadcast-red {background-color:#AA5544;color:white;padding:2px 4px;} .message-learn-canlearn {font-weight:bold;color:#228822;text-decoration:underline;} .message-learn-cannotlearn {font-weight:bold;color:#CC2222;text-decoration:underline;} .message-effect-weak {font-weight:bold;color:#CC2222;} .message-effect-resist {font-weight:bold;color:#6688AA;} .message-effect-immune {font-weight:bold;color:#666666;} .message-learn-list {margin-top:0;margin-bottom:0;} .message-throttle-notice, .message-error {color:#992222;} .message-overflow, .chat small.message-overflow {font-size:0pt;} .message-overflow::before {font-size:9pt;content:'...';} .subtle {color:#3A4A66;}
</style>
<div class="wrapper replay-wrapper" style="max-width:1180px;margin:0 auto">
<input type="hidden" name="replayid" value="uu-550699764" />
<div class="battle"></div><div class="battle-log"></div><div class="replay-controls"></div><div class="replay-controls-2"></div>
<h1 style="font-weight:normal;text-align:center"><strong>UU</strong><br /><a href="http://pokemonshowdown.com/users/parnstar" class="subtle" target="_blank">Parnstar</a> vs. <a href="http://pokemonshowdown.com/users/blaziken95" class="subtle" target="_blank">blaziken95</a></h1>
<script type="text/plain" class="battle-log-data">|j|Parnstar
|j|blaziken95
|player|p1|Parnstar|21
|player|p2|blaziken95|30
|gametype|singles
|gen|6
|tier|UU
|rated
|seed|45736,60253,9779,27279
|rule|Sleep Clause Mod: Limit one foe put to sleep
|rule|Species Clause: Limit one of each Pokémon
|rule|OHKO Clause: OHKO moves are banned
|rule|Moody Clause: Moody is banned
|rule|Evasion Moves Clause: Evasion moves are banned
|rule|Endless Battle Clause: Forcing endless battles is banned
|rule|HP Percentage Mod: HP is shown in percentages
|clearpoke
|poke|p1|Mamoswine, M|item
|poke|p1|Toxicroak, M|item
|poke|p1|Whimsicott, M|item
|poke|p1|Heliolisk, F|item
|poke|p1|Donphan, M|item
|poke|p1|Crawdaunt, F|item
|poke|p2|Hitmonchan, M|item
|poke|p2|Suicune|item
|poke|p2|Arcanine, F|item
|poke|p2|Cresselia, F|item
|poke|p2|Aggron, F|item
|poke|p2|Whimsicott, M|item
|rule|Swagger Clause: Swagger is banned
|rule|Baton Pass Clause: Limit one Baton Passer, can't pass Spe and other stats simultaneously
|teampreview
|choice|team 6, team 2, team 3, team 4, team 5, team 1|team 5, team 2, team 3, team 4, team 1, team 6
|
|start
|switch|p1a: NIpple pinochle|Crawdaunt, F|267\/267
|switch|p2a: Aggron|Aggron, F|281\/281
|turn|1
|choice|move dragondance|move thunderwave mega
|
|detailschange|p2a: Aggron|Aggron-Mega, F
|-mega|p2a: Aggron|Aggron|Aggronite
|move|p1a: NIpple pinochle|Dragon Dance|p1a: NIpple pinochle
|-boost|p1a: NIpple pinochle|atk|1
|-boost|p1a: NIpple pinochle|spe|1
|move|p2a: Aggron|Thunder Wave|p1a: NIpple pinochle
|-status|p1a: NIpple pinochle|par
|
|upkeep
|turn|2
|choice|move dragondance|move stealthrock
|
|move|p2a: Aggron|Stealth Rock|p1a: NIpple pinochle
|-sidestart|p1: Parnstar|move: Stealth Rock
|move|p1a: NIpple pinochle|Dragon Dance|p1a: NIpple pinochle
|-boost|p1a: NIpple pinochle|atk|1
|-boost|p1a: NIpple pinochle|spe|1
|
|upkeep
|turn|3
|choice|move waterfall|move heavyslam
|
|move|p2a: Aggron|Heavy Slam|p1a: NIpple pinochle
|-resisted|p1a: NIpple pinochle
|-damage|p1a: NIpple pinochle|128\/267 par
|move|p1a: NIpple pinochle|Waterfall|p2a: Aggron
|-crit|p2a: Aggron
|-damage|p2a: Aggron|1\/281
|
|upkeep
|turn|4
|choice|move aquajet|move heavyslam
|
|move|p1a: NIpple pinochle|Aqua Jet|p2a: Aggron
|-damage|p2a: Aggron|0 fnt
|faint|p2a: Aggron
|
|upkeep
|choice||switch 5
|
|switch|p2a: Hitmonchan|Hitmonchan, M|241\/241
|turn|5
|choice|move aquajet|move agility
|
|move|p1a: NIpple pinochle|Aqua Jet|p2a: Hitmonchan
|-damage|p2a: Hitmonchan|0 fnt
|faint|p2a: Hitmonchan
|
|upkeep
|c|☆blaziken95|didnt we play earlier?
|c|☆Parnstar|Maaaaybe
|choice||switch 2
|
|switch|p2a: Suicune|Suicune|404\/404
|-ability|p2a: Suicune|Pressure
|turn|6
|c|☆Parnstar|I see u got pressecott now
|choice|move knockoff|move hiddenpower
|
|move|p2a: Suicune|Hidden Power|p1a: NIpple pinochle
|-damage|p1a: NIpple pinochle|28\/267 par
|cant|p1a: NIpple pinochle|par
|
|upkeep
|turn|7
|choice|move aquajet|move scald
|
|move|p1a: NIpple pinochle|Aqua Jet|p2a: Suicune
|-resisted|p2a: Suicune
|-damage|p2a: Suicune|315\/404
|move|p2a: Suicune|Scald|p1a: NIpple pinochle
|-resisted|p1a: NIpple pinochle
|-damage|p1a: NIpple pinochle|0 fnt
|faint|p1a: NIpple pinochle
|
|-heal|p2a: Suicune|340\/404|[from] item: Leftovers
|upkeep
|c|☆blaziken95|nah
|choice|switch 4|
|
|switch|p1a: Scared|Heliolisk, F|265\/265
|-damage|p1a: Scared|232\/265|[from] Stealth Rock
|turn|8
|c|☆Parnstar|I see it
|choice|move thunderbolt|move hiddenpower
|
|move|p1a: Scared|Thunderbolt|p2a: Suicune
|-supereffective|p2a: Suicune
|-damage|p2a: Suicune|88\/404
|move|p2a: Suicune|Hidden Power|p1a: Scared
|-supereffective|p1a: Scared
|-damage|p1a: Scared|112\/265
|
|-heal|p2a: Suicune|113\/404|[from] item: Leftovers
|upkeep
|turn|9
|choice|move thunderbolt|move hiddenpower
|
|move|p1a: Scared|Thunderbolt|p2a: Suicune
|-supereffective|p2a: Suicune
|-damage|p2a: Suicune|0 fnt
|faint|p2a: Suicune
|
|upkeep
|choice||switch 3
|
|switch|p2a: Arcanine|Arcanine, F|321\/321
|turn|10
|choice|move surf|move flamecharge
|
|move|p1a: Scared|Surf|p2a: Arcanine
|-supereffective|p2a: Arcanine
|-damage|p2a: Arcanine|91\/321
|move|p2a: Arcanine|Flame Charge|p1a: Scared
|-crit|p1a: Scared
|-damage|p1a: Scared|0 fnt
|-boost|p2a: Arcanine|spe|1
|-damage|p2a: Arcanine|59\/321|[from] item: Life Orb
|faint|p1a: Scared
|
|upkeep
|choice|switch 5|
|
|switch|p1a: Mustard pass|Donphan, M|383\/383
|-damage|p1a: Mustard pass|360\/383|[from] Stealth Rock
|turn|11
|choice|move earthquake|move flareblitz
|
|move|p2a: Arcanine|Flare Blitz|p1a: Mustard pass
|-damage|p1a: Mustard pass|140\/383
|-damage|p2a: Arcanine|0 fnt|[from] recoil|[of] p1a: Mustard pass
|faint|p2a: Arcanine
|move|p1a: Mustard pass|Earthquake|p2: Arcanine|[notarget]
|-notarget
|
|upkeep
|choice||switch 4
|
|switch|p2a: Cresselia|Cresselia, F|444\/444
|turn|12
|choice|switch 3|move toxic
|
|switch|p1a: Prick|Whimsicott, M|261\/261
|-damage|p1a: Prick|229\/261|[from] Stealth Rock
|move|p2a: Cresselia|Toxic|p1a: Prick
|-status|p1a: Prick|tox
|
|-damage|p1a: Prick|213\/261 tox|[from] psn
|upkeep
|turn|13
|choice|move encore|move calmmind
|
|move|p1a: Prick|Encore|p2a: Cresselia
|-start|p2a: Cresselia|Encore
|move|p2a: Cresselia|Toxic|p1a: Prick
|-fail|p1a: Prick|tox
|
|-damage|p1a: Prick|181\/261 tox|[from] psn
|upkeep
|turn|14
|choice|move naturepower|switch 6
|
|switch|p2a: Whimsicott|Whimsicott, M|261\/261
|move|p1a: Prick|Nature Power|p2a: Whimsicott
|move|p1a: Prick|Tri Attack|p2a: Whimsicott|[from]Nature Power
|-damage|p2a: Whimsicott|180\/261
|
|-damage|p1a: Prick|133\/261 tox|[from] psn
|upkeep
|turn|15
|choice|move moonblast|move psychic
|
|move|p1a: Prick|Moonblast|p2a: Whimsicott
|-damage|p2a: Whimsicott|0 fnt
|faint|p2a: Whimsicott
|
|-damage|p1a: Prick|69\/261 tox|[from] psn
|upkeep
|choice||switch 6
|
|switch|p2a: Cresselia|Cresselia, F|444\/444
|turn|16
|choice|switch 3|move psychic
|
|switch|p1a: Mustard pass|Donphan, M|140\/383
|-damage|p1a: Mustard pass|117\/383|[from] Stealth Rock
|move|p2a: Cresselia|Psychic|p1a: Mustard pass
|-damage|p1a: Mustard pass|0 fnt
|faint|p1a: Mustard pass
|
|upkeep
|choice|switch 6|
|
|switch|p1a: Whoopie goldust|Mamoswine, M|361\/361
|-damage|p1a: Whoopie goldust|316\/361|[from] Stealth Rock
|turn|17
|choice|move iciclecrash|move psychic
|
|move|p1a: Whoopie goldust|Icicle Crash|p2a: Cresselia
|-damage|p2a: Cresselia|326\/444
|cant|p2a: Cresselia|flinch
|
|-heal|p2a: Cresselia|353\/444|[from] item: Leftovers
|upkeep
|turn|18
|choice|move iciclecrash|move toxic
|
|move|p1a: Whoopie goldust|Icicle Crash|p2a: Cresselia
|-damage|p2a: Cresselia|218\/444
|cant|p2a: Cresselia|flinch
|
|-heal|p2a: Cresselia|245\/444|[from] item: Leftovers
|upkeep
|turn|19
|choice|move iciclecrash|move toxic
|
|move|p1a: Whoopie goldust|Icicle Crash|p2a: Cresselia
|-damage|p2a: Cresselia|112\/444
|cant|p2a: Cresselia|flinch
|
|-heal|p2a: Cresselia|139\/444|[from] item: Leftovers
|upkeep
|turn|20
|-message|blaziken95 forfeited.
|
|win|Parnstar
|l|blaziken95
|raw|Parnstar's rating: 1335 &rarr; <strong>1344<\/strong><br \/>(+9 for winning)
|raw|blaziken95's rating: 1122 &rarr; <strong>1111<\/strong><br \/>(-11 for losing)</script>
</div>
<div class="battle-log battle-log-inline"><div class="inner"><div class="battle-options"></div><div class="inner"><div class="chat"><small>Parnstar joined.</small></div><div class="chat"><small>blaziken95 joined.</small></div><div class=""><small>Format:</small> <br><strong>UU</strong></div><div class="rated"><strong>Rated battle</strong></div><div class=""><small><em>Sleep Clause Mod:</em> Limit one foe put to sleep</small></div><div class=""><small><em>Species Clause:</em> Limit one of each Pokémon</small></div><div class=""><small><em>OHKO Clause:</em> OHKO moves are banned</small></div><div class=""><small><em>Moody Clause:</em> Moody is banned</small></div><div class=""><small><em>Evasion Moves Clause:</em> Evasion moves are banned</small></div><div class=""><small><em>Endless Battle Clause:</em> Forcing endless battles is banned</small></div><div class=""><small><em>HP Percentage Mod:</em> HP is shown in percentages</small></div><div class=""><small><em>Swagger Clause:</em> Swagger is banned</small></div><div class=""><small><em>Baton Pass Clause:</em> Limit one Baton Passer, can't pass Spe and other stats simultaneously</small></div><div class="chat battle-history"><strong>Parnstar's team:</strong> <em style="color:#445566;display:block;">Mamoswine / Toxicroak / Whimsicott / Heliolisk / Donphan / Crawdaunt</em></div><div class="chat battle-history"><strong>blaziken95's team:</strong> <em style="color:#445566;display:block;">Hitmonchan / Suicune / Arcanine / Cresselia / Aggron / Whimsicott</em></div><div class="spacer battle-history"><br></div><div class="battle-history">Battle started between Parnstar and blaziken95!<br></div><div class="spacer battle-history"><br></div><div class="battle-history">Go! NIpple pinochle (<strong>Crawdaunt</strong>)!<br></div><div class="spacer battle-history"><br></div><div class="battle-history">blaziken95 sent out <strong>Aggron</strong>!<br></div><div class="spacer battle-history"><br></div><h2 class="battle-history">Turn 1</h2><div class="spacer battle-history"><br></div><div class="battle-history"><small>The opposing Aggron's Aggronite is reacting to blaziken95's Mega Bracelet!</small><br>The opposing Aggron has Mega Evolved into Mega Aggron!<br></div><div class="spacer battle-history"><br></div><div class="battle-history">NIpple pinochle used <strong>Dragon Dance</strong>!<br></div><div class="battle-history"><small>NIpple pinochle's Attack rose!</small><br></div><div class="battle-history"><small>NIpple pinochle's Speed rose!</small><br></div><div class="spacer battle-history"><br></div><div class="battle-history">The opposing Aggron used <strong>Thunder Wave</strong>!<br></div><div class="battle-history"><small>NIpple pinochle is paralyzed! It may be unable to move!</small><br></div><div class="spacer battle-history"><br></div><h2 class="battle-history">Turn 2</h2><div class="spacer battle-history"><br></div><div class="battle-history">The opposing Aggron used <strong>Stealth Rock</strong>!<br></div><div class="battle-history"><small>Pointed stones float in the air around your team!</small><br></div><div class="spacer battle-history"><br></div><div class="battle-history">NIpple pinochle used <strong>Dragon Dance</strong>!<br></div><div class="battle-history"><small>NIpple pinochle's Attack rose!</small><br></div><div class="battle-history"><small>NIpple pinochle's Speed rose!</small><br></div><div class="spacer battle-history"><br></div><h2 class="battle-history">Turn 3</h2><div class="spacer battle-history"><br></div><div class="battle-history">The opposing Aggron used <strong>Heavy Slam</strong>!<br></div><div class="battle-history"><small>It's not very effective...</small><br></div><div class="battle-history"><small>(NIpple pinochle lost <abbr title="−139/267">52.1%</abbr> of its health!)</small><br></div><div class="spacer battle-history"><br></div><div class="battle-history">NIpple pinochle used <strong>Waterfall</strong>!<br></div><div class="battle-history"><small>A critical hit!</small><br></div><div class="battle-history"><small>(The opposing Aggron lost <abbr title="−280/281">99.6%</abbr> of its health!)</small><br></div><div class="spacer battle-history"><br></div><h2 class="battle-history">Turn 4</h2><div class="spacer battle-history"><br></div><div class="battle-history">NIpple pinochle used <strong>Aqua Jet</strong>!<br></div><div class="battle-history"><small>(The opposing Aggron lost <abbr title="−1/281">0.4%</abbr> of its health!)</small><br></div><div class="spacer battle-history"><br></div><div class="battle-history">The opposing Aggron fainted!<br></div><div class="spacer battle-history"><br></div><div class="battle-history">blaziken95 sent out <strong>Hitmonchan</strong>!<br></div><div class="spacer battle-history"><br></div><h2 class="battle-history">Turn 5</h2><div class="spacer battle-history"><br></div><div class="battle-history">NIpple pinochle used <strong>Aqua Jet</strong>!<br></div><div class="battle-history"><small>(The opposing Hitmonchan lost <abbr title="−241/241">100%</abbr> of its health!)</small><br></div><div class="spacer battle-history"><br></div><div class="battle-history">The opposing Hitmonchan fainted!<br></div><div class="chat chatmessage-blaziken95"><strong style="color:hsl(330,66%,45%)"><small>☆</small><span class="username" data-name="blaziken95">blaziken95</span>:</strong> <em>didnt we play earlier?</em></div><div class="chat chatmessage-parnstar"><strong style="color:hsl(41,84%,41.163999978976825%)"><small>☆</small><span class="username" data-name="Parnstar">Parnstar</span>:</strong> <em>Maaaaybe</em></div><div class="spacer battle-history"><br></div><div class="battle-history">blaziken95 sent out <strong>Suicune</strong>!<br></div><div class="battle-history"><small>[The opposing Suicune's Pressure]</small><br><small>The opposing Suicune is exerting its pressure!</small><br></div><div class="spacer battle-history"><br></div><h2 class="battle-history">Turn 6</h2><div class="chat chatmessage-parnstar"><strong style="color:hsl(41,84%,41.163999978976825%)"><small>☆</small><span class="username" data-name="Parnstar">Parnstar</span>:</strong> <em>I see u got pressecott now</em></div><div class="spacer battle-history"><br></div><div class="battle-history">The opposing Suicune used <strong>Hidden Power</strong>!<br></div><div class="battle-history"><small>(NIpple pinochle lost <abbr title="−100/267">37.5%</abbr> of its health!)</small><br></div><div class="spacer battle-history"><br></div><div class="battle-history">NIpple pinochle is paralyzed! It can't move!<br></div><div class="spacer battle-history"><br></div><h2 class="battle-history">Turn 7</h2><div class="spacer battle-history"><br></div><div class="battle-history">NIpple pinochle used <strong>Aqua Jet</strong>!<br></div><div class="battle-history"><small>It's not very effective...</small><br></div><div class="battle-history"><small>(The opposing Suicune lost <abbr title="−89/404">22.0%</abbr> of its health!)</small><br></div><div class="spacer battle-history"><br></div><div class="battle-history">The opposing Suicune used <strong>Scald</strong>!<br></div><div class="battle-history"><small>It's not very effective...</small><br></div><div class="battle-history"><small>(NIpple pinochle lost <abbr title="−28/267">10.5%</abbr> of its health!)</small><br></div><div class="spacer battle-history"><br></div><div class="battle-history">NIpple pinochle fainted!<br></div><div class="spacer battle-history"><br></div><div class="battle-history"><small>The opposing Suicune restored a little HP using its Leftovers!</small><br></div><div class="chat chatmessage-blaziken95"><strong style="color:hsl(330,66%,45%)"><small>☆</small><span class="username" data-name="blaziken95">blaziken95</span>:</strong> <em>nah</em></div><div class="spacer battle-history"><br></div><div class="battle-history">Go! Scared (<strong>Heliolisk</strong>)!<br></div><div class="battle-history"><small>Pointed stones dug into Scared!</small><br></div><div class="spacer battle-history"><br></div><h2 class="battle-history">Turn 8</h2><div class="chat chatmessage-parnstar"><strong style="color:hsl(41,84%,41.163999978976825%)"><small>☆</small><span class="username" data-name="Parnstar">Parnstar</span>:</strong> <em>I see it</em></div><div class="spacer battle-history"><br></div><div class="battle-history">Scared used <strong>Thunderbolt</strong>!<br></div><div class="battle-history"><small>It's super effective!</small><br></div><div class="battle-history"><small>(The opposing Suicune lost <abbr title="−252/404">62.4%</abbr> of its health!)</small><br></div><div class="spacer battle-history"><br></div><div class="battle-history">The opposing Suicune used <strong>Hidden Power</strong>!<br></div><div class="battle-history"><small>It's super effective!</small><br></div><div class="battle-history"><small>(Scared lost <abbr title="−120/265">45.3%</abbr> of its health!)</small><br></div><div class="spacer battle-history"><br></div><div class="battle-history"><small>The opposing Suicune restored a little HP using its Leftovers!</small><br></div><div class="spacer battle-history"><br></div><h2 class="battle-history">Turn 9</h2><div class="spacer battle-history"><br></div><div class="battle-history">Scared used <strong>Thunderbolt</strong>!<br></div><div class="battle-history"><small>It's super effective!</small><br></div><div class="battle-history"><small>(The opposing Suicune lost <abbr title="−113/404">28.0%</abbr> of its health!)</small><br></div><div class="spacer battle-history"><br></div><div class="battle-history">The opposing Suicune fainted!<br></div><div class="spacer battle-history"><br></div><div class="battle-history">blaziken95 sent out <strong>Arcanine</strong>!<br></div><div class="spacer battle-history"><br></div><h2 class="battle-history">Turn 10</h2><div class="spacer battle-history"><br></div><div class="battle-history">Scared used <strong>Surf</strong>!<br></div><div class="battle-history"><small>It's super effective!</small><br></div><div class="battle-history"><small>(The opposing Arcanine lost <abbr title="−230/321">71.7%</abbr> of its health!)</small><br></div><div class="spacer battle-history"><br></div><div class="battle-history">The opposing Arcanine used <strong>Flame Charge</strong>!<br></div><div class="battle-history"><small>A critical hit!</small><br></div><div class="battle-history"><small>(Scared lost <abbr title="−112/265">42.3%</abbr> of its health!)</small><br></div><div class="battle-history"><small>The opposing Arcanine's Speed rose!</small><br></div><div class="battle-history"><small>The opposing Arcanine lost some of its HP!</small><br></div><div class="spacer battle-history"><br></div><div class="battle-history">Scared fainted!<br></div><div class="spacer battle-history"><br></div><div class="battle-history">Go! Mustard pass (<strong>Donphan</strong>)!<br></div><div class="battle-history"><small>Pointed stones dug into Mustard pass!</small><br></div><div class="spacer battle-history"><br></div><h2 class="battle-history">Turn 11</h2><div class="spacer battle-history"><br></div><div class="battle-history">The opposing Arcanine used <strong>Flare Blitz</strong>!<br></div><div class="battle-history"><small>(Mustard pass lost <abbr title="−220/383">57.4%</abbr> of its health!)</small><br></div><div class="battle-history"><small>The opposing Arcanine is damaged by the recoil!</small><br></div><div class="spacer battle-history"><br></div><div class="battle-history">The opposing Arcanine fainted!<br></div><div class="battle-history">Mustard pass used <strong>Earthquake</strong>!<br></div><div class="battle-history"><small>But there was no target...</small><br></div><div class="spacer battle-history"><br></div><div class="battle-history">blaziken95 sent out <strong>Cresselia</strong>!<br></div><div class="spacer battle-history"><br></div><h2 class="battle-history">Turn 12</h2><div class="spacer battle-history"><br></div><div class="battle-history">Mustard pass, come back!<br></div><div class="battle-history">Go! Prick (<strong>Whimsicott</strong>)!<br></div><div class="battle-history"><small>Pointed stones dug into Prick!</small><br></div><div class="spacer battle-history"><br></div><div class="battle-history">The opposing Cresselia used <strong>Toxic</strong>!<br></div><div class="battle-history"><small>Prick was badly poisoned!</small><br></div><div class="spacer battle-history"><br></div><div class="battle-history"><small>Prick was hurt by poison!</small><br></div><div class="spacer battle-history"><br></div><h2 class="battle-history">Turn 13</h2><div class="spacer battle-history"><br></div><div class="battle-history">Prick used <strong>Encore</strong>!<br></div><div class="battle-history"><small>The opposing Cresselia received an encore!</small><br></div><div class="spacer battle-history"><br></div><div class="battle-history">The opposing Cresselia used <strong>Toxic</strong>!<br></div><div class="battle-history"><small>But it failed!</small><br></div><div class="spacer battle-history"><br></div><div class="battle-history"><small>Prick was hurt by poison!</small><br></div><div class="spacer battle-history"><br></div><h2 class="battle-history">Turn 14</h2><div class="spacer battle-history"><br></div><div class="battle-history">blaziken95 withdrew Cresselia!<br></div><div class="battle-history">blaziken95 sent out <strong>Whimsicott</strong>!<br></div><div class="spacer battle-history"><br></div><div class="battle-history">Prick used <strong>Nature Power</strong>!<br></div><div class="spacer battle-history"><br></div><div class="battle-history">Nature Power turned into Tri Attack!<br></div><div class="battle-history"><small>(The opposing Whimsicott lost <abbr title="−81/261">31.0%</abbr> of its health!)</small><br></div><div class="spacer battle-history"><br></div><div class="battle-history"><small>Prick was hurt by poison!</small><br></div><div class="spacer battle-history"><br></div><h2 class="battle-history">Turn 15</h2><div class="spacer battle-history"><br></div><div class="battle-history">Prick used <strong>Moonblast</strong>!<br></div><div class="battle-history"><small>(The opposing Whimsicott lost <abbr title="−180/261">69.0%</abbr> of its health!)</small><br></div><div class="spacer battle-history"><br></div><div class="battle-history">The opposing Whimsicott fainted!<br></div><div class="spacer battle-history"><br></div><div class="battle-history"><small>Prick was hurt by poison!</small><br></div><div class="spacer battle-history"><br></div><div class="battle-history">blaziken95 sent out <strong>Cresselia</strong>!<br></div><div class="spacer battle-history"><br></div><h2 class="battle-history">Turn 16</h2><div class="spacer battle-history"><br></div><div class="battle-history">Prick, come back!<br></div><div class="battle-history">Go! Mustard pass (<strong>Donphan</strong>)!<br></div><div class="battle-history"><small>Pointed stones dug into Mustard pass!</small><br></div><div class="spacer battle-history"><br></div><div class="battle-history">The opposing Cresselia used <strong>Psychic</strong>!<br></div><div class="battle-history"><small>(Mustard pass lost <abbr title="−117/383">30.5%</abbr> of its health!)</small><br></div><div class="spacer battle-history"><br></div><div class="battle-history">Mustard pass fainted!<br></div><div class="spacer battle-history"><br></div><div class="battle-history">Go! Whoopie goldust (<strong>Mamoswine</strong>)!<br></div><div class="battle-history"><small>Pointed stones dug into Whoopie goldust!</small><br></div><div class="spacer battle-history"><br></div><h2 class="battle-history">Turn 17</h2><div class="spacer battle-history"><br></div><div class="battle-history">Whoopie goldust used <strong>Icicle Crash</strong>!<br></div><div class="battle-history"><small>(The opposing Cresselia lost <abbr title="−118/444">26.6%</abbr> of its health!)</small><br></div><div class="spacer battle-history"><br></div><div class="battle-history">The opposing Cresselia flinched and couldn't move!<br></div><div class="spacer battle-history"><br></div><div class="battle-history"><small>The opposing Cresselia restored a little HP using its Leftovers!</small><br></div><div class="spacer battle-history"><br></div><h2 class="battle-history">Turn 18</h2><div class="spacer battle-history"><br></div><div class="battle-history">Whoopie goldust used <strong>Icicle Crash</strong>!<br></div><div class="battle-history"><small>(The opposing Cresselia lost <abbr title="−135/444">30.4%</abbr> of its health!)</small><br></div><div class="spacer battle-history"><br></div><div class="battle-history">The opposing Cresselia flinched and couldn't move!<br></div><div class="spacer battle-history"><br></div><div class="battle-history"><small>The opposing Cresselia restored a little HP using its Leftovers!</small><br></div><div class="spacer battle-history"><br></div><h2 class="battle-history">Turn 19</h2><div class="spacer battle-history"><br></div><div class="battle-history">Whoopie goldust used <strong>Icicle Crash</strong>!<br></div><div class="battle-history"><small>(The opposing Cresselia lost <abbr title="−133/444">30.0%</abbr> of its health!)</small><br></div><div class="spacer battle-history"><br></div><div class="battle-history">The opposing Cresselia flinched and couldn't move!<br></div><div class="spacer battle-history"><br></div><div class="battle-history"><small>The opposing Cresselia restored a little HP using its Leftovers!</small><br></div><div class="spacer battle-history"><br></div><h2 class="battle-history">Turn 20</h2><div class="spacer battle-history"><br></div><div class="battle-history"><small>blaziken95 forfeited.</small><br></div><div class="spacer battle-history"><br></div><div class="battle-history"><strong>Parnstar</strong> won the battle!<br></div><div class="chat"><small>blaziken95 left.</small></div><div class="chat">Parnstar's rating: 1335 → <strong>1344</strong><br>(+9 for winning)</div><div class="chat">blaziken95's rating: 1122 → <strong>1111</strong><br>(-11 for losing)</div></div><div class="inner-preempt"></div></div></div>
</div>
<script>
let daily = Math.floor(Date.now()/1000/60/60/24);document.write('<script src="https://play.pokemonshowdown.com/js/replay-embed.js?version'+daily+'"></'+'script>');
</script>
