<!DOCTYPE html>
<meta charset="utf-8" />
<!-- version 1 -->
<title>UU replay: Parnstar vs. Sixale02</title>
<style>
html,body {font-family:Verdana, sans-serif;font-size:10pt;margin:0;padding:0;}body{padding:12px 0;} .battle-log {font-family:Verdana, sans-serif;font-size:10pt;} .battle-log-inline {border:1px solid #AAAAAA;background:#EEF2F5;color:black;max-width:640px;margin:0 auto 80px;padding-bottom:5px;} .battle-log .inner {padding:4px 8px 0px 8px;} .battle-log .inner-preempt {padding:0 8px 4px 8px;} .battle-log .inner-after {margin-top:0.5em;} .battle-log h2 {margin:0.5em -8px;padding:4px 8px;border:1px solid #AAAAAA;background:#E0E7EA;border-left:0;border-right:0;font-family:Verdana, sans-serif;font-size:13pt;} .battle-log .chat {vertical-align:middle;padding:3px 0 3px 0;font-size:8pt;} .battle-log .chat strong {color:#40576A;} .battle-log .chat em {padding:1px 4px 1px 3px;color:#000000;font-style:normal;} .chat.mine {background:rgba(0,0,0,0.05);margin-left:-8px;margin-right:-8px;padding-left:8px;padding-right:8px;} .spoiler {color:#BBBBBB;background:#BBBBBB;padding:0px 3px;} .spoiler:hover, .spoiler:active, .spoiler-shown {color:#000000;background:#E2E2E2;padding:0px 3px;} .spoiler a {color:#BBBBBB;} .spoiler:hover a, .spoiler:active a, .spoiler-shown a {color:#2288CC;} .chat code, .chat .spoiler:hover code, .chat .spoiler:active code, .chat .spoiler-shown code {border:1px solid #C0C0C0;background:#EEEEEE;color:black;padding:0 2px;} .chat .spoiler code {border:1px solid #CCCCCC;background:#CCCCCC;color:#CCCCCC;} .battle-log .rated {padding:3px 4px;} .battle-log .rated strong {color:white;background:#89A;padding:1px 4px;border-radius:4px;} .spacer {margin-top:0.5em;} .message-announce {background:#6688AA;color:white;padding:1px 4px 2px;} .message-announce a, .broadcast-green a, .broadcast-blue a, .broadcast-red a {color:#DDEEFF;} .broadcast-green {background-color:#559955;color:white;padding:2px 4px;} .broadcast-blue {background-color:#6688AA;color:white;padding:2px 4px;} .infobox {border:1px solid #6688AA;padding:2px 4px;} .infobox-limited {max-height:200px;overflow:auto;overflow-x:hidden;} .broadcast-red {background-color:#AA5544;color:white;padding:2px 4px;} .message-learn-canlearn {font-weight:bold;color:#228822;text-decoration:underline;} .message-learn-cannotlearn {font-weight:bold;color:#CC2222;text-decoration:underline;} .message-effect-weak {font-weight:bold;color:#CC2222;} .message-effect-resist {font-weight:bold;color:#6688AA;} .message-effect-immune {font-weight:bold;color:#666666;} .message-learn-list {margin-top:0;margin-bottom:0;} .message-throttle-notice, .message-error {color:#992222;} .message-overflow, .chat small.message-overflow {font-size:0pt;} .message-overflow::before {font-size:9pt;content:'...';} .subtle {color:#3A4A66;}
</style>
<div class="wrapper replay-wrapper" style="max-width:1180px;margin:0 auto">
<input type="hidden" name="replayid" value="uu-558362491" />
<div class="battle"></div><div class="battle-log"></div><div class="replay-controls"></div><div class="replay-controls-2"></div>
<h1 style="font-weight:normal;text-align:center"><strong>UU</strong><br /><a href="http://pokemonshowdown.com/users/parnstar" class="subtle" target="_blank">Parnstar</a> vs. <a href="http://pokemonshowdown.com/users/sixale02" class="subtle" target="_blank">Sixale02</a></h1>
<script type="text/plain" class="battle-log-data">|j|Parnstar
|j|Sixale02
|player|p1|Parnstar|21
|player|p2|Sixale02|52
|gametype|singles
|gen|6
|tier|UU
|rated
|seed|45732,7933,58088,21986
|rule|Sleep Clause Mod: Limit one foe put to sleep
|rule|Species Clause: Limit one of each Pokémon
|rule|OHKO Clause: OHKO moves are banned
|rule|Moody Clause: Moody is banned
|rule|Evasion Moves Clause: Evasion moves are banned
|rule|Endless Battle Clause: Forcing endless battles is banned
|rule|HP Percentage Mod: HP is shown in percentages
|clearpoke
|poke|p1|Mamoswine, F|item
|poke|p1|Toxicroak, F|item
|poke|p1|Whimsicott, F|item
|poke|p1|Heliolisk, F|item
|poke|p1|Donphan, M|item
|poke|p1|Crawdaunt, M|item
|poke|p2|Gastrodon, M|item
|poke|p2|Klefki, M|item
|poke|p2|Jolteon, M|item
|poke|p2|Doublade, M|item
|poke|p2|Infernape, M|item
|poke|p2|Absol, M|item
|rule|Swagger Clause: Swagger is banned
|rule|Baton Pass Clause: Limit one Baton Passer, can't pass Spe and other stats simultaneously
|teampreview
|choice|team 5, team 2, team 3, team 4, team 1, team 6|team 5, team 2, team 3, team 4, team 1, team 6
|
|start
|switch|p1a: Mustard pass|Donphan, M|383\/383
|switch|p2a: Infernape|Infernape, M|293\/293
|turn|1
|choice|move earthquake|switch 5
|
|switch|p2a: Stallerx1000|Gastrodon, M|426\/426
|move|p1a: Mustard pass|Earthquake|p2a: Stallerx1000
|-damage|p2a: Stallerx1000|300\/426
|
|-heal|p2a: Stallerx1000|326\/426|[from] item: Leftovers
|upkeep
|turn|2
|choice|move stealthrock|move scald
|
|move|p1a: Mustard pass|Stealth Rock|p2a: Stallerx1000
|-sidestart|p2: Sixale02|move: Stealth Rock
|move|p2a: Stallerx1000|Scald|p1a: Mustard pass
|-supereffective|p1a: Mustard pass
|-damage|p1a: Mustard pass|137\/383
|
|-heal|p2a: Stallerx1000|352\/426|[from] item: Leftovers
|upkeep
|turn|3
|choice|switch 4|move scald
|
|switch|p1a: Scared|Heliolisk, F|265\/265
|-item|p1a: Scared|Air Balloon
|move|p2a: Stallerx1000|Scald|p1a: Scared
|-immune|p1a: Scared|[msg]|[from] ability: Dry Skin
|
|-heal|p2a: Stallerx1000|378\/426|[from] item: Leftovers
|upkeep
|turn|4
|choice|move grassknot|move toxic
|
|move|p1a: Scared|Grass Knot|p2a: Stallerx1000
|-supereffective|p2a: Stallerx1000
|-damage|p2a: Stallerx1000|90\/426
|move|p2a: Stallerx1000|Toxic|p1a: Scared
|-status|p1a: Scared|tox
|
|-heal|p2a: Stallerx1000|116\/426|[from] item: Leftovers
|-damage|p1a: Scared|249\/265 tox|[from] psn
|upkeep
|turn|5
|choice|move hypervoice|move protect
|
|move|p2a: Stallerx1000|Protect|p2a: Stallerx1000
|-singleturn|p2a: Stallerx1000|Protect
|move|p1a: Scared|Hyper Voice|p2a: Stallerx1000
|-activate|p2a: Stallerx1000|move: Protect
|
|-heal|p2a: Stallerx1000|142\/426|[from] item: Leftovers
|-damage|p1a: Scared|217\/265 tox|[from] psn
|upkeep
|turn|6
|choice|move grassknot|switch 2
|
|switch|p2a: Picotis|Klefki, M|318\/318
|-damage|p2a: Picotis|299\/318|[from] Stealth Rock
|move|p1a: Scared|Grass Knot|p2a: Picotis
|-resisted|p2a: Picotis
|-damage|p2a: Picotis|287\/318
|
|-heal|p2a: Picotis|306\/318|[from] item: Leftovers
|-damage|p1a: Scared|169\/265 tox|[from] psn
|upkeep
|turn|7
|choice|move voltswitch|move spikes
|
|move|p2a: Picotis|Spikes|p1a: Scared
|-sidestart|p1: Parnstar|Spikes
|move|p1a: Scared|Volt Switch|p2a: Picotis
|-crit|p2a: Picotis
|-damage|p2a: Picotis|135\/318
|choice|switch 4|
|
|switch|p1a: Mustard pass|Donphan, M|137\/383
|-damage|p1a: Mustard pass|90\/383|[from] Spikes
|
|-heal|p2a: Picotis|154\/318|[from] item: Leftovers
|upkeep
|turn|8
|choice|move rapidspin|move protect
|-enditem|p1a: Mustard pass|Custap Berry|[eat]
|-activate|p1a: Mustard pass|item: Custap Berry
|
|move|p2a: Picotis|Protect|p2a: Picotis
|-singleturn|p2a: Picotis|Protect
|move|p1a: Mustard pass|Rapid Spin|p2a: Picotis
|-activate|p2a: Picotis|move: Protect
|
|-heal|p2a: Picotis|173\/318|[from] item: Leftovers
|upkeep
|turn|9
|choice|move earthquake|move foulplay
|
|move|p2a: Picotis|Foul Play|p1a: Mustard pass
|-damage|p1a: Mustard pass|35\/383
|move|p1a: Mustard pass|Earthquake|p2a: Picotis
|-supereffective|p2a: Picotis
|-damage|p2a: Picotis|0 fnt
|faint|p2a: Picotis
|
|upkeep
|choice||switch 5
|
|switch|p2a: Infernape|Infernape, M|293\/293
|-damage|p2a: Infernape|257\/293|[from] Stealth Rock
|turn|10
|choice|move rapidspin|move machpunch
|
|move|p2a: Infernape|Mach Punch|p1a: Mustard pass
|-crit|p1a: Mustard pass
|-damage|p1a: Mustard pass|0 fnt
|-damage|p2a: Infernape|228\/293|[from] item: Life Orb
|faint|p1a: Mustard pass
|
|upkeep
|choice|switch 6|
|
|switch|p1a: NIpple pinochle|Crawdaunt, M|267\/267
|-damage|p1a: NIpple pinochle|234\/267|[from] Spikes
|turn|11
|choice|move aquajet|switch 3
|
|switch|p2a: Jolteon|Jolteon, M|271\/271
|-damage|p2a: Jolteon|238\/271|[from] Stealth Rock
|move|p1a: NIpple pinochle|Aqua Jet|p2a: Jolteon
|-damage|p2a: Jolteon|74\/271
|
|upkeep
|turn|12
|choice|move aquajet|move thunderbolt
|
|move|p1a: NIpple pinochle|Aqua Jet|p2a: Jolteon
|-damage|p2a: Jolteon|0 fnt
|faint|p2a: Jolteon
|
|upkeep
|choice||switch 6
|
|switch|p2a: Absol|Absol, M|271\/271
|-damage|p2a: Absol|238\/271|[from] Stealth Rock
|turn|13
|choice|switch 4|move knockoff mega
|
|switch|p1a: Scared|Heliolisk, F|169\/265 tox
|-item|p1a: Scared|Air Balloon
|detailschange|p2a: Absol|Absol-Mega, M
|-mega|p2a: Absol|Absol|Absolite
|move|p2a: Absol|Knock Off|p1a: Scared
|-damage|p1a: Scared|0 fnt
|-enditem|p1a: Scared|Air Balloon
|faint|p1a: Scared
|
|upkeep
|choice|switch 3|
|
|switch|p1a: Prick|Whimsicott, F|261\/261
|-damage|p1a: Prick|229\/261|[from] Spikes
|turn|14
|choice|move moonblast|move taunt
|
|move|p1a: Prick|Moonblast|p2a: Absol
|-supereffective|p2a: Absol
|-damage|p2a: Absol|0 fnt
|faint|p2a: Absol
|
|upkeep
|choice||switch 3
|
|switch|p2a: Infernape|Infernape, M|228\/293
|-damage|p2a: Infernape|192\/293|[from] Stealth Rock
|turn|15
|choice|move naturepower|move thunderpunch
|
|move|p1a: Prick|Nature Power|p2a: Infernape
|move|p1a: Prick|Tri Attack|p2a: Infernape|[from]Nature Power
|-damage|p2a: Infernape|105\/293
|move|p2a: Infernape|Thunder Punch|p1a: Prick
|-resisted|p1a: Prick
|-damage|p1a: Prick|164\/261
|-damage|p2a: Infernape|76\/293|[from] item: Life Orb
|
|upkeep
|turn|16
|choice|move naturepower|move flareblitz
|
|move|p1a: Prick|Nature Power|p2a: Infernape
|move|p1a: Prick|Tri Attack|p2a: Infernape|[from]Nature Power
|-damage|p2a: Infernape|0 fnt
|faint|p2a: Infernape
|
|upkeep
|-message|Sixale02 forfeited.
|
|win|Parnstar
|l|Sixale02</script>
</div>
<div class="battle-log battle-log-inline"><div class="inner"><div class="battle-options"></div><div class="inner"><div class="chat"><small>Parnstar joined.</small></div><div class="chat"><small>Sixale02 joined.</small></div><div class=""><small>Format:</small> <br><strong>UU</strong></div><div class="rated"><strong>Rated battle</strong></div><div class=""><small><em>Sleep Clause Mod:</em> Limit one foe put to sleep</small></div><div class=""><small><em>Species Clause:</em> Limit one of each Pokémon</small></div><div class=""><small><em>OHKO Clause:</em> OHKO moves are banned</small></div><div class=""><small><em>Moody Clause:</em> Moody is banned</small></div><div class=""><small><em>Evasion Moves Clause:</em> Evasion moves are banned</small></div><div class=""><small><em>Endless Battle Clause:</em> Forcing endless battles is banned</small></div><div class=""><small><em>HP Percentage Mod:</em> HP is shown in percentages</small></div><div class=""><small><em>Swagger Clause:</em> Swagger is banned</small></div><div class=""><small><em>Baton Pass Clause:</em> Limit one Baton Passer, can't pass Spe and other stats simultaneously</small></div><div class="chat battle-history"><strong>Parnstar's team:</strong> <em style="color:#445566;display:block;">Mamoswine / Toxicroak / Whimsicott / Heliolisk / Donphan / Crawdaunt</em></div><div class="chat battle-history"><strong>Sixale02's team:</strong> <em style="color:#445566;display:block;">Gastrodon / Klefki / Jolteon / Doublade / Infernape / Absol</em></div><div class="spacer battle-history"><br></div><div class="battle-history">Battle started between Parnstar and Sixale02!<br></div><div class="spacer battle-history"><br></div><div class="battle-history">Go! Mustard pass (<strong>Donphan</strong>)!<br></div><div class="spacer battle-history"><br></div><div class="battle-history">Sixale02 sent out <strong>Infernape</strong>!<br></div><div class="spacer battle-history"><br></div><h2 class="battle-history">Turn 1</h2><div class="spacer battle-history"><br></div><div class="battle-history">Sixale02 withdrew Infernape!<br></div><div class="battle-history">Sixale02 sent out Stallerx1000 (<strong>Gastrodon</strong>)!<br></div><div class="spacer battle-history"><br></div><div class="battle-history">Mustard pass used <strong>Earthquake</strong>!<br></div><div class="battle-history"><small>(The opposing Stallerx1000 lost <abbr title="−126/426">29.6%</abbr> of its health!)</small><br></div><div class="spacer battle-history"><br></div><div class="battle-history"><small>The opposing Stallerx1000 restored a little HP using its Leftovers!</small><br></div><div class="spacer battle-history"><br></div><h2 class="battle-history">Turn 2</h2><div class="spacer battle-history"><br></div><div class="battle-history">Mustard pass used <strong>Stealth Rock</strong>!<br></div><div class="battle-history"><small>Pointed stones float in the air around the opposing team!</small><br></div><div class="spacer battle-history"><br></div><div class="battle-history">The opposing Stallerx1000 used <strong>Scald</strong>!<br></div><div class="battle-history"><small>It's super effective!</small><br></div><div class="battle-history"><small>(Mustard pass lost <abbr title="−246/383">64.2%</abbr> of its health!)</small><br></div><div class="spacer battle-history"><br></div><div class="battle-history"><small>The opposing Stallerx1000 restored a little HP using its Leftovers!</small><br></div><div class="spacer battle-history"><br></div><h2 class="battle-history">Turn 3</h2><div class="spacer battle-history"><br></div><div class="battle-history">Mustard pass, come back!<br></div><div class="battle-history">Go! Scared (<strong>Heliolisk</strong>)!<br></div><div class="battle-history"><small>Scared floats in the air with its Air Balloon!</small><br></div><div class="spacer battle-history"><br></div><div class="battle-history">The opposing Stallerx1000 used <strong>Scald</strong>!<br></div><div class="battle-history"><small>[Scared's Dry Skin]</small><br><small>It doesn't affect Scared...</small><br></div><div class="spacer battle-history"><br></div><div class="battle-history"><small>The opposing Stallerx1000 restored a little HP using its Leftovers!</small><br></div><div class="spacer battle-history"><br></div><h2 class="battle-history">Turn 4</h2><div class="spacer battle-history"><br></div><div class="battle-history">Scared used <strong>Grass Knot</strong>!<br></div><div class="battle-history"><small>It's super effective!</small><br></div><div class="battle-history"><small>(The opposing Stallerx1000 lost <abbr title="−288/426">67.6%</abbr> of its health!)</small><br></div><div class="spacer battle-history"><br></div><div class="battle-history">The opposing Stallerx1000 used <strong>Toxic</strong>!<br></div><div class="battle-history"><small>Scared was badly poisoned!</small><br></div><div class="spacer battle-history"><br></div><div class="battle-history"><small>The opposing Stallerx1000 restored a little HP using its Leftovers!</small><br></div><div class="battle-history"><small>Scared was hurt by poison!</small><br></div><div class="spacer battle-history"><br></div><h2 class="battle-history">Turn 5</h2><div class="spacer battle-history"><br></div><div class="battle-history">The opposing Stallerx1000 used <strong>Protect</strong>!<br></div><div class="battle-history"><small>The opposing Stallerx1000 protected itself!</small><br></div><div class="spacer battle-history"><br></div><div class="battle-history">Scared used <strong>Hyper Voice</strong>!<br></div><div class="battle-history"><small>The opposing Stallerx1000 protected itself!</small><br></div><div class="spacer battle-history"><br></div><div class="battle-history"><small>The opposing Stallerx1000 restored a little HP using its Leftovers!</small><br></div><div class="battle-history"><small>Scared was hurt by poison!</small><br></div><div class="spacer battle-history"><br></div><h2 class="battle-history">Turn 6</h2><div class="spacer battle-history"><br></div><div class="battle-history">Sixale02 withdrew Stallerx1000!<br></div><div class="battle-history">Sixale02 sent out Picotis (<strong>Klefki</strong>)!<br></div><div class="battle-history"><small>Pointed stones dug into the opposing Picotis!</small><br></div><div class="spacer battle-history"><br></div><div class="battle-history">Scared used <strong>Grass Knot</strong>!<br></div><div class="battle-history"><small>It's not very effective...</small><br></div><div class="battle-history"><small>(The opposing Picotis lost <abbr title="−12/318">3.8%</abbr> of its health!)</small><br></div><div class="spacer battle-history"><br></div><div class="battle-history"><small>The opposing Picotis restored a little HP using its Leftovers!</small><br></div><div class="battle-history"><small>Scared was hurt by poison!</small><br></div><div class="spacer battle-history"><br></div><h2 class="battle-history">Turn 7</h2><div class="spacer battle-history"><br></div><div class="battle-history">The opposing Picotis used <strong>Spikes</strong>!<br></div><div class="battle-history"><small>Spikes were scattered on the ground all around your team!</small><br></div><div class="spacer battle-history"><br></div><div class="battle-history">Scared used <strong>Volt Switch</strong>!<br></div><div class="battle-history"><small>A critical hit!</small><br></div><div class="battle-history"><small>(The opposing Picotis lost <abbr title="−171/318">53.8%</abbr> of its health!)</small><br></div><div class="spacer battle-history"><br></div><div class="battle-history">Scared went back to Parnstar!<br></div><div class="battle-history">Go! Mustard pass (<strong>Donphan</strong>)!<br></div><div class="battle-history"><small>Mustard pass is hurt by the spikes!</small><br></div><div class="spacer battle-history"><br></div><div class="battle-history"><small>The opposing Picotis restored a little HP using its Leftovers!</small><br></div><div class="spacer battle-history"><br></div><h2 class="battle-history">Turn 8</h2><div class="spacer battle-history"><br></div><div class="battle-history"><small>Mustard pass ate its Custap Berry!</small><br></div><div class="battle-history"><small>Mustard pass's Custap Berry let it move first!</small><br></div><div class="spacer battle-history"><br></div><div class="battle-history">The opposing Picotis used <strong>Protect</strong>!<br></div><div class="battle-history"><small>The opposing Picotis protected itself!</small><br></div><div class="spacer battle-history"><br></div><div class="battle-history">Mustard pass used <strong>Rapid Spin</strong>!<br></div><div class="battle-history"><small>The opposing Picotis protected itself!</small><br></div><div class="spacer battle-history"><br></div><div class="battle-history"><small>The opposing Picotis restored a little HP using its Leftovers!</small><br></div><div class="spacer battle-history"><br></div><h2 class="battle-history">Turn 9</h2><div class="spacer battle-history"><br></div><div class="battle-history">The opposing Picotis used <strong>Foul Play</strong>!<br></div><div class="battle-history"><small>(Mustard pass lost <abbr title="−55/383">14.4%</abbr> of its health!)</small><br></div><div class="spacer battle-history"><br></div><div class="battle-history">Mustard pass used <strong>Earthquake</strong>!<br></div><div class="battle-history"><small>It's super effective!</small><br></div><div class="battle-history"><small>(The opposing Picotis lost <abbr title="−173/318">54.4%</abbr> of its health!)</small><br></div><div class="spacer battle-history"><br></div><div class="battle-history">The opposing Picotis fainted!<br></div><div class="spacer battle-history"><br></div><div class="battle-history">Sixale02 sent out <strong>Infernape</strong>!<br></div><div class="battle-history"><small>Pointed stones dug into the opposing Infernape!</small><br></div><div class="spacer battle-history"><br></div><h2 class="battle-history">Turn 10</h2><div class="spacer battle-history"><br></div><div class="battle-history">The opposing Infernape used <strong>Mach Punch</strong>!<br></div><div class="battle-history"><small>A critical hit!</small><br></div><div class="battle-history"><small>(Mustard pass lost <abbr title="−35/383">9.1%</abbr> of its health!)</small><br></div><div class="battle-history"><small>The opposing Infernape lost some of its HP!</small><br></div><div class="spacer battle-history"><br></div><div class="battle-history">Mustard pass fainted!<br></div><div class="spacer battle-history"><br></div><div class="battle-history">Go! NIpple pinochle (<strong>Crawdaunt</strong>)!<br></div><div class="battle-history"><small>NIpple pinochle is hurt by the spikes!</small><br></div><div class="spacer battle-history"><br></div><h2 class="battle-history">Turn 11</h2><div class="spacer battle-history"><br></div><div class="battle-history">Sixale02 withdrew Infernape!<br></div><div class="battle-history">Sixale02 sent out <strong>Jolteon</strong>!<br></div><div class="battle-history"><small>Pointed stones dug into the opposing Jolteon!</small><br></div><div class="spacer battle-history"><br></div><div class="battle-history">NIpple pinochle used <strong>Aqua Jet</strong>!<br></div><div class="battle-history"><small>(The opposing Jolteon lost <abbr title="−164/271">60.5%</abbr> of its health!)</small><br></div><div class="spacer battle-history"><br></div><h2 class="battle-history">Turn 12</h2><div class="spacer battle-history"><br></div><div class="battle-history">NIpple pinochle used <strong>Aqua Jet</strong>!<br></div><div class="battle-history"><small>(The opposing Jolteon lost <abbr title="−74/271">27.3%</abbr> of its health!)</small><br></div><div class="spacer battle-history"><br></div><div class="battle-history">The opposing Jolteon fainted!<br></div><div class="spacer battle-history"><br></div><div class="battle-history">Sixale02 sent out <strong>Absol</strong>!<br></div><div class="battle-history"><small>Pointed stones dug into the opposing Absol!</small><br></div><div class="spacer battle-history"><br></div><h2 class="battle-history">Turn 13</h2><div class="spacer battle-history"><br></div><div class="battle-history">NIpple pinochle, come back!<br></div><div class="battle-history">Go! Scared (<strong>Heliolisk</strong>)!<br></div><div class="battle-history"><small>Scared floats in the air with its Air Balloon!</small><br></div><div class="spacer battle-history"><br></div><div class="battle-history"><small>The opposing Absol's Absolite is reacting to Sixale02's Mega Bracelet!</small><br>The opposing Absol has Mega Evolved into Mega Absol!<br></div><div class="spacer battle-history"><br></div><div class="battle-history">The opposing Absol used <strong>Knock Off</strong>!<br></div><div class="battle-history"><small>(Scared lost <abbr title="−169/265">63.8%</abbr> of its health!)</small><br></div><div class="battle-history"><small>Scared's Air Balloon popped!</small><br></div><div class="spacer battle-history"><br></div><div class="battle-history">Scared fainted!<br></div><div class="spacer battle-history"><br></div><div class="battle-history">Go! Prick (<strong>Whimsicott</strong>)!<br></div><div class="battle-history"><small>Prick is hurt by the spikes!</small><br></div><div class="spacer battle-history"><br></div><h2 class="battle-history">Turn 14</h2><div class="spacer battle-history"><br></div><div class="battle-history">Prick used <strong>Moonblast</strong>!<br></div><div class="battle-history"><small>It's super effective!</small><br></div><div class="battle-history"><small>(The opposing Absol lost <abbr title="−238/271">87.8%</abbr> of its health!)</small><br></div><div class="spacer battle-history"><br></div><div class="battle-history">The opposing Absol fainted!<br></div><div class="spacer battle-history"><br></div><div class="battle-history">Sixale02 sent out <strong>Infernape</strong>!<br></div><div class="battle-history"><small>Pointed stones dug into the opposing Infernape!</small><br></div><div class="spacer battle-history"><br></div><h2 class="battle-history">Turn 15</h2><div class="spacer battle-history"><br></div><div class="battle-history">Prick used <strong>Nature Power</strong>!<br></div><div class="spacer battle-history"><br></div><div class="battle-history">Nature Power turned into Tri Attack!<br></div><div class="battle-history"><small>(The opposing Infernape lost <abbr title="−87/293">29.7%</abbr> of its health!)</small><br></div><div class="spacer battle-history"><br></div><div class="battle-history">The opposing Infernape used <strong>Thunder Punch</strong>!<br></div><div class="battle-history"><small>It's not very effective...</small><br></div><div class="battle-history"><small>(Prick lost <abbr title="−65/261">24.9%</abbr> of its health!)</small><br></div><div class="battle-history"><small>The opposing Infernape lost some of its HP!</small><br></div><div class="spacer battle-history"><br></div><h2 class="battle-history">Turn 16</h2><div class="spacer battle-history"><br></div><div class="battle-history">Prick used <strong>Nature Power</strong>!<br></div><div class="spacer battle-history"><br></div><div class="battle-history">Nature Power turned into Tri Attack!<br></div><div class="battle-history"><small>(The opposing Infernape lost <abbr title="−76/293">25.9%</abbr> of its health!)</small><br></div><div class="spacer battle-history"><br></div><div class="battle-history">The opposing Infernape fainted!<br></div><div class="spacer battle-history"><br></div><div class="battle-history"><small>Sixale02 forfeited.</small><br></div><div class="spacer battle-history"><br></div><div class="battle-history"><strong>Parnstar</strong> won the battle!<br></div><div class="chat"><small>Sixale02 left.</small></div></div><div class="inner-preempt"></div></div></div>
</div>
<script>
let daily = Math.floor(Date.now()/1000/60/60/24);document.write('<script src="https://play.pokemonshowdown.com/js/replay-embed.js?version'+daily+'"></'+'script>');
</script>
