<!DOCTYPE html>
<meta charset="utf-8" />
<!-- version 1 -->
<title>UU replay: mfong123 vs. RURJ</title>
<style>
html,body {font-family:Verdana, sans-serif;font-size:10pt;margin:0;padding:0;}body{padding:12px 0;} .battle-log {font-family:Verdana, sans-serif;font-size:10pt;} .battle-log-inline {border:1px solid #AAAAAA;background:#EEF2F5;color:black;max-width:640px;margin:0 auto 80px;padding-bottom:5px;} .battle-log .inner {padding:4px 8px 0px 8px;} .battle-log .inner-preempt {padding:0 8px 4px 8px;} .battle-log .inner-after {margin-top:0.5em;} .battle-log h2 {margin:0.5em -8px;padding:4px 8px;border:1px solid #AAAAAA;background:#E0E7EA;border-left:0;border-right:0;font-family:Verdana, sans-serif;font-size:13pt;} .battle-log .chat {vertical-align:middle;padding:3px 0 3px 0;font-size:8pt;} .battle-log .chat strong {color:#40576A;} .battle-log .chat em {padding:1px 4px 1px 3px;color:#000000;font-style:normal;} .chat.mine {background:rgba(0,0,0,0.05);margin-left:-8px;margin-right:-8px;padding-left:8px;padding-right:8px;} .spoiler {color:#BBBBBB;background:#BBBBBB;padding:0px 3px;} .spoiler:hover, .spoiler:active, .spoiler-shown {color:#000000;background:#E2E2E2;padding:0px 3px;} .spoiler a {color:#BBBBBB;} .spoiler:hover a, .spoiler:active a, .spoiler-shown a {color:#2288CC;} .chat code, .chat .spoiler:hover code, .chat .spoiler:active code, .chat .spoiler-shown code {border:1px solid #C0C0C0;background:#EEEEEE;color:black;padding:0 2px;} .chat .spoiler code {border:1px solid #CCCCCC;background:#CCCCCC;color:#CCCCCC;} .battle-log .rated {padding:3px 4px;} .battle-log .rated strong {color:white;background:#89A;padding:1px 4px;border-radius:4px;} .spacer {margin-top:0.5em;} .message-announce {background:#6688AA;color:white;padding:1px 4px 2px;} .message-announce a, .broadcast-green a, .broadcast-blue a, .broadcast-red a {color:#DDEEFF;} .broadcast-green {background-color:#559955;color:white;padding:2px 4px;} .broadcast-blue {background-color:#6688AA;color:white;padding:2px 4px;} .infobox {border:1px solid #6688AA;padding:2px 4px;} .infobox-limited {max-height:200px;overflow:auto;overflow-x:hidden;} .broadcast-red {background-color:#AA5544;color:white;padding:2px 4px;} .message-learn-canlearn {font-weight:bold;color:#228822;text-decoration:underline;} .message-learn-cannotlearn {font-weight:bold;color:#CC2222;text-decoration:underline;} .message-effect-weak {font-weight:bold;color:#CC2222;} .message-effect-resist {font-weight:bold;color:#6688AA;} .message-effect-immune {font-weight:bold;color:#666666;} .message-learn-list {margin-top:0;margin-bottom:0;} .message-throttle-notice, .message-error {color:#992222;} .message-overflow, .chat small.message-overflow {font-size:0pt;} .message-overflow::before {font-size:9pt;content:'...';} .subtle {color:#3A4A66;}
</style>
<div class="wrapper replay-wrapper" style="max-width:1180px;margin:0 auto">
<input type="hidden" name="replayid" value="uu-535547533" />
<div class="battle"></div><div class="battle-log"></div><div class="replay-controls"></div><div class="replay-controls-2"></div>
<h1 style="font-weight:normal;text-align:center"><strong>UU</strong><br /><a href="http://pokemonshowdown.com/users/mfong123" class="subtle" target="_blank">mfong123</a> vs. <a href="http://pokemonshowdown.com/users/rurj" class="subtle" target="_blank">RURJ</a></h1>
<script type="text/plain" class="battle-log-data">|j|mfong123
|j|RURJ
|player|p1|mfong123|266
|player|p2|RURJ|170
|gametype|singles
|gen|6
|tier|UU
|rated
|seed|27781,32258,37533,2563
|rule|Sleep Clause Mod: Limit one foe put to sleep
|rule|Species Clause: Limit one of each Pokémon
|rule|OHKO Clause: OHKO moves are banned
|rule|Moody Clause: Moody is banned
|rule|Evasion Moves Clause: Evasion moves are banned
|rule|Endless Battle Clause: Forcing endless battles is banned
|rule|HP Percentage Mod: HP is shown in percentages
|clearpoke
|poke|p1|Darmanitan, M|item
|poke|p1|Donphan, M|item
|poke|p1|Conkeldurr, F|item
|poke|p1|Cinccino, F|item
|poke|p1|Sableye, F|item
|poke|p1|Milotic, M|item
|poke|p2|Rhyperior, M|item
|poke|p2|Ampharos, F|item
|poke|p2|Bouffalant, F|item
|poke|p2|Lucario, M|item
|poke|p2|Beartic, F|item
|poke|p2|Seismitoad, M|item
|rule|Swagger Clause: Swagger is banned
|rule|Baton Pass Clause: Limit one Baton Passer, can't pass Spe and other stats simultaneously
|teampreview
|choice|team 1, team 2, team 3, team 4, team 5, team 6|team 1, team 2, team 3, team 4, team 5, team 6
|
|start
|switch|p1a: Darmanitan|Darmanitan, M|351\/351
|switch|p2a: Rhyperior|Rhyperior, M|400\/400
|turn|1
|choice|move earthquake|move dragonpulse
|
|move|p1a: Darmanitan|Earthquake|p2a: Rhyperior
|-supereffective|p2a: Rhyperior
|-damage|p2a: Rhyperior|188\/400
|move|p2a: Rhyperior|Dragon Pulse|p1a: Darmanitan
|-damage|p1a: Darmanitan|265\/351
|
|-heal|p2a: Rhyperior|213\/400|[from] item: Leftovers
|upkeep
|turn|2
|choice|move earthquake|move bodyslam
|
|move|p1a: Darmanitan|Earthquake|p2a: Rhyperior
|-supereffective|p2a: Rhyperior
|-damage|p2a: Rhyperior|0 fnt
|faint|p2a: Rhyperior
|
|upkeep
|choice||switch 2
|
|switch|p2a: Ampharos|Ampharos, F|354\/354
|turn|3
|choice|move earthquake|move thunder
|
|move|p1a: Darmanitan|Earthquake|p2a: Ampharos
|-supereffective|p2a: Ampharos
|-damage|p2a: Ampharos|74\/354
|move|p2a: Ampharos|Thunder|p1a: Darmanitan|[miss]
|-miss|p2a: Ampharos|p1a: Darmanitan
|
|-heal|p2a: Ampharos|96\/354|[from] item: Leftovers
|upkeep
|turn|4
|choice|move earthquake|move thunderpunch
|
|move|p1a: Darmanitan|Earthquake|p2a: Ampharos
|-supereffective|p2a: Ampharos
|-damage|p2a: Ampharos|0 fnt
|faint|p2a: Ampharos
|
|upkeep
|choice||switch 4
|
|switch|p2a: Lucario|Lucario, M|303\/303
|turn|5
|choice|move earthquake|move closecombat
|
|move|p1a: Darmanitan|Earthquake|p2a: Lucario
|-supereffective|p2a: Lucario
|-crit|p2a: Lucario
|-damage|p2a: Lucario|0 fnt
|faint|p2a: Lucario
|
|upkeep
|choice||switch 3
|
|switch|p2a: Bouffalant|Bouffalant, F|361\/361
|turn|6
|choice|switch 2|move ironhead
|
|switch|p1a: Donphan|Donphan, M|321\/321
|move|p2a: Bouffalant|Iron Head|p1a: Donphan
|-damage|p1a: Donphan|267\/321
|
|-heal|p1a: Donphan|287\/321|[from] item: Leftovers
|upkeep
|turn|7
|choice|move stealthrock|move hiddenpower
|
|move|p2a: Bouffalant|Hidden Power|p1a: Donphan
|-damage|p1a: Donphan|248\/321
|move|p1a: Donphan|Stealth Rock|p2a: Bouffalant
|-sidestart|p2: RURJ|move: Stealth Rock
|
|-heal|p1a: Donphan|268\/321|[from] item: Leftovers
|upkeep
|turn|8
|choice|move earthquake|move earthquake
|
|move|p2a: Bouffalant|Earthquake|p1a: Donphan
|-damage|p1a: Donphan|205\/321
|move|p1a: Donphan|Earthquake|p2a: Bouffalant
|-damage|p2a: Bouffalant|183\/361
|
|-heal|p2a: Bouffalant|205\/361|[from] item: Leftovers
|-heal|p1a: Donphan|225\/321|[from] item: Leftovers
|upkeep
|turn|9
|choice|move earthquake|move earthquake
|
|move|p2a: Bouffalant|Earthquake|p1a: Donphan
|-damage|p1a: Donphan|157\/321
|move|p1a: Donphan|Earthquake|p2a: Bouffalant
|-damage|p2a: Bouffalant|12\/361
|
|-heal|p2a: Bouffalant|34\/361|[from] item: Leftovers
|-heal|p1a: Donphan|177\/321|[from] item: Leftovers
|upkeep
|turn|10
|choice|move iceshard|move ironhead
|
|move|p1a: Donphan|Ice Shard|p2a: Bouffalant
|-damage|p2a: Bouffalant|0 fnt
|faint|p2a: Bouffalant
|
|-heal|p1a: Donphan|197\/321|[from] item: Leftovers
|upkeep
|choice||switch 5
|
|switch|p2a: Beartic|Beartic, F|358\/358
|-damage|p2a: Beartic|269\/358|[from] Stealth Rock
|turn|11
|choice|move earthquake|move icebeam
|
|move|p2a: Beartic|Ice Beam|p1a: Donphan
|-supereffective|p1a: Donphan
|-damage|p1a: Donphan|0 fnt
|faint|p1a: Donphan
|
|-heal|p2a: Beartic|291\/358|[from] item: Leftovers
|upkeep
|choice|switch 3|
|
|switch|p1a: Conkeldurr|Conkeldurr, F|414\/414
|turn|12
|choice|move drainpunch|move icebeam
|
|move|p2a: Beartic|Ice Beam|p1a: Conkeldurr
|-damage|p1a: Conkeldurr|297\/414
|move|p1a: Conkeldurr|Drain Punch|p2a: Beartic
|-supereffective|p2a: Beartic
|-damage|p2a: Beartic|0 fnt
|-heal|p1a: Conkeldurr|414\/414|[from] drain|[of] p2a: Beartic
|faint|p2a: Beartic
|
|-status|p1a: Conkeldurr|brn|[from] item: Flame Orb
|upkeep
|choice||switch 6
|
|switch|p2a: Seismitoad|Seismitoad, M|351\/351
|-damage|p2a: Seismitoad|330\/351|[from] Stealth Rock
|turn|13
|choice|move facade|move hydropump
|
|move|p2a: Seismitoad|Hydro Pump|p1a: Conkeldurr
|-damage|p1a: Conkeldurr|249\/414 brn
|move|p1a: Conkeldurr|Facade|p2a: Seismitoad
|-damage|p2a: Seismitoad|0 fnt
|faint|p2a: Seismitoad
|
|win|mfong123
|player|p1
|player|p2
|l|mfong123
|raw|mfong123's rating: 1181 &rarr; <strong>1194<\/strong><br \/>(+13 for winning)
|raw|RURJ's rating: 1000 &rarr; <strong>1000<\/strong><br \/>(+0 for losing)</script>
</div>
<div class="battle-log battle-log-inline"><div class="inner"><div class="battle-options"></div><div class="inner"><div class="chat"><small>mfong123 joined.</small></div><div class="chat"><small>RURJ joined.</small></div><div class=""><small>Format:</small> <br><strong>UU</strong></div><div class="rated"><strong>Rated battle</strong></div><div class=""><small><em>Sleep Clause Mod:</em> Limit one foe put to sleep</small></div><div class=""><small><em>Species Clause:</em> Limit one of each Pokémon</small></div><div class=""><small><em>OHKO Clause:</em> OHKO moves are banned</small></div><div class=""><small><em>Moody Clause:</em> Moody is banned</small></div><div class=""><small><em>Evasion Moves Clause:</em> Evasion moves are banned</small></div><div class=""><small><em>Endless Battle Clause:</em> Forcing endless battles is banned</small></div><div class=""><small><em>HP Percentage Mod:</em> HP is shown in percentages</small></div><div class=""><small><em>Swagger Clause:</em> Swagger is banned</small></div><div class=""><small><em>Baton Pass Clause:</em> Limit one Baton Passer, can't pass Spe and other stats simultaneously</small></div><div class="chat battle-history"><strong>mfong123's team:</strong> <em style="color:#445566;display:block;">Darmanitan / Donphan / Conkeldurr / Cinccino / Sableye / Milotic</em></div><div class="chat battle-history"><strong>RURJ's team:</strong> <em style="color:#445566;display:block;">Rhyperior / Ampharos / Bouffalant / Lucario / Beartic / Seismitoad</em></div><div class="spacer battle-history"><br></div><div class="battle-history">Battle started between mfong123 and RURJ!<br></div><div class="spacer battle-history"><br></div><div class="battle-history">Go! <strong>Darmanitan</strong>!<br></div><div class="spacer battle-history"><br></div><div class="battle-history">RURJ sent out <strong>Rhyperior</strong>!<br></div><div class="spacer battle-history"><br></div><h2 class="battle-history">Turn 1</h2><div class="spacer battle-history"><br></div><div class="battle-history">Darmanitan used <strong>Earthquake</strong>!<br></div><div class="battle-history"><small>It's super effective!</small><br></div><div class="battle-history"><small>(The opposing Rhyperior lost <abbr title="−212/400">53%</abbr> of its health!)</small><br></div><div class="spacer battle-history"><br></div><div class="battle-history">The opposing Rhyperior used <strong>Dragon Pulse</strong>!<br></div><div class="battle-history"><small>(Darmanitan lost <abbr title="−86/351">24.5%</abbr> of its health!)</small><br></div><div class="spacer battle-history"><br></div><div class="battle-history"><small>The opposing Rhyperior restored a little HP using its Leftovers!</small><br></div><div class="spacer battle-history"><br></div><h2 class="battle-history">Turn 2</h2><div class="spacer battle-history"><br></div><div class="battle-history">Darmanitan used <strong>Earthquake</strong>!<br></div><div class="battle-history"><small>It's super effective!</small><br></div><div class="battle-history"><small>(The opposing Rhyperior lost <abbr title="−213/400">53.3%</abbr> of its health!)</small><br></div><div class="spacer battle-history"><br></div><div class="battle-history">The opposing Rhyperior fainted!<br></div><div class="spacer battle-history"><br></div><div class="battle-history">RURJ sent out <strong>Ampharos</strong>!<br></div><div class="spacer battle-history"><br></div><h2 class="battle-history">Turn 3</h2><div class="spacer battle-history"><br></div><div class="battle-history">Darmanitan used <strong>Earthquake</strong>!<br></div><div class="battle-history"><small>It's super effective!</small><br></div><div class="battle-history"><small>(The opposing Ampharos lost <abbr title="−280/354">79.1%</abbr> of its health!)</small><br></div><div class="spacer battle-history"><br></div><div class="battle-history">The opposing Ampharos used <strong>Thunder</strong>!<br></div><div class="battle-history"><small>Darmanitan avoided the attack!</small><br></div><div class="spacer battle-history"><br></div><div class="battle-history"><small>The opposing Ampharos restored a little HP using its Leftovers!</small><br></div><div class="spacer battle-history"><br></div><h2 class="battle-history">Turn 4</h2><div class="spacer battle-history"><br></div><div class="battle-history">Darmanitan used <strong>Earthquake</strong>!<br></div><div class="battle-history"><small>It's super effective!</small><br></div><div class="battle-history"><small>(The opposing Ampharos lost <abbr title="−96/354">27.1%</abbr> of its health!)</small><br></div><div class="spacer battle-history"><br></div><div class="battle-history">The opposing Ampharos fainted!<br></div><div class="spacer battle-history"><br></div><div class="battle-history">RURJ sent out <strong>Lucario</strong>!<br></div><div class="spacer battle-history"><br></div><h2 class="battle-history">Turn 5</h2><div class="spacer battle-history"><br></div><div class="battle-history">Darmanitan used <strong>Earthquake</strong>!<br></div><div class="battle-history"><small>It's super effective!</small><br></div><div class="battle-history"><small>A critical hit!</small><br></div><div class="battle-history"><small>(The opposing Lucario lost <abbr title="−303/303">100%</abbr> of its health!)</small><br></div><div class="spacer battle-history"><br></div><div class="battle-history">The opposing Lucario fainted!<br></div><div class="spacer battle-history"><br></div><div class="battle-history">RURJ sent out <strong>Bouffalant</strong>!<br></div><div class="spacer battle-history"><br></div><h2 class="battle-history">Turn 6</h2><div class="spacer battle-history"><br></div><div class="battle-history">Darmanitan, come back!<br></div><div class="battle-history">Go! <strong>Donphan</strong>!<br></div><div class="spacer battle-history"><br></div><div class="battle-history">The opposing Bouffalant used <strong>Iron Head</strong>!<br></div><div class="battle-history"><small>(Donphan lost <abbr title="−54/321">16.8%</abbr> of its health!)</small><br></div><div class="spacer battle-history"><br></div><div class="battle-history"><small>Donphan restored a little HP using its Leftovers!</small><br></div><div class="spacer battle-history"><br></div><h2 class="battle-history">Turn 7</h2><div class="spacer battle-history"><br></div><div class="battle-history">The opposing Bouffalant used <strong>Hidden Power</strong>!<br></div><div class="battle-history"><small>(Donphan lost <abbr title="−39/321">12.1%</abbr> of its health!)</small><br></div><div class="spacer battle-history"><br></div><div class="battle-history">Donphan used <strong>Stealth Rock</strong>!<br></div><div class="battle-history"><small>Pointed stones float in the air around the opposing team!</small><br></div><div class="spacer battle-history"><br></div><div class="battle-history"><small>Donphan restored a little HP using its Leftovers!</small><br></div><div class="spacer battle-history"><br></div><h2 class="battle-history">Turn 8</h2><div class="spacer battle-history"><br></div><div class="battle-history">The opposing Bouffalant used <strong>Earthquake</strong>!<br></div><div class="battle-history"><small>(Donphan lost <abbr title="−63/321">19.6%</abbr> of its health!)</small><br></div><div class="spacer battle-history"><br></div><div class="battle-history">Donphan used <strong>Earthquake</strong>!<br></div><div class="battle-history"><small>(The opposing Bouffalant lost <abbr title="−178/361">49.3%</abbr> of its health!)</small><br></div><div class="spacer battle-history"><br></div><div class="battle-history"><small>The opposing Bouffalant restored a little HP using its Leftovers!</small><br></div><div class="battle-history"><small>Donphan restored a little HP using its Leftovers!</small><br></div><div class="spacer battle-history"><br></div><h2 class="battle-history">Turn 9</h2><div class="spacer battle-history"><br></div><div class="battle-history">The opposing Bouffalant used <strong>Earthquake</strong>!<br></div><div class="battle-history"><small>(Donphan lost <abbr title="−68/321">21.2%</abbr> of its health!)</small><br></div><div class="spacer battle-history"><br></div><div class="battle-history">Donphan used <strong>Earthquake</strong>!<br></div><div class="battle-history"><small>(The opposing Bouffalant lost <abbr title="−193/361">53.5%</abbr> of its health!)</small><br></div><div class="spacer battle-history"><br></div><div class="battle-history"><small>The opposing Bouffalant restored a little HP using its Leftovers!</small><br></div><div class="battle-history"><small>Donphan restored a little HP using its Leftovers!</small><br></div><div class="spacer battle-history"><br></div><h2 class="battle-history">Turn 10</h2><div class="spacer battle-history"><br></div><div class="battle-history">Donphan used <strong>Ice Shard</strong>!<br></div><div class="battle-history"><small>(The opposing Bouffalant lost <abbr title="−34/361">9.4%</abbr> of its health!)</small><br></div><div class="spacer battle-history"><br></div><div class="battle-history">The opposing Bouffalant fainted!<br></div><div class="spacer battle-history"><br></div><div class="battle-history"><small>Donphan restored a little HP using its Leftovers!</small><br></div><div class="spacer battle-history"><br></div><div class="battle-history">RURJ sent out <strong>Beartic</strong>!<br></div><div class="battle-history"><small>Pointed stones dug into the opposing Beartic!</small><br></div><div class="spacer battle-history"><br></div><h2 class="battle-history">Turn 11</h2><div class="spacer battle-history"><br></div><div class="battle-history">The opposing Beartic used <strong>Ice Beam</strong>!<br></div><div class="battle-history"><small>It's super effective!</small><br></div><div class="battle-history"><small>(Donphan lost <abbr title="−197/321">61.4%</abbr> of its health!)</small><br></div><div class="spacer battle-history"><br></div><div class="battle-history">Donphan fainted!<br></div><div class="spacer battle-history"><br></div><div class="battle-history"><small>The opposing Beartic restored a little HP using its Leftovers!</small><br></div><div class="spacer battle-history"><br></div><div class="battle-history">Go! <strong>Conkeldurr</strong>!<br></div><div class="spacer battle-history"><br></div><h2 class="battle-history">Turn 12</h2><div class="spacer battle-history"><br></div><div class="battle-history">The opposing Beartic used <strong>Ice Beam</strong>!<br></div><div class="battle-history"><small>(Conkeldurr lost <abbr title="−117/414">28.3%</abbr> of its health!)</small><br></div><div class="spacer battle-history"><br></div><div class="battle-history">Conkeldurr used <strong>Drain Punch</strong>!<br></div><div class="battle-history"><small>It's super effective!</small><br></div><div class="battle-history"><small>(The opposing Beartic lost <abbr title="−291/358">81.3%</abbr> of its health!)</small><br></div><div class="battle-history"><small>The opposing Beartic had its energy drained!</small><br></div><div class="spacer battle-history"><br></div><div class="battle-history">The opposing Beartic fainted!<br></div><div class="spacer battle-history"><br></div><div class="battle-history"><small>Conkeldurr was burned!</small><br></div><div class="spacer battle-history"><br></div><div class="battle-history">RURJ sent out <strong>Seismitoad</strong>!<br></div><div class="battle-history"><small>Pointed stones dug into the opposing Seismitoad!</small><br></div><div class="spacer battle-history"><br></div><h2 class="battle-history">Turn 13</h2><div class="spacer battle-history"><br></div><div class="battle-history">The opposing Seismitoad used <strong>Hydro Pump</strong>!<br></div><div class="battle-history"><small>(Conkeldurr lost <abbr title="−165/414">39.9%</abbr> of its health!)</small><br></div><div class="spacer battle-history"><br></div><div class="battle-history">Conkeldurr used <strong>Facade</strong>!<br></div><div class="battle-history"><small>(The opposing Seismitoad lost <abbr title="−330/351">94.0%</abbr> of its health!)</small><br></div><div class="spacer battle-history"><br></div><div class="battle-history">The opposing Seismitoad fainted!<br></div><div class="spacer battle-history"><br></div><div class="battle-history"><strong>mfong123</strong> won the battle!<br></div><div class="chat"><small>mfong123 left.</small></div><div class="chat">mfong123's rating: 1181 → <strong>1194</strong><br>(+13 for winning)</div><div class="chat">RURJ's rating: 1000 → <strong>1000</strong><br>(+0 for losing)</div></div><div class="inner-preempt"></div></div></div>
</div>
<script>
let daily = Math.floor(Date.now()/1000/60/60/24);document.write('<script src="https://play.pokemonshowdown.com/js/replay-embed.js?version'+daily+'"></'+'script>');
</script>
