<!DOCTYPE html>
<meta charset="utf-8" />
<!-- version 1 -->
<title>UU replay: Solvik vs. Birdkeeper Jeff</title>
<style>
html,body {font-family:Verdana, sans-serif;font-size:10pt;margin:0;padding:0;}body{padding:12px 0;} .battle-log {font-family:Verdana, sans-serif;font-size:10pt;} .battle-log-inline {border:1px solid #AAAAAA;background:#EEF2F5;color:black;max-width:640px;margin:0 auto 80px;padding-bottom:5px;} .battle-log .inner {padding:4px 8px 0px 8px;} .battle-log .inner-preempt {padding:0 8px 4px 8px;} .battle-log .inner-after {margin-top:0.5em;} .battle-log h2 {margin:0.5em -8px;padding:4px 8px;border:1px solid #AAAAAA;background:#E0E7EA;border-left:0;border-right:0;font-family:Verdana, sans-serif;font-size:13pt;} .battle-log .chat {vertical-align:middle;padding:3px 0 3px 0;font-size:8pt;} .battle-log .chat strong {color:#40576A;} .battle-log .chat em {padding:1px 4px 1px 3px;color:#000000;font-style:normal;} .chat.mine {background:rgba(0,0,0,0.05);margin-left:-8px;margin-right:-8px;padding-left:8px;padding-right:8px;} .spoiler {color:#BBBBBB;background:#BBBBBB;padding:0px 3px;} .spoiler:hover, .spoiler:active, .spoiler-shown {color:#000000;background:#E2E2E2;padding:0px 3px;} .spoiler a {color:#BBBBBB;} .spoiler:hover a, .spoiler:active a, .spoiler-shown a {color:#2288CC;} .chat code, .chat .spoiler:hover code, .chat .spoiler:active code, .chat .spoiler-shown code {border:1px solid #C0C0C0;background:#EEEEEE;color:black;padding:0 2px;} .chat .spoiler code {border:1px solid #CCCCCC;background:#CCCCCC;color:#CCCCCC;} .battle-log .rated {padding:3px 4px;} .battle-log .rated strong {color:white;background:#89A;padding:1px 4px;border-radius:4px;} .spacer {margin-top:0.5em;} .message-announce {background:#6688AA;color:white;padding:1px 4px 2px;} .message-announce a, .broadcast-green a, .broadcast-blue a, .broadcast-red a {color:#DDEEFF;} .broadcast-green {background-color:#559955;color:white;padding:2px 4px;} .broadcast-blue {background-color:#6688AA;color:white;padding:2px 4px;} .infobox {border:1px solid #6688AA;padding:2px 4px;} .infobox-limited {max-height:200px;overflow:auto;overflow-x:hidden;} .broadcast-red {background-color:#AA5544;color:white;padding:2px 4px;} .message-learn-canlearn {font-weight:bold;color:#228822;text-decoration:underline;} .message-learn-cannotlearn {font-weight:bold;color:#CC2222;text-decoration:underline;} .message-effect-weak {font-weight:bold;color:#CC2222;} .message-effect-resist {font-weight:bold;color:#6688AA;} .message-effect-immune {font-weight:bold;color:#666666;} .message-learn-list {margin-top:0;margin-bottom:0;} .message-throttle-notice, .message-error {color:#992222;} .message-overflow, .chat small.message-overflow {font-size:0pt;} .message-overflow::before {font-size:9pt;content:'...';} .subtle {color:#3A4A66;}
</style>
<div class="wrapper replay-wrapper" style="max-width:1180px;margin:0 auto">
<input type="hidden" name="replayid" value="uu-556007326" />
<div class="battle"></div><div class="battle-log"></div><div class="replay-controls"></div><div class="replay-controls-2"></div>
<h1 style="font-weight:normal;text-align:center"><strong>UU</strong><br /><a href="http://pokemonshowdown.com/users/solvik" class="subtle" target="_blank">Solvik</a> vs. <a href="http://pokemonshowdown.com/users/birdkeeperjeff" class="subtle" target="_blank">Birdkeeper Jeff</a></h1>
<script type="text/plain" class="battle-log-data">|j|Solvik
|j|Birdkeeper Jeff
|player|p1|Solvik|#yellow
|player|p2|Birdkeeper Jeff|31
|gametype|singles
|gen|6
|tier|UU
|rated
|seed|15395,23873,52911,49089
|rule|Sleep Clause Mod: Limit one foe put to sleep
|rule|Species Clause: Limit one of each Pokémon
|rule|OHKO Clause: OHKO moves are banned
|rule|Moody Clause: Moody is banned
|rule|Evasion Moves Clause: Evasion moves are banned
|rule|Endless Battle Clause: Forcing endless battles is banned
|rule|HP Percentage Mod: HP is shown in percentages
|clearpoke
|poke|p1|Blissey, F|item
|poke|p1|Lucario, F|item
|poke|p1|Slurpuff, M, shiny|item
|poke|p1|Suicune, shiny|item
|poke|p1|Florges-Orange, F, shiny|item
|poke|p1|Aerodactyl, F|item
|poke|p2|Entei, shiny|item
|poke|p2|Hydreigon, F|item
|poke|p2|Whimsicott, F|item
|poke|p2|Swampert, F|item
|poke|p2|Empoleon, M|item
|poke|p2|Mienshao, F|item
|rule|Swagger Clause: Swagger is banned
|rule|Baton Pass Clause: Limit one Baton Passer, can't pass Spe and other stats simultaneously
|teampreview
|c|☆Solvik|gl
|choice|team 3, team 2, team 1, team 4, team 5, team 6|team 4, team 2, team 3, team 1, team 5, team 6
|
|start
|switch|p1a: Slurpuff|Slurpuff, M, shiny|306\/306
|switch|p2a: Swampert|Swampert, F|341\/341
|turn|1
|choice|move cottonguard|switch 3
|
|switch|p2a: Whimsicott|Whimsicott, F|261\/261
|move|p1a: Slurpuff|Cotton Guard|p1a: Slurpuff
|-boost|p1a: Slurpuff|def|3
|
|upkeep
|turn|2
|choice|switch 3|move stunspore
|
|switch|p1a: Blissey|Blissey, F|714\/714
|move|p2a: Whimsicott|Stun Spore|p1a: Blissey|[miss]
|-miss|p2a: Whimsicott|p1a: Blissey
|
|upkeep
|turn|3
|choice|move toxic|move uturn
|
|move|p2a: Whimsicott|U-turn|p1a: Blissey
|-damage|p1a: Blissey|651\/714
|choice||switch 5
|
|switch|p2a: Empoleon|Empoleon, M|372\/372
|move|p1a: Blissey|Toxic|p2a: Empoleon
|-immune|p2a: Empoleon|[msg]
|
|-heal|p1a: Blissey|695\/714|[from] item: Leftovers
|upkeep
|turn|4
|choice|switch 2|move stealthrock
|
|switch|p1a: Lucario|Lucario, F|281\/281
|move|p2a: Empoleon|Stealth Rock|p1a: Lucario
|-sidestart|p1: Solvik|move: Stealth Rock
|
|upkeep
|turn|5
|choice|move swordsdance|switch 4
|
|switch|p2a: Entei|Entei, shiny|371\/371
|-ability|p2a: Entei|Pressure
|move|p1a: Lucario|Swords Dance|p1a: Lucario
|-boost|p1a: Lucario|atk|2
|
|upkeep
|turn|6
|choice|move extremespeed|move sacredfire
|
|move|p1a: Lucario|Extreme Speed|p2a: Entei
|-damage|p2a: Entei|112\/371
|-damage|p1a: Lucario|253\/281|[from] item: Life Orb
|move|p2a: Entei|Sacred Fire|p1a: Lucario
|-supereffective|p1a: Lucario
|-damage|p1a: Lucario|0 fnt
|faint|p1a: Lucario
|
|upkeep
|choice|switch 4|
|
|switch|p1a: Suicune|Suicune, shiny|404\/404
|-damage|p1a: Suicune|354\/404|[from] Stealth Rock
|-ability|p1a: Suicune|Pressure
|turn|7
|choice|move calmmind|switch 5
|
|switch|p2a: Whimsicott|Whimsicott, F|261\/261
|move|p1a: Suicune|Calm Mind|p1a: Suicune
|-boost|p1a: Suicune|spa|1
|-boost|p1a: Suicune|spd|1
|
|-heal|p1a: Suicune|379\/404|[from] item: Leftovers
|upkeep
|turn|8
|choice|move scald|move encore
|
|move|p2a: Whimsicott|Encore|p1a: Suicune
|-start|p1a: Suicune|Encore
|move|p1a: Suicune|Calm Mind|p1a: Suicune
|-boost|p1a: Suicune|spa|1
|-boost|p1a: Suicune|spd|1
|
|-heal|p1a: Suicune|404\/404|[from] item: Leftovers
|upkeep
|turn|9
|choice|move calmmind|move uturn
|
|move|p2a: Whimsicott|U-turn|p1a: Suicune
|-crit|p1a: Suicune
|-damage|p1a: Suicune|364\/404
|choice||switch 6
|
|switch|p2a: Mienshao|Mienshao, F|271\/271
|move|p1a: Suicune|Calm Mind|p1a: Suicune
|-boost|p1a: Suicune|spa|1
|-boost|p1a: Suicune|spd|1
|
|-heal|p1a: Suicune|389\/404|[from] item: Leftovers
|upkeep
|turn|10
|choice|switch 5|move highjumpkick
|
|switch|p1a: Florges|Florges-Orange, F, shiny|359\/359
|-damage|p1a: Florges|315\/359|[from] Stealth Rock
|move|p2a: Mienshao|High Jump Kick|p1a: Florges
|-resisted|p1a: Florges
|-damage|p1a: Florges|171\/359
|
|-heal|p1a: Florges|193\/359|[from] item: Leftovers
|upkeep
|turn|11
|choice|move wish|switch 4
|
|switch|p2a: Empoleon|Empoleon, M|372\/372
|move|p1a: Florges|Wish|p1a: Florges
|
|-heal|p1a: Florges|215\/359|[from] item: Leftovers
|upkeep
|turn|12
|choice|move calmmind|move scald
|
|move|p1a: Florges|Calm Mind|p1a: Florges
|-boost|p1a: Florges|spa|1
|-boost|p1a: Florges|spd|1
|move|p2a: Empoleon|Scald|p1a: Florges
|-damage|p1a: Florges|167\/359
|
|-heal|p1a: Florges|346\/359|[from] move: Wish|[wisher] Florges
|-heal|p1a: Florges|359\/359|[from] item: Leftovers
|upkeep
|turn|13
|choice|move wish|move scald
|
|move|p1a: Florges|Wish|p1a: Florges
|move|p2a: Empoleon|Scald|p1a: Florges
|-damage|p1a: Florges|311\/359
|
|-heal|p1a: Florges|333\/359|[from] item: Leftovers
|upkeep
|turn|14
|choice|switch 3|switch 5
|
|switch|p1a: Slurpuff|Slurpuff, M, shiny|306\/306
|-damage|p1a: Slurpuff|268\/306|[from] Stealth Rock
|switch|p2a: Entei|Entei, shiny|112\/371
|-ability|p2a: Entei|Pressure
|
|-heal|p1a: Slurpuff|306\/306|[from] move: Wish|[wisher] Florges
|upkeep
|turn|15
|choice|move cottonguard|move sacredfire
|
|move|p2a: Entei|Sacred Fire|p1a: Slurpuff
|-damage|p1a: Slurpuff|14\/306
|-status|p1a: Slurpuff|brn
|-enditem|p1a: Slurpuff|Sitrus Berry|[eat]
|-heal|p1a: Slurpuff|90\/306 brn|[from] item: Sitrus Berry
|move|p1a: Slurpuff|Cotton Guard|p1a: Slurpuff
|-boost|p1a: Slurpuff|def|3
|
|-damage|p1a: Slurpuff|52\/306 brn|[from] brn
|upkeep
|turn|16
|choice|move drainpunch|switch 3
|
|switch|p2a: Swampert|Swampert, F|341\/341
|move|p1a: Slurpuff|Drain Punch|p2a: Swampert
|-damage|p2a: Swampert|300\/341
|-heal|p1a: Slurpuff|73\/306 brn|[from] drain|[of] p2a: Swampert
|
|-damage|p1a: Slurpuff|35\/306 brn|[from] brn
|upkeep
|turn|17
|choice|switch 5|move earthquake mega
|
|switch|p1a: Suicune|Suicune, shiny|389\/404
|-damage|p1a: Suicune|339\/404|[from] Stealth Rock
|-ability|p1a: Suicune|Pressure
|detailschange|p2a: Swampert|Swampert-Mega, F
|-mega|p2a: Swampert|Swampert|Swampertite
|move|p2a: Swampert|Earthquake|p1a: Suicune
|-damage|p1a: Suicune|170\/404
|
|-heal|p1a: Suicune|195\/404|[from] item: Leftovers
|upkeep
|turn|18
|choice|move rest|switch 2
|
|switch|p2a: Hydreigon|Hydreigon, F|325\/325
|move|p1a: Suicune|Rest|p1a: Suicune
|-status|p1a: Suicune|slp
|-heal|p1a: Suicune|404\/404 slp|[silent]
|-status|p1a: Suicune|slp|[from] move: Rest
|
|upkeep
|turn|19
|choice|switch 5|move flashcannon
|
|switch|p1a: Slurpuff|Slurpuff, M, shiny|35\/306 brn
|-damage|p1a: Slurpuff|0 fnt|[from] Stealth Rock
|faint|p1a: Slurpuff
|move|p2a: Hydreigon|Flash Cannon|p1: Slurpuff|[notarget]
|-notarget
|
|upkeep
|choice|switch 2|
|
|switch|p1a: Blissey|Blissey, F|695\/714
|-damage|p1a: Blissey|606\/714|[from] Stealth Rock
|turn|20
|choice|move aromatherapy|switch 6
|
|switch|p2a: Whimsicott|Whimsicott, F|261\/261
|move|p1a: Blissey|Aromatherapy|p1a: Blissey
|-activate|p1a: Blissey|move: Aromatherapy
|-curestatus|p1: Suicune|slp|[msg]
|
|-heal|p1a: Blissey|650\/714|[from] item: Leftovers
|upkeep
|turn|21
|choice|switch 6|move uturn
|
|switch|p1a: Aerodactyl|Aerodactyl, F|311\/311
|-ability|p1a: Aerodactyl|Unnerve|p2: Birdkeeper Jeff
|-damage|p1a: Aerodactyl|234\/311|[from] Stealth Rock
|move|p2a: Whimsicott|U-turn|p1a: Aerodactyl
|-resisted|p1a: Aerodactyl
|-damage|p1a: Aerodactyl|207\/311
|choice||switch 4
|
|switch|p2a: Mienshao|Mienshao, F|271\/271
|
|upkeep
|turn|22
|choice|switch 3|move uturn
|
|switch|p1a: Florges|Florges-Orange, F, shiny|333\/359
|-damage|p1a: Florges|289\/359|[from] Stealth Rock
|move|p2a: Mienshao|U-turn|p1a: Florges
|-resisted|p1a: Florges
|-damage|p1a: Florges|248\/359
|choice||switch 2
|
|switch|p2a: Swampert|Swampert-Mega, F|300\/341
|
|-heal|p1a: Florges|270\/359|[from] item: Leftovers
|upkeep
|turn|23
|choice|move protect|move earthquake
|
|move|p1a: Florges|Protect|p1a: Florges
|-singleturn|p1a: Florges|Protect
|move|p2a: Swampert|Earthquake|p1a: Florges
|-activate|p1a: Florges|move: Protect
|
|-heal|p1a: Florges|292\/359|[from] item: Leftovers
|upkeep
|turn|24
|choice|move wish|move waterfall
|
|move|p2a: Swampert|Waterfall|p1a: Florges
|-damage|p1a: Florges|118\/359
|cant|p1a: Florges|flinch
|
|-heal|p1a: Florges|140\/359|[from] item: Leftovers
|upkeep
|turn|25
|choice|move protect|move waterfall
|
|move|p1a: Florges|Protect|p1a: Florges
|-singleturn|p1a: Florges|Protect
|move|p2a: Swampert|Waterfall|p1a: Florges
|-activate|p1a: Florges|move: Protect
|
|-heal|p1a: Florges|162\/359|[from] item: Leftovers
|upkeep
|turn|26
|choice|switch 3|move waterfall
|
|switch|p1a: Aerodactyl|Aerodactyl, F|207\/311
|-ability|p1a: Aerodactyl|Unnerve|p2: Birdkeeper Jeff
|-damage|p1a: Aerodactyl|130\/311|[from] Stealth Rock
|move|p2a: Swampert|Waterfall|p1a: Aerodactyl
|-supereffective|p1a: Aerodactyl
|-damage|p1a: Aerodactyl|0 fnt
|faint|p1a: Aerodactyl
|
|upkeep
|choice|switch 5|
|
|switch|p1a: Suicune|Suicune, shiny|404\/404
|-damage|p1a: Suicune|354\/404|[from] Stealth Rock
|-ability|p1a: Suicune|Pressure
|turn|27
|choice|switch 6|switch 4
|
|switch|p2a: Whimsicott|Whimsicott, F|261\/261
|switch|p1a: Blissey|Blissey, F|650\/714
|-damage|p1a: Blissey|561\/714|[from] Stealth Rock
|
|-heal|p1a: Blissey|605\/714|[from] item: Leftovers
|upkeep
|turn|28
|choice|move icebeam|move uturn
|
|move|p2a: Whimsicott|U-turn|p1a: Blissey
|-damage|p1a: Blissey|538\/714
|choice||switch 4
|
|switch|p2a: Swampert|Swampert-Mega, F|300\/341
|move|p1a: Blissey|Ice Beam|p2a: Swampert
|-crit|p2a: Swampert
|-damage|p2a: Swampert|217\/341
|-status|p2a: Swampert|frz
|
|-heal|p1a: Blissey|582\/714|[from] item: Leftovers
|upkeep
|turn|29
|choice|switch 6|switch 3
|
|switch|p2a: Entei|Entei, shiny|112\/371
|-ability|p2a: Entei|Pressure
|switch|p1a: Suicune|Suicune, shiny|354\/404
|-damage|p1a: Suicune|304\/404|[from] Stealth Rock
|-ability|p1a: Suicune|Pressure
|
|-heal|p1a: Suicune|329\/404|[from] item: Leftovers
|upkeep
|turn|30
|choice|move scald|switch 4
|
|switch|p2a: Whimsicott|Whimsicott, F|261\/261
|move|p1a: Suicune|Scald|p2a: Whimsicott
|-resisted|p2a: Whimsicott
|-damage|p2a: Whimsicott|197\/261
|
|-heal|p1a: Suicune|354\/404|[from] item: Leftovers
|upkeep
|turn|31
|choice|move calmmind|move moonblast
|
|move|p2a: Whimsicott|Moonblast|p1a: Suicune
|-damage|p1a: Suicune|225\/404
|move|p1a: Suicune|Calm Mind|p1a: Suicune
|-boost|p1a: Suicune|spa|1
|-boost|p1a: Suicune|spd|1
|
|-heal|p1a: Suicune|250\/404|[from] item: Leftovers
|upkeep
|turn|32
|choice|move rest|move encore
|
|move|p2a: Whimsicott|Encore|p1a: Suicune
|-start|p1a: Suicune|Encore
|move|p1a: Suicune|Calm Mind|p1a: Suicune
|-boost|p1a: Suicune|spa|1
|-boost|p1a: Suicune|spd|1
|
|-heal|p1a: Suicune|275\/404|[from] item: Leftovers
|upkeep
|turn|33
|choice|switch 6|move uturn
|
|switch|p1a: Blissey|Blissey, F|582\/714
|-damage|p1a: Blissey|493\/714|[from] Stealth Rock
|move|p2a: Whimsicott|U-turn|p1a: Blissey
|-damage|p1a: Blissey|427\/714
|choice||switch 2
|
|switch|p2a: Mienshao|Mienshao, F|271\/271
|
|-heal|p1a: Blissey|471\/714|[from] item: Leftovers
|upkeep
|turn|34
|choice|move icebeam|move highjumpkick
|
|move|p2a: Mienshao|High Jump Kick|p1a: Blissey
|-supereffective|p1a: Blissey
|-damage|p1a: Blissey|0 fnt
|faint|p1a: Blissey
|
|upkeep
|choice|switch 3|
|
|switch|p1a: Florges|Florges-Orange, F, shiny|162\/359
|-damage|p1a: Florges|118\/359|[from] Stealth Rock
|turn|35
|choice|move wish|switch 2
|
|switch|p2a: Whimsicott|Whimsicott, F|197\/261
|move|p1a: Florges|Wish|p1a: Florges
|
|-heal|p1a: Florges|140\/359|[from] item: Leftovers
|upkeep
|turn|36
|choice|move protect|move uturn
|
|move|p1a: Florges|Protect|p1a: Florges
|-singleturn|p1a: Florges|Protect
|move|p2a: Whimsicott|U-turn|p1a: Florges
|-activate|p1a: Florges|move: Protect
|
|-heal|p1a: Florges|319\/359|[from] move: Wish|[wisher] Florges
|-heal|p1a: Florges|341\/359|[from] item: Leftovers
|upkeep
|turn|37
|choice|switch 6|move encore
|
|switch|p1a: Suicune|Suicune, shiny|275\/404
|-damage|p1a: Suicune|225\/404|[from] Stealth Rock
|-ability|p1a: Suicune|Pressure
|move|p2a: Whimsicott|Encore|p1a: Suicune
|-fail|p1a: Suicune
|
|-heal|p1a: Suicune|250\/404|[from] item: Leftovers
|upkeep
|turn|38
|choice|move scald|move moonblast
|
|move|p2a: Whimsicott|Moonblast|p1a: Suicune
|-damage|p1a: Suicune|114\/404
|move|p1a: Suicune|Scald|p2a: Whimsicott
|-resisted|p2a: Whimsicott
|-crit|p2a: Whimsicott
|-damage|p2a: Whimsicott|107\/261
|
|-heal|p1a: Suicune|139\/404|[from] item: Leftovers
|upkeep
|turn|39
|choice|move rest|move encore
|
|move|p2a: Whimsicott|Encore|p1a: Suicune
|-start|p1a: Suicune|Encore
|move|p1a: Suicune|Scald|p2a: Whimsicott
|-resisted|p2a: Whimsicott
|-damage|p2a: Whimsicott|42\/261
|
|-heal|p1a: Suicune|164\/404|[from] item: Leftovers
|upkeep
|turn|40
|choice|switch 6|move uturn
|
|switch|p1a: Florges|Florges-Orange, F, shiny|341\/359
|-damage|p1a: Florges|297\/359|[from] Stealth Rock
|move|p2a: Whimsicott|U-turn|p1a: Florges
|-resisted|p1a: Florges
|-damage|p1a: Florges|281\/359
|choice||switch 4
|
|switch|p2a: Entei|Entei, shiny|112\/371
|-ability|p2a: Entei|Pressure
|
|-heal|p1a: Florges|303\/359|[from] item: Leftovers
|upkeep
|turn|41
|choice|move protect|move flareblitz
|
|move|p1a: Florges|Protect|p1a: Florges
|-singleturn|p1a: Florges|Protect
|move|p2a: Entei|Flare Blitz|p1a: Florges
|-activate|p1a: Florges|move: Protect
|
|-heal|p1a: Florges|325\/359|[from] item: Leftovers
|upkeep
|turn|42
|choice|move wish|move flareblitz
|
|move|p2a: Entei|Flare Blitz|p1a: Florges
|-damage|p1a: Florges|39\/359
|-damage|p2a: Entei|18\/371|[from] recoil|[of] p1a: Florges
|move|p1a: Florges|Wish|p1a: Florges
|
|-heal|p1a: Florges|61\/359|[from] item: Leftovers
|upkeep
|turn|43
|choice|move calmmind|move flareblitz
|
|move|p2a: Entei|Flare Blitz|p1a: Florges
|-damage|p1a: Florges|0 fnt
|-damage|p2a: Entei|0 fnt|[from] recoil|[of] p1a: Florges
|faint|p1a: Florges
|faint|p2a: Entei
|
|upkeep
|choice|switch 6|switch 6
|
|switch|p2a: Hydreigon|Hydreigon, F|325\/325
|switch|p1a: Suicune|Suicune, shiny|164\/404
|-damage|p1a: Suicune|114\/404|[from] Stealth Rock
|-ability|p1a: Suicune|Pressure
|turn|44
|c|☆Birdkeeper Jeff|gg
|choice|move rest|move darkpulse
|
|move|p2a: Hydreigon|Dark Pulse|p1a: Suicune
|-damage|p1a: Suicune|0 fnt
|faint|p1a: Suicune
|
|win|Birdkeeper Jeff
|c|☆Solvik|gg
|raw|Solvik's rating: 1464 &rarr; <strong>1448<\/strong><br \/>(-16 for losing)
|raw|Birdkeeper Jeff's rating: 1531 &rarr; <strong>1547<\/strong><br \/>(+16 for winning)
|l|Solvik</script>
</div>
<div class="battle-log battle-log-inline"><div class="inner"><div class="battle-options"></div><div class="inner"><div class="chat"><small>Solvik joined.</small></div><div class="chat"><small>Birdkeeper Jeff joined.</small></div><div class=""><small>Format:</small> <br><strong>UU</strong></div><div class="rated"><strong>Rated battle</strong></div><div class=""><small><em>Sleep Clause Mod:</em> Limit one foe put to sleep</small></div><div class=""><small><em>Species Clause:</em> Limit one of each Pokémon</small></div><div class=""><small><em>OHKO Clause:</em> OHKO moves are banned</small></div><div class=""><small><em>Moody Clause:</em> Moody is banned</small></div><div class=""><small><em>Evasion Moves Clause:</em> Evasion moves are banned</small></div><div class=""><small><em>Endless Battle Clause:</em> Forcing endless battles is banned</small></div><div class=""><small><em>HP Percentage Mod:</em> HP is shown in percentages</small></div><div class=""><small><em>Swagger Clause:</em> Swagger is banned</small></div><div class=""><small><em>Baton Pass Clause:</em> Limit one Baton Passer, can't pass Spe and other stats simultaneously</small></div><div class="chat battle-history"><strong>Solvik's team:</strong> <em style="color:#445566;display:block;">Blissey / Lucario / Slurpuff / Suicune / Florges-Orange / Aerodactyl</em></div><div class="chat battle-history"><strong>Birdkeeper Jeff's team:</strong> <em style="color:#445566;display:block;">Entei / Hydreigon / Whimsicott / Swampert / Empoleon / Mienshao</em></div><div class="chat chatmessage-solvik"><strong style="color:hsl(50,67%,37%)"><small>☆</small><span class="username" data-name="Solvik">Solvik</span>:</strong> <em>gl</em></div><div class="spacer battle-history"><br></div><div class="battle-history">Battle started between Solvik and Birdkeeper Jeff!<br></div><div class="spacer battle-history"><br></div><div class="battle-history">Go! <strong>Slurpuff</strong>!<br></div><div class="spacer battle-history"><br></div><div class="battle-history">Birdkeeper Jeff sent out <strong>Swampert</strong>!<br></div><div class="spacer battle-history"><br></div><h2 class="battle-history">Turn 1</h2><div class="spacer battle-history"><br></div><div class="battle-history">Birdkeeper Jeff withdrew Swampert!<br></div><div class="battle-history">Birdkeeper Jeff sent out <strong>Whimsicott</strong>!<br></div><div class="spacer battle-history"><br></div><div class="battle-history">Slurpuff used <strong>Cotton Guard</strong>!<br></div><div class="battle-history"><small>Slurpuff's Defense rose drastically!</small><br></div><div class="spacer battle-history"><br></div><h2 class="battle-history">Turn 2</h2><div class="spacer battle-history"><br></div><div class="battle-history">Slurpuff, come back!<br></div><div class="battle-history">Go! <strong>Blissey</strong>!<br></div><div class="spacer battle-history"><br></div><div class="battle-history">The opposing Whimsicott used <strong>Stun Spore</strong>!<br></div><div class="battle-history"><small>Blissey avoided the attack!</small><br></div><div class="spacer battle-history"><br></div><h2 class="battle-history">Turn 3</h2><div class="spacer battle-history"><br></div><div class="battle-history">The opposing Whimsicott used <strong>U-turn</strong>!<br></div><div class="battle-history"><small>(Blissey lost <abbr title="−63/714">8.8%</abbr> of its health!)</small><br></div><div class="spacer battle-history"><br></div><div class="battle-history">The opposing Whimsicott went back to Birdkeeper Jeff!<br></div><div class="battle-history">Birdkeeper Jeff sent out <strong>Empoleon</strong>!<br></div><div class="spacer battle-history"><br></div><div class="battle-history">Blissey used <strong>Toxic</strong>!<br></div><div class="battle-history"><small>It doesn't affect the opposing Empoleon...</small><br></div><div class="spacer battle-history"><br></div><div class="battle-history"><small>Blissey restored a little HP using its Leftovers!</small><br></div><div class="spacer battle-history"><br></div><h2 class="battle-history">Turn 4</h2><div class="spacer battle-history"><br></div><div class="battle-history">Blissey, come back!<br></div><div class="battle-history">Go! <strong>Lucario</strong>!<br></div><div class="spacer battle-history"><br></div><div class="battle-history">The opposing Empoleon used <strong>Stealth Rock</strong>!<br></div><div class="battle-history"><small>Pointed stones float in the air around your team!</small><br></div><div class="spacer battle-history"><br></div><h2 class="battle-history">Turn 5</h2><div class="spacer battle-history"><br></div><div class="battle-history">Birdkeeper Jeff withdrew Empoleon!<br></div><div class="battle-history">Birdkeeper Jeff sent out <strong>Entei</strong>!<br></div><div class="battle-history"><small>[The opposing Entei's Pressure]</small><br><small>The opposing Entei is exerting its pressure!</small><br></div><div class="spacer battle-history"><br></div><div class="battle-history">Lucario used <strong>Swords Dance</strong>!<br></div><div class="battle-history"><small>Lucario's Attack rose sharply!</small><br></div><div class="spacer battle-history"><br></div><h2 class="battle-history">Turn 6</h2><div class="spacer battle-history"><br></div><div class="battle-history">Lucario used <strong>Extreme Speed</strong>!<br></div><div class="battle-history"><small>(The opposing Entei lost <abbr title="−259/371">69.8%</abbr> of its health!)</small><br></div><div class="battle-history"><small>Lucario lost some of its HP!</small><br></div><div class="spacer battle-history"><br></div><div class="battle-history">The opposing Entei used <strong>Sacred Fire</strong>!<br></div><div class="battle-history"><small>It's super effective!</small><br></div><div class="battle-history"><small>(Lucario lost <abbr title="−253/281">90.0%</abbr> of its health!)</small><br></div><div class="spacer battle-history"><br></div><div class="battle-history">Lucario fainted!<br></div><div class="spacer battle-history"><br></div><div class="battle-history">Go! <strong>Suicune</strong>!<br></div><div class="battle-history"><small>Pointed stones dug into Suicune!</small><br></div><div class="battle-history"><small>[Suicune's Pressure]</small><br><small>Suicune is exerting its pressure!</small><br></div><div class="spacer battle-history"><br></div><h2 class="battle-history">Turn 7</h2><div class="spacer battle-history"><br></div><div class="battle-history">Birdkeeper Jeff withdrew Entei!<br></div><div class="battle-history">Birdkeeper Jeff sent out <strong>Whimsicott</strong>!<br></div><div class="spacer battle-history"><br></div><div class="battle-history">Suicune used <strong>Calm Mind</strong>!<br></div><div class="battle-history"><small>Suicune's Special Attack rose!</small><br></div><div class="battle-history"><small>Suicune's Special Defense rose!</small><br></div><div class="spacer battle-history"><br></div><div class="battle-history"><small>Suicune restored a little HP using its Leftovers!</small><br></div><div class="spacer battle-history"><br></div><h2 class="battle-history">Turn 8</h2><div class="spacer battle-history"><br></div><div class="battle-history">The opposing Whimsicott used <strong>Encore</strong>!<br></div><div class="battle-history"><small>Suicune received an encore!</small><br></div><div class="spacer battle-history"><br></div><div class="battle-history">Suicune used <strong>Calm Mind</strong>!<br></div><div class="battle-history"><small>Suicune's Special Attack rose!</small><br></div><div class="battle-history"><small>Suicune's Special Defense rose!</small><br></div><div class="spacer battle-history"><br></div><div class="battle-history"><small>Suicune restored a little HP using its Leftovers!</small><br></div><div class="spacer battle-history"><br></div><h2 class="battle-history">Turn 9</h2><div class="spacer battle-history"><br></div><div class="battle-history">The opposing Whimsicott used <strong>U-turn</strong>!<br></div><div class="battle-history"><small>A critical hit!</small><br></div><div class="battle-history"><small>(Suicune lost <abbr title="−40/404">9.9%</abbr> of its health!)</small><br></div><div class="spacer battle-history"><br></div><div class="battle-history">The opposing Whimsicott went back to Birdkeeper Jeff!<br></div><div class="battle-history">Birdkeeper Jeff sent out <strong>Mienshao</strong>!<br></div><div class="spacer battle-history"><br></div><div class="battle-history">Suicune used <strong>Calm Mind</strong>!<br></div><div class="battle-history"><small>Suicune's Special Attack rose!</small><br></div><div class="battle-history"><small>Suicune's Special Defense rose!</small><br></div><div class="spacer battle-history"><br></div><div class="battle-history"><small>Suicune restored a little HP using its Leftovers!</small><br></div><div class="spacer battle-history"><br></div><h2 class="battle-history">Turn 10</h2><div class="spacer battle-history"><br></div><div class="battle-history">Suicune, come back!<br></div><div class="battle-history">Go! Florges (<strong>Florges-Orange</strong>)!<br></div><div class="battle-history"><small>Pointed stones dug into Florges!</small><br></div><div class="spacer battle-history"><br></div><div class="battle-history">The opposing Mienshao used <strong>High Jump Kick</strong>!<br></div><div class="battle-history"><small>It's not very effective...</small><br></div><div class="battle-history"><small>(Florges lost <abbr title="−144/359">40.1%</abbr> of its health!)</small><br></div><div class="spacer battle-history"><br></div><div class="battle-history"><small>Florges restored a little HP using its Leftovers!</small><br></div><div class="spacer battle-history"><br></div><h2 class="battle-history">Turn 11</h2><div class="spacer battle-history"><br></div><div class="battle-history">Birdkeeper Jeff withdrew Mienshao!<br></div><div class="battle-history">Birdkeeper Jeff sent out <strong>Empoleon</strong>!<br></div><div class="spacer battle-history"><br></div><div class="battle-history">Florges used <strong>Wish</strong>!<br></div><div class="spacer battle-history"><br></div><div class="battle-history"><small>Florges restored a little HP using its Leftovers!</small><br></div><div class="spacer battle-history"><br></div><h2 class="battle-history">Turn 12</h2><div class="spacer battle-history"><br></div><div class="battle-history">Florges used <strong>Calm Mind</strong>!<br></div><div class="battle-history"><small>Florges's Special Attack rose!</small><br></div><div class="battle-history"><small>Florges's Special Defense rose!</small><br></div><div class="spacer battle-history"><br></div><div class="battle-history">The opposing Empoleon used <strong>Scald</strong>!<br></div><div class="battle-history"><small>(Florges lost <abbr title="−48/359">13.4%</abbr> of its health!)</small><br></div><div class="spacer battle-history"><br></div><div class="battle-history"><small>Florges's wish came true!</small><br></div><div class="battle-history"><small>Florges restored a little HP using its Leftovers!</small><br></div><div class="spacer battle-history"><br></div><h2 class="battle-history">Turn 13</h2><div class="spacer battle-history"><br></div><div class="battle-history">Florges used <strong>Wish</strong>!<br></div><div class="spacer battle-history"><br></div><div class="battle-history">The opposing Empoleon used <strong>Scald</strong>!<br></div><div class="battle-history"><small>(Florges lost <abbr title="−48/359">13.4%</abbr> of its health!)</small><br></div><div class="spacer battle-history"><br></div><div class="battle-history"><small>Florges restored a little HP using its Leftovers!</small><br></div><div class="spacer battle-history"><br></div><h2 class="battle-history">Turn 14</h2><div class="spacer battle-history"><br></div><div class="battle-history">Florges, come back!<br></div><div class="battle-history">Go! <strong>Slurpuff</strong>!<br></div><div class="battle-history"><small>Pointed stones dug into Slurpuff!</small><br></div><div class="spacer battle-history"><br></div><div class="battle-history">Birdkeeper Jeff withdrew Empoleon!<br></div><div class="battle-history">Birdkeeper Jeff sent out <strong>Entei</strong>!<br></div><div class="battle-history"><small>[The opposing Entei's Pressure]</small><br><small>The opposing Entei is exerting its pressure!</small><br></div><div class="spacer battle-history"><br></div><div class="battle-history"><small>Florges's wish came true!</small><br></div><div class="spacer battle-history"><br></div><h2 class="battle-history">Turn 15</h2><div class="spacer battle-history"><br></div><div class="battle-history">The opposing Entei used <strong>Sacred Fire</strong>!<br></div><div class="battle-history"><small>(Slurpuff lost <abbr title="−292/306">95.4%</abbr> of its health!)</small><br></div><div class="battle-history"><small>Slurpuff was burned!</small><br></div><div class="battle-history"><small>Slurpuff ate its Sitrus Berry!</small><br></div><div class="battle-history"><small>Slurpuff restored HP using its Sitrus Berry!</small><br></div><div class="spacer battle-history"><br></div><div class="battle-history">Slurpuff used <strong>Cotton Guard</strong>!<br></div><div class="battle-history"><small>Slurpuff's Defense rose drastically!</small><br></div><div class="spacer battle-history"><br></div><div class="battle-history"><small>Slurpuff was hurt by its burn!</small><br></div><div class="spacer battle-history"><br></div><h2 class="battle-history">Turn 16</h2><div class="spacer battle-history"><br></div><div class="battle-history">Birdkeeper Jeff withdrew Entei!<br></div><div class="battle-history">Birdkeeper Jeff sent out <strong>Swampert</strong>!<br></div><div class="spacer battle-history"><br></div><div class="battle-history">Slurpuff used <strong>Drain Punch</strong>!<br></div><div class="battle-history"><small>(The opposing Swampert lost <abbr title="−41/341">12.0%</abbr> of its health!)</small><br></div><div class="battle-history"><small>The opposing Swampert had its energy drained!</small><br></div><div class="spacer battle-history"><br></div><div class="battle-history"><small>Slurpuff was hurt by its burn!</small><br></div><div class="spacer battle-history"><br></div><h2 class="battle-history">Turn 17</h2><div class="spacer battle-history"><br></div><div class="battle-history">Slurpuff, come back!<br></div><div class="battle-history">Go! <strong>Suicune</strong>!<br></div><div class="battle-history"><small>Pointed stones dug into Suicune!</small><br></div><div class="battle-history"><small>[Suicune's Pressure]</small><br><small>Suicune is exerting its pressure!</small><br></div><div class="spacer battle-history"><br></div><div class="battle-history"><small>The opposing Swampert's Swampertite is reacting to Birdkeeper Jeff's Mega Bracelet!</small><br>The opposing Swampert has Mega Evolved into Mega Swampert!<br></div><div class="spacer battle-history"><br></div><div class="battle-history">The opposing Swampert used <strong>Earthquake</strong>!<br></div><div class="battle-history"><small>(Suicune lost <abbr title="−169/404">41.8%</abbr> of its health!)</small><br></div><div class="spacer battle-history"><br></div><div class="battle-history"><small>Suicune restored a little HP using its Leftovers!</small><br></div><div class="spacer battle-history"><br></div><h2 class="battle-history">Turn 18</h2><div class="spacer battle-history"><br></div><div class="battle-history">Birdkeeper Jeff withdrew Swampert!<br></div><div class="battle-history">Birdkeeper Jeff sent out <strong>Hydreigon</strong>!<br></div><div class="spacer battle-history"><br></div><div class="battle-history">Suicune used <strong>Rest</strong>!<br></div><div class="battle-history"><small>Suicune fell asleep!</small><br></div><div class="battle-history"><small>Suicune slept and became healthy!</small><br></div><div class="spacer battle-history"><br></div><h2 class="battle-history">Turn 19</h2><div class="spacer battle-history"><br></div><div class="battle-history">Suicune, come back!<br></div><div class="battle-history">Go! <strong>Slurpuff</strong>!<br></div><div class="battle-history"><small>Pointed stones dug into Slurpuff!</small><br></div><div class="spacer battle-history"><br></div><div class="battle-history">Slurpuff fainted!<br></div><div class="battle-history">The opposing Hydreigon used <strong>Flash Cannon</strong>!<br></div><div class="battle-history"><small>But there was no target...</small><br></div><div class="spacer battle-history"><br></div><div class="battle-history">Go! <strong>Blissey</strong>!<br></div><div class="battle-history"><small>Pointed stones dug into Blissey!</small><br></div><div class="spacer battle-history"><br></div><h2 class="battle-history">Turn 20</h2><div class="spacer battle-history"><br></div><div class="battle-history">Birdkeeper Jeff withdrew Hydreigon!<br></div><div class="battle-history">Birdkeeper Jeff sent out <strong>Whimsicott</strong>!<br></div><div class="spacer battle-history"><br></div><div class="battle-history">Blissey used <strong>Aromatherapy</strong>!<br></div><div class="battle-history"><small>A soothing aroma wafted through the area!</small><br></div><div class="battle-history"><small>Suicune woke up!</small><br></div><div class="spacer battle-history"><br></div><div class="battle-history"><small>Blissey restored a little HP using its Leftovers!</small><br></div><div class="spacer battle-history"><br></div><h2 class="battle-history">Turn 21</h2><div class="spacer battle-history"><br></div><div class="battle-history">Blissey, come back!<br></div><div class="battle-history">Go! <strong>Aerodactyl</strong>!<br></div><div class="battle-history"><small>[Aerodactyl's Unnerve]</small><br><small>The opposing team is too nervous to eat Berries!</small><br></div><div class="battle-history"><small>Pointed stones dug into Aerodactyl!</small><br></div><div class="spacer battle-history"><br></div><div class="battle-history">The opposing Whimsicott used <strong>U-turn</strong>!<br></div><div class="battle-history"><small>It's not very effective...</small><br></div><div class="battle-history"><small>(Aerodactyl lost <abbr title="−27/311">8.7%</abbr> of its health!)</small><br></div><div class="spacer battle-history"><br></div><div class="battle-history">The opposing Whimsicott went back to Birdkeeper Jeff!<br></div><div class="battle-history">Birdkeeper Jeff sent out <strong>Mienshao</strong>!<br></div><div class="spacer battle-history"><br></div><h2 class="battle-history">Turn 22</h2><div class="spacer battle-history"><br></div><div class="battle-history">Aerodactyl, come back!<br></div><div class="battle-history">Go! Florges (<strong>Florges-Orange</strong>)!<br></div><div class="battle-history"><small>Pointed stones dug into Florges!</small><br></div><div class="spacer battle-history"><br></div><div class="battle-history">The opposing Mienshao used <strong>U-turn</strong>!<br></div><div class="battle-history"><small>It's not very effective...</small><br></div><div class="battle-history"><small>(Florges lost <abbr title="−41/359">11.4%</abbr> of its health!)</small><br></div><div class="spacer battle-history"><br></div><div class="battle-history">The opposing Mienshao went back to Birdkeeper Jeff!<br></div><div class="battle-history">Birdkeeper Jeff sent out Swampert (<strong>Swampert-Mega</strong>)!<br></div><div class="spacer battle-history"><br></div><div class="battle-history"><small>Florges restored a little HP using its Leftovers!</small><br></div><div class="spacer battle-history"><br></div><h2 class="battle-history">Turn 23</h2><div class="spacer battle-history"><br></div><div class="battle-history">Florges used <strong>Protect</strong>!<br></div><div class="battle-history"><small>Florges protected itself!</small><br></div><div class="spacer battle-history"><br></div><div class="battle-history">The opposing Swampert used <strong>Earthquake</strong>!<br></div><div class="battle-history"><small>Florges protected itself!</small><br></div><div class="spacer battle-history"><br></div><div class="battle-history"><small>Florges restored a little HP using its Leftovers!</small><br></div><div class="spacer battle-history"><br></div><h2 class="battle-history">Turn 24</h2><div class="spacer battle-history"><br></div><div class="battle-history">The opposing Swampert used <strong>Waterfall</strong>!<br></div><div class="battle-history"><small>(Florges lost <abbr title="−174/359">48.5%</abbr> of its health!)</small><br></div><div class="spacer battle-history"><br></div><div class="battle-history">Florges flinched and couldn't move!<br></div><div class="spacer battle-history"><br></div><div class="battle-history"><small>Florges restored a little HP using its Leftovers!</small><br></div><div class="spacer battle-history"><br></div><h2 class="battle-history">Turn 25</h2><div class="spacer battle-history"><br></div><div class="battle-history">Florges used <strong>Protect</strong>!<br></div><div class="battle-history"><small>Florges protected itself!</small><br></div><div class="spacer battle-history"><br></div><div class="battle-history">The opposing Swampert used <strong>Waterfall</strong>!<br></div><div class="battle-history"><small>Florges protected itself!</small><br></div><div class="spacer battle-history"><br></div><div class="battle-history"><small>Florges restored a little HP using its Leftovers!</small><br></div><div class="spacer battle-history"><br></div><h2 class="battle-history">Turn 26</h2><div class="spacer battle-history"><br></div><div class="battle-history">Florges, come back!<br></div><div class="battle-history">Go! <strong>Aerodactyl</strong>!<br></div><div class="battle-history"><small>[Aerodactyl's Unnerve]</small><br><small>The opposing team is too nervous to eat Berries!</small><br></div><div class="battle-history"><small>Pointed stones dug into Aerodactyl!</small><br></div><div class="spacer battle-history"><br></div><div class="battle-history">The opposing Swampert used <strong>Waterfall</strong>!<br></div><div class="battle-history"><small>It's super effective!</small><br></div><div class="battle-history"><small>(Aerodactyl lost <abbr title="−130/311">41.8%</abbr> of its health!)</small><br></div><div class="spacer battle-history"><br></div><div class="battle-history">Aerodactyl fainted!<br></div><div class="spacer battle-history"><br></div><div class="battle-history">Go! <strong>Suicune</strong>!<br></div><div class="battle-history"><small>Pointed stones dug into Suicune!</small><br></div><div class="battle-history"><small>[Suicune's Pressure]</small><br><small>Suicune is exerting its pressure!</small><br></div><div class="spacer battle-history"><br></div><h2 class="battle-history">Turn 27</h2><div class="spacer battle-history"><br></div><div class="battle-history">Birdkeeper Jeff withdrew Swampert!<br></div><div class="battle-history">Birdkeeper Jeff sent out <strong>Whimsicott</strong>!<br></div><div class="spacer battle-history"><br></div><div class="battle-history">Suicune, come back!<br></div><div class="battle-history">Go! <strong>Blissey</strong>!<br></div><div class="battle-history"><small>Pointed stones dug into Blissey!</small><br></div><div class="spacer battle-history"><br></div><div class="battle-history"><small>Blissey restored a little HP using its Leftovers!</small><br></div><div class="spacer battle-history"><br></div><h2 class="battle-history">Turn 28</h2><div class="spacer battle-history"><br></div><div class="battle-history">The opposing Whimsicott used <strong>U-turn</strong>!<br></div><div class="battle-history"><small>(Blissey lost <abbr title="−67/714">9.4%</abbr> of its health!)</small><br></div><div class="spacer battle-history"><br></div><div class="battle-history">The opposing Whimsicott went back to Birdkeeper Jeff!<br></div><div class="battle-history">Birdkeeper Jeff sent out Swampert (<strong>Swampert-Mega</strong>)!<br></div><div class="spacer battle-history"><br></div><div class="battle-history">Blissey used <strong>Ice Beam</strong>!<br></div><div class="battle-history"><small>A critical hit!</small><br></div><div class="battle-history"><small>(The opposing Swampert lost <abbr title="−83/341">24.3%</abbr> of its health!)</small><br></div><div class="battle-history"><small>The opposing Swampert was frozen solid!</small><br></div><div class="spacer battle-history"><br></div><div class="battle-history"><small>Blissey restored a little HP using its Leftovers!</small><br></div><div class="spacer battle-history"><br></div><h2 class="battle-history">Turn 29</h2><div class="spacer battle-history"><br></div><div class="battle-history">Birdkeeper Jeff withdrew Swampert!<br></div><div class="battle-history">Birdkeeper Jeff sent out <strong>Entei</strong>!<br></div><div class="battle-history"><small>[The opposing Entei's Pressure]</small><br><small>The opposing Entei is exerting its pressure!</small><br></div><div class="spacer battle-history"><br></div><div class="battle-history">Blissey, come back!<br></div><div class="battle-history">Go! <strong>Suicune</strong>!<br></div><div class="battle-history"><small>Pointed stones dug into Suicune!</small><br></div><div class="battle-history"><small>[Suicune's Pressure]</small><br><small>Suicune is exerting its pressure!</small><br></div><div class="spacer battle-history"><br></div><div class="battle-history"><small>Suicune restored a little HP using its Leftovers!</small><br></div><div class="spacer battle-history"><br></div><h2 class="battle-history">Turn 30</h2><div class="spacer battle-history"><br></div><div class="battle-history">Birdkeeper Jeff withdrew Entei!<br></div><div class="battle-history">Birdkeeper Jeff sent out <strong>Whimsicott</strong>!<br></div><div class="spacer battle-history"><br></div><div class="battle-history">Suicune used <strong>Scald</strong>!<br></div><div class="battle-history"><small>It's not very effective...</small><br></div><div class="battle-history"><small>(The opposing Whimsicott lost <abbr title="−64/261">24.5%</abbr> of its health!)</small><br></div><div class="spacer battle-history"><br></div><div class="battle-history"><small>Suicune restored a little HP using its Leftovers!</small><br></div><div class="spacer battle-history"><br></div><h2 class="battle-history">Turn 31</h2><div class="spacer battle-history"><br></div><div class="battle-history">The opposing Whimsicott used <strong>Moonblast</strong>!<br></div><div class="battle-history"><small>(Suicune lost <abbr title="−129/404">31.9%</abbr> of its health!)</small><br></div><div class="spacer battle-history"><br></div><div class="battle-history">Suicune used <strong>Calm Mind</strong>!<br></div><div class="battle-history"><small>Suicune's Special Attack rose!</small><br></div><div class="battle-history"><small>Suicune's Special Defense rose!</small><br></div><div class="spacer battle-history"><br></div><div class="battle-history"><small>Suicune restored a little HP using its Leftovers!</small><br></div><div class="spacer battle-history"><br></div><h2 class="battle-history">Turn 32</h2><div class="spacer battle-history"><br></div><div class="battle-history">The opposing Whimsicott used <strong>Encore</strong>!<br></div><div class="battle-history"><small>Suicune received an encore!</small><br></div><div class="spacer battle-history"><br></div><div class="battle-history">Suicune used <strong>Calm Mind</strong>!<br></div><div class="battle-history"><small>Suicune's Special Attack rose!</small><br></div><div class="battle-history"><small>Suicune's Special Defense rose!</small><br></div><div class="spacer battle-history"><br></div><div class="battle-history"><small>Suicune restored a little HP using its Leftovers!</small><br></div><div class="spacer battle-history"><br></div><h2 class="battle-history">Turn 33</h2><div class="spacer battle-history"><br></div><div class="battle-history">Suicune, come back!<br></div><div class="battle-history">Go! <strong>Blissey</strong>!<br></div><div class="battle-history"><small>Pointed stones dug into Blissey!</small><br></div><div class="spacer battle-history"><br></div><div class="battle-history">The opposing Whimsicott used <strong>U-turn</strong>!<br></div><div class="battle-history"><small>(Blissey lost <abbr title="−66/714">9.2%</abbr> of its health!)</small><br></div><div class="spacer battle-history"><br></div><div class="battle-history">The opposing Whimsicott went back to Birdkeeper Jeff!<br></div><div class="battle-history">Birdkeeper Jeff sent out <strong>Mienshao</strong>!<br></div><div class="spacer battle-history"><br></div><div class="battle-history"><small>Blissey restored a little HP using its Leftovers!</small><br></div><div class="spacer battle-history"><br></div><h2 class="battle-history">Turn 34</h2><div class="spacer battle-history"><br></div><div class="battle-history">The opposing Mienshao used <strong>High Jump Kick</strong>!<br></div><div class="battle-history"><small>It's super effective!</small><br></div><div class="battle-history"><small>(Blissey lost <abbr title="−471/714">66.0%</abbr> of its health!)</small><br></div><div class="spacer battle-history"><br></div><div class="battle-history">Blissey fainted!<br></div><div class="spacer battle-history"><br></div><div class="battle-history">Go! Florges (<strong>Florges-Orange</strong>)!<br></div><div class="battle-history"><small>Pointed stones dug into Florges!</small><br></div><div class="spacer battle-history"><br></div><h2 class="battle-history">Turn 35</h2><div class="spacer battle-history"><br></div><div class="battle-history">Birdkeeper Jeff withdrew Mienshao!<br></div><div class="battle-history">Birdkeeper Jeff sent out <strong>Whimsicott</strong>!<br></div><div class="spacer battle-history"><br></div><div class="battle-history">Florges used <strong>Wish</strong>!<br></div><div class="spacer battle-history"><br></div><div class="battle-history"><small>Florges restored a little HP using its Leftovers!</small><br></div><div class="spacer battle-history"><br></div><h2 class="battle-history">Turn 36</h2><div class="spacer battle-history"><br></div><div class="battle-history">Florges used <strong>Protect</strong>!<br></div><div class="battle-history"><small>Florges protected itself!</small><br></div><div class="spacer battle-history"><br></div><div class="battle-history">The opposing Whimsicott used <strong>U-turn</strong>!<br></div><div class="battle-history"><small>Florges protected itself!</small><br></div><div class="spacer battle-history"><br></div><div class="battle-history"><small>Florges's wish came true!</small><br></div><div class="battle-history"><small>Florges restored a little HP using its Leftovers!</small><br></div><div class="spacer battle-history"><br></div><h2 class="battle-history">Turn 37</h2><div class="spacer battle-history"><br></div><div class="battle-history">Florges, come back!<br></div><div class="battle-history">Go! <strong>Suicune</strong>!<br></div><div class="battle-history"><small>Pointed stones dug into Suicune!</small><br></div><div class="battle-history"><small>[Suicune's Pressure]</small><br><small>Suicune is exerting its pressure!</small><br></div><div class="spacer battle-history"><br></div><div class="battle-history">The opposing Whimsicott used <strong>Encore</strong>!<br></div><div class="battle-history"><small>But it failed!</small><br></div><div class="spacer battle-history"><br></div><div class="battle-history"><small>Suicune restored a little HP using its Leftovers!</small><br></div><div class="spacer battle-history"><br></div><h2 class="battle-history">Turn 38</h2><div class="spacer battle-history"><br></div><div class="battle-history">The opposing Whimsicott used <strong>Moonblast</strong>!<br></div><div class="battle-history"><small>(Suicune lost <abbr title="−136/404">33.7%</abbr> of its health!)</small><br></div><div class="spacer battle-history"><br></div><div class="battle-history">Suicune used <strong>Scald</strong>!<br></div><div class="battle-history"><small>It's not very effective...</small><br></div><div class="battle-history"><small>A critical hit!</small><br></div><div class="battle-history"><small>(The opposing Whimsicott lost <abbr title="−90/261">34.5%</abbr> of its health!)</small><br></div><div class="spacer battle-history"><br></div><div class="battle-history"><small>Suicune restored a little HP using its Leftovers!</small><br></div><div class="spacer battle-history"><br></div><h2 class="battle-history">Turn 39</h2><div class="spacer battle-history"><br></div><div class="battle-history">The opposing Whimsicott used <strong>Encore</strong>!<br></div><div class="battle-history"><small>Suicune received an encore!</small><br></div><div class="spacer battle-history"><br></div><div class="battle-history">Suicune used <strong>Scald</strong>!<br></div><div class="battle-history"><small>It's not very effective...</small><br></div><div class="battle-history"><small>(The opposing Whimsicott lost <abbr title="−65/261">24.9%</abbr> of its health!)</small><br></div><div class="spacer battle-history"><br></div><div class="battle-history"><small>Suicune restored a little HP using its Leftovers!</small><br></div><div class="spacer battle-history"><br></div><h2 class="battle-history">Turn 40</h2><div class="spacer battle-history"><br></div><div class="battle-history">Suicune, come back!<br></div><div class="battle-history">Go! Florges (<strong>Florges-Orange</strong>)!<br></div><div class="battle-history"><small>Pointed stones dug into Florges!</small><br></div><div class="spacer battle-history"><br></div><div class="battle-history">The opposing Whimsicott used <strong>U-turn</strong>!<br></div><div class="battle-history"><small>It's not very effective...</small><br></div><div class="battle-history"><small>(Florges lost <abbr title="−16/359">4.5%</abbr> of its health!)</small><br></div><div class="spacer battle-history"><br></div><div class="battle-history">The opposing Whimsicott went back to Birdkeeper Jeff!<br></div><div class="battle-history">Birdkeeper Jeff sent out <strong>Entei</strong>!<br></div><div class="battle-history"><small>[The opposing Entei's Pressure]</small><br><small>The opposing Entei is exerting its pressure!</small><br></div><div class="spacer battle-history"><br></div><div class="battle-history"><small>Florges restored a little HP using its Leftovers!</small><br></div><div class="spacer battle-history"><br></div><h2 class="battle-history">Turn 41</h2><div class="spacer battle-history"><br></div><div class="battle-history">Florges used <strong>Protect</strong>!<br></div><div class="battle-history"><small>Florges protected itself!</small><br></div><div class="spacer battle-history"><br></div><div class="battle-history">The opposing Entei used <strong>Flare Blitz</strong>!<br></div><div class="battle-history"><small>Florges protected itself!</small><br></div><div class="spacer battle-history"><br></div><div class="battle-history"><small>Florges restored a little HP using its Leftovers!</small><br></div><div class="spacer battle-history"><br></div><h2 class="battle-history">Turn 42</h2><div class="spacer battle-history"><br></div><div class="battle-history">The opposing Entei used <strong>Flare Blitz</strong>!<br></div><div class="battle-history"><small>(Florges lost <abbr title="−286/359">79.7%</abbr> of its health!)</small><br></div><div class="battle-history"><small>The opposing Entei is damaged by the recoil!</small><br></div><div class="spacer battle-history"><br></div><div class="battle-history">Florges used <strong>Wish</strong>!<br></div><div class="spacer battle-history"><br></div><div class="battle-history"><small>Florges restored a little HP using its Leftovers!</small><br></div><div class="spacer battle-history"><br></div><h2 class="battle-history">Turn 43</h2><div class="spacer battle-history"><br></div><div class="battle-history">The opposing Entei used <strong>Flare Blitz</strong>!<br></div><div class="battle-history"><small>(Florges lost <abbr title="−61/359">17.0%</abbr> of its health!)</small><br></div><div class="battle-history"><small>The opposing Entei is damaged by the recoil!</small><br></div><div class="spacer battle-history"><br></div><div class="battle-history">Florges fainted!<br></div><div class="battle-history">The opposing Entei fainted!<br></div><div class="spacer battle-history"><br></div><div class="battle-history">Birdkeeper Jeff sent out <strong>Hydreigon</strong>!<br></div><div class="spacer battle-history"><br></div><div class="battle-history">Go! <strong>Suicune</strong>!<br></div><div class="battle-history"><small>Pointed stones dug into Suicune!</small><br></div><div class="battle-history"><small>[Suicune's Pressure]</small><br><small>Suicune is exerting its pressure!</small><br></div><div class="spacer battle-history"><br></div><h2 class="battle-history">Turn 44</h2><div class="chat chatmessage-birdkeeperjeff"><strong style="color:hsl(4,54%,47.240185794497975%)"><small>☆</small><span class="username" data-name="Birdkeeper Jeff">Birdkeeper Jeff</span>:</strong> <em>gg</em></div><div class="spacer battle-history"><br></div><div class="battle-history">The opposing Hydreigon used <strong>Dark Pulse</strong>!<br></div><div class="battle-history"><small>(Suicune lost <abbr title="−114/404">28.2%</abbr> of its health!)</small><br></div><div class="spacer battle-history"><br></div><div class="battle-history">Suicune fainted!<br></div><div class="spacer battle-history"><br></div><div class="battle-history"><strong>Birdkeeper Jeff</strong> won the battle!<br></div><div class="chat chatmessage-solvik"><strong style="color:hsl(50,67%,37%)"><small>☆</small><span class="username" data-name="Solvik">Solvik</span>:</strong> <em>gg</em></div><div class="chat">Solvik's rating: 1464 → <strong>1448</strong><br>(-16 for losing)</div><div class="chat">Birdkeeper Jeff's rating: 1531 → <strong>1547</strong><br>(+16 for winning)</div><div class="chat"><small>Solvik left.</small></div></div><div class="inner-preempt"></div></div></div>
</div>
<script>
let daily = Math.floor(Date.now()/1000/60/60/24);document.write('<script src="https://play.pokemonshowdown.com/js/replay-embed.js?version'+daily+'"></'+'script>');
</script>
