<!DOCTYPE html>
<meta charset="utf-8" />
<!-- version 1 -->
<title>UU replay: BillyTree vs. HyperTM</title>
<style>
html,body {font-family:Verdana, sans-serif;font-size:10pt;margin:0;padding:0;}body{padding:12px 0;} .battle-log {font-family:Verdana, sans-serif;font-size:10pt;} .battle-log-inline {border:1px solid #AAAAAA;background:#EEF2F5;color:black;max-width:640px;margin:0 auto 80px;padding-bottom:5px;} .battle-log .inner {padding:4px 8px 0px 8px;} .battle-log .inner-preempt {padding:0 8px 4px 8px;} .battle-log .inner-after {margin-top:0.5em;} .battle-log h2 {margin:0.5em -8px;padding:4px 8px;border:1px solid #AAAAAA;background:#E0E7EA;border-left:0;border-right:0;font-family:Verdana, sans-serif;font-size:13pt;} .battle-log .chat {vertical-align:middle;padding:3px 0 3px 0;font-size:8pt;} .battle-log .chat strong {color:#40576A;} .battle-log .chat em {padding:1px 4px 1px 3px;color:#000000;font-style:normal;} .chat.mine {background:rgba(0,0,0,0.05);margin-left:-8px;margin-right:-8px;padding-left:8px;padding-right:8px;} .spoiler {color:#BBBBBB;background:#BBBBBB;padding:0px 3px;} .spoiler:hover, .spoiler:active, .spoiler-shown {color:#000000;background:#E2E2E2;padding:0px 3px;} .spoiler a {color:#BBBBBB;} .spoiler:hover a, .spoiler:active a, .spoiler-shown a {color:#2288CC;} .chat code, .chat .spoiler:hover code, .chat .spoiler:active code, .chat .spoiler-shown code {border:1px solid #C0C0C0;background:#EEEEEE;color:black;padding:0 2px;} .chat .spoiler code {border:1px solid #CCCCCC;background:#CCCCCC;color:#CCCCCC;} .battle-log .rated {padding:3px 4px;} .battle-log .rated strong {color:white;background:#89A;padding:1px 4px;border-radius:4px;} .spacer {margin-top:0.5em;} .message-announce {background:#6688AA;color:white;padding:1px 4px 2px;} .message-announce a, .broadcast-green a, .broadcast-blue a, .broadcast-red a {color:#DDEEFF;} .broadcast-green {background-color:#559955;color:white;padding:2px 4px;} .broadcast-blue {background-color:#6688AA;color:white;padding:2px 4px;} .infobox {border:1px solid #6688AA;padding:2px 4px;} .infobox-limited {max-height:200px;overflow:auto;overflow-x:hidden;} .broadcast-red {background-color:#AA5544;color:white;padding:2px 4px;} .message-learn-canlearn {font-weight:bold;color:#228822;text-decoration:underline;} .message-learn-cannotlearn {font-weight:bold;color:#CC2222;text-decoration:underline;} .message-effect-weak {font-weight:bold;color:#CC2222;} .message-effect-resist {font-weight:bold;color:#6688AA;} .message-effect-immune {font-weight:bold;color:#666666;} .message-learn-list {margin-top:0;margin-bottom:0;} .message-throttle-notice, .message-error {color:#992222;} .message-overflow, .chat small.message-overflow {font-size:0pt;} .message-overflow::before {font-size:9pt;content:'...';} .subtle {color:#3A4A66;}
</style>
<div class="wrapper replay-wrapper" style="max-width:1180px;margin:0 auto">
<input type="hidden" name="replayid" value="uu-534105324" />
<div class="battle"></div><div class="battle-log"></div><div class="replay-controls"></div><div class="replay-controls-2"></div>
<h1 style="font-weight:normal;text-align:center"><strong>UU</strong><br /><a href="http://pokemonshowdown.com/users/billytree" class="subtle" target="_blank">BillyTree</a> vs. <a href="http://pokemonshowdown.com/users/hypertm" class="subtle" target="_blank">HyperTM</a></h1>
<script type="text/plain" class="battle-log-data">|j|BillyTree
|j|HyperTM
|player|p1|BillyTree|2
|player|p2|HyperTM|15
|gametype|singles
|gen|6
|tier|UU
|rated
|seed|32406,15131,11573,27863
|rule|Sleep Clause Mod: Limit one foe put to sleep
|rule|Species Clause: Limit one of each Pokémon
|rule|OHKO Clause: OHKO moves are banned
|rule|Moody Clause: Moody is banned
|rule|Evasion Moves Clause: Evasion moves are banned
|rule|Endless Battle Clause: Forcing endless battles is banned
|rule|HP Percentage Mod: HP is shown in percentages
|clearpoke
|poke|p1|Swampert, M|item
|poke|p1|Roserade, M|item
|poke|p1|Tornadus, M|
|poke|p1|Lucario, F|item
|poke|p1|Slurpuff, F|item
|poke|p1|Sharpedo, M|item
|poke|p2|Beedrill, F|item
|poke|p2|Empoleon, F|item
|poke|p2|Rotom-Heat|item
|poke|p2|Chesnaught, F|item
|poke|p2|Nidoking, M|item
|poke|p2|Heliolisk, F|item
|rule|Swagger Clause: Swagger is banned
|rule|Baton Pass Clause: Limit one Baton Passer, can't pass Spe and other stats simultaneously
|teampreview
|choice|team 4, team 2, team 3, team 1, team 5, team 6|team 5, team 2, team 3, team 4, team 1, team 6
|
|start
|switch|p1a: Lucario|Lucario, F|281\/281
|switch|p2a: Nidoking|Nidoking, M|303\/303
|turn|1
|choice|switch 4|move flamethrower
|
|switch|p1a: Swampert|Swampert, M|401\/401
|move|p2a: Nidoking|Flamethrower|p1a: Swampert
|-resisted|p1a: Swampert
|-damage|p1a: Swampert|341\/401
|
|-heal|p1a: Swampert|366\/401|[from] item: Leftovers
|upkeep
|turn|2
|choice|move stealthrock|switch 4
|
|switch|p2a: Chesnaught|Chesnaught, F|380\/380
|move|p1a: Swampert|Stealth Rock|p2a: Chesnaught
|-sidestart|p2: HyperTM|move: Stealth Rock
|
|-heal|p1a: Swampert|391\/401|[from] item: Leftovers
|upkeep
|turn|3
|choice|switch 2|switch 2
|
|switch|p2a: Empoleon|Empoleon, F|372\/372
|-damage|p2a: Empoleon|349\/372|[from] Stealth Rock
|switch|p1a: Roserade|Roserade, M|321\/321
|
|-heal|p2a: Empoleon|372\/372|[from] item: Leftovers
|upkeep
|turn|4
|choice|move sleeppowder|move defog
|
|move|p1a: Roserade|Sleep Powder|p2a: Empoleon|[miss]
|-miss|p1a: Roserade|p2a: Empoleon
|move|p2a: Empoleon|Defog|p1a: Roserade
|-unboost|p1a: Roserade|evasion|1
|-sideend|p2: HyperTM|Stealth Rock|[from] move: Defog|[of] p2a: Empoleon
|
|upkeep
|turn|5
|choice|switch 2|switch 2
|
|switch|p1a: Swampert|Swampert, M|391\/401
|switch|p2a: Chesnaught|Chesnaught, F|380\/380
|
|-heal|p1a: Swampert|401\/401|[from] item: Leftovers
|upkeep
|turn|6
|choice|switch 2|move leechseed
|
|switch|p1a: Roserade|Roserade, M|321\/321
|move|p2a: Chesnaught|Leech Seed|p1a: Roserade
|-immune|p1a: Roserade|[msg]
|
|upkeep
|turn|7
|choice|move sleeppowder|move earthquake
|
|move|p1a: Roserade|Sleep Powder|p2a: Chesnaught
|-immune|p2a: Chesnaught|[msg]
|move|p2a: Chesnaught|Earthquake|p1a: Roserade
|-damage|p1a: Roserade|200\/321
|
|-heal|p1a: Roserade|220\/321|[from] item: Black Sludge
|upkeep
|turn|8
|choice|move sludgebomb|switch 3
|
|switch|p2a: Rotom|Rotom-Heat|304\/304
|move|p1a: Roserade|Sludge Bomb|p2a: Rotom
|-damage|p2a: Rotom|190\/304
|
|-heal|p1a: Roserade|240\/321|[from] item: Black Sludge
|upkeep
|turn|9
|choice|switch 2|move trick
|
|switch|p1a: Swampert|Swampert, M|401\/401
|move|p2a: Rotom|Trick|p1a: Swampert
|-activate|p2a: Rotom|move: Trick|[of] p1a: Swampert
|-item|p1a: Swampert|Choice Scarf|[from] move: Trick
|-item|p2a: Rotom|Leftovers|[from] move: Trick
|
|-heal|p2a: Rotom|209\/304|[from] item: Leftovers
|upkeep
|turn|10
|choice|move stealthrock|switch 3
|
|switch|p2a: Chesnaught|Chesnaught, F|380\/380
|move|p1a: Swampert|Stealth Rock|p2a: Chesnaught
|-sidestart|p2: HyperTM|move: Stealth Rock
|
|upkeep
|turn|11
|choice|switch 3|move leechseed
|
|switch|p1a: Tornadus|Tornadus, M|299\/299
|move|p2a: Chesnaught|Leech Seed|p1a: Tornadus
|-start|p1a: Tornadus|move: Leech Seed
|
|-damage|p1a: Tornadus|262\/299|[from] Leech Seed|[of] p2a: Chesnaught
|upkeep
|turn|12
|choice|switch 2|switch 2
|
|switch|p1a: Roserade|Roserade, M|240\/321
|switch|p2a: Empoleon|Empoleon, F|372\/372
|-damage|p2a: Empoleon|349\/372|[from] Stealth Rock
|
|-heal|p1a: Roserade|260\/321|[from] item: Black Sludge
|-heal|p2a: Empoleon|372\/372|[from] item: Leftovers
|upkeep
|turn|13
|choice|move sleeppowder|move defog
|
|move|p1a: Roserade|Sleep Powder|p2a: Empoleon|[miss]
|-miss|p1a: Roserade|p2a: Empoleon
|move|p2a: Empoleon|Defog|p1a: Roserade
|-unboost|p1a: Roserade|evasion|1
|-sideend|p2: HyperTM|Stealth Rock|[from] move: Defog|[of] p2a: Empoleon
|
|-heal|p1a: Roserade|280\/321|[from] item: Black Sludge
|upkeep
|turn|14
|choice|move sleeppowder|switch 5
|
|switch|p2a: Beedrill|Beedrill, F|271\/271
|move|p1a: Roserade|Sleep Powder|p2a: Beedrill
|-status|p2a: Beedrill|slp
|
|-heal|p1a: Roserade|300\/321|[from] item: Black Sludge
|upkeep
|turn|15
|choice|switch 2|move uturn mega
|
|switch|p1a: Tornadus|Tornadus, M|262\/299
|detailschange|p2a: Beedrill|Beedrill-Mega, F
|-mega|p2a: Beedrill|Beedrill|Beedrillite
|cant|p2a: Beedrill|slp
|
|upkeep
|turn|16
|choice|move acrobatics|move uturn
|
|cant|p2a: Beedrill|slp
|move|p1a: Tornadus|Acrobatics|p2a: Beedrill
|-supereffective|p2a: Beedrill
|-damage|p2a: Beedrill|0 fnt
|faint|p2a: Beedrill
|
|upkeep
|choice||switch 6
|
|switch|p2a: Heliolisk|Heliolisk, F|265\/265
|turn|17
|choice|move superpower|move hypervoice
|
|move|p1a: Tornadus|Superpower|p2a: Heliolisk
|-supereffective|p2a: Heliolisk
|-damage|p2a: Heliolisk|0 fnt
|-unboost|p1a: Tornadus|atk|1
|-unboost|p1a: Tornadus|def|1
|faint|p2a: Heliolisk
|
|upkeep
|choice||switch 3
|
|switch|p2a: Rotom|Rotom-Heat|209\/304
|turn|18
|-message|HyperTM forfeited.
|
|win|BillyTree
|player|p1
|player|p2
|l|HyperTM
|raw|BillyTree's rating: 1350 &rarr; <strong>1368<\/strong><br \/>(+18 for winning)
|raw|HyperTM's rating: 1314 &rarr; <strong>1296<\/strong><br \/>(-18 for losing)</script>
</div>
<div class="battle-log battle-log-inline"><div class="inner"><div class="battle-options"></div><div class="inner"><div class="chat"><small>BillyTree joined.</small></div><div class="chat"><small>HyperTM joined.</small></div><div class=""><small>Format:</small> <br><strong>UU</strong></div><div class="rated"><strong>Rated battle</strong></div><div class=""><small><em>Sleep Clause Mod:</em> Limit one foe put to sleep</small></div><div class=""><small><em>Species Clause:</em> Limit one of each Pokémon</small></div><div class=""><small><em>OHKO Clause:</em> OHKO moves are banned</small></div><div class=""><small><em>Moody Clause:</em> Moody is banned</small></div><div class=""><small><em>Evasion Moves Clause:</em> Evasion moves are banned</small></div><div class=""><small><em>Endless Battle Clause:</em> Forcing endless battles is banned</small></div><div class=""><small><em>HP Percentage Mod:</em> HP is shown in percentages</small></div><div class=""><small><em>Swagger Clause:</em> Swagger is banned</small></div><div class=""><small><em>Baton Pass Clause:</em> Limit one Baton Passer, can't pass Spe and other stats simultaneously</small></div><div class="chat battle-history"><strong>BillyTree's team:</strong> <em style="color:#445566;display:block;">Swampert / Roserade / Tornadus / Lucario / Slurpuff / Sharpedo</em></div><div class="chat battle-history"><strong>HyperTM's team:</strong> <em style="color:#445566;display:block;">Beedrill / Empoleon / Rotom-Heat / Chesnaught / Nidoking / Heliolisk</em></div><div class="spacer battle-history"><br></div><div class="battle-history">Battle started between BillyTree and HyperTM!<br></div><div class="spacer battle-history"><br></div><div class="battle-history">Go! <strong>Lucario</strong>!<br></div><div class="spacer battle-history"><br></div><div class="battle-history">HyperTM sent out <strong>Nidoking</strong>!<br></div><div class="spacer battle-history"><br></div><h2 class="battle-history">Turn 1</h2><div class="spacer battle-history"><br></div><div class="battle-history">Lucario, come back!<br></div><div class="battle-history">Go! <strong>Swampert</strong>!<br></div><div class="spacer battle-history"><br></div><div class="battle-history">The opposing Nidoking used <strong>Flamethrower</strong>!<br></div><div class="battle-history"><small>It's not very effective...</small><br></div><div class="battle-history"><small>(Swampert lost <abbr title="−60/401">15.0%</abbr> of its health!)</small><br></div><div class="spacer battle-history"><br></div><div class="battle-history"><small>Swampert restored a little HP using its Leftovers!</small><br></div><div class="spacer battle-history"><br></div><h2 class="battle-history">Turn 2</h2><div class="spacer battle-history"><br></div><div class="battle-history">HyperTM withdrew Nidoking!<br></div><div class="battle-history">HyperTM sent out <strong>Chesnaught</strong>!<br></div><div class="spacer battle-history"><br></div><div class="battle-history">Swampert used <strong>Stealth Rock</strong>!<br></div><div class="battle-history"><small>Pointed stones float in the air around the opposing team!</small><br></div><div class="spacer battle-history"><br></div><div class="battle-history"><small>Swampert restored a little HP using its Leftovers!</small><br></div><div class="spacer battle-history"><br></div><h2 class="battle-history">Turn 3</h2><div class="spacer battle-history"><br></div><div class="battle-history">HyperTM withdrew Chesnaught!<br></div><div class="battle-history">HyperTM sent out <strong>Empoleon</strong>!<br></div><div class="battle-history"><small>Pointed stones dug into the opposing Empoleon!</small><br></div><div class="spacer battle-history"><br></div><div class="battle-history">Swampert, come back!<br></div><div class="battle-history">Go! <strong>Roserade</strong>!<br></div><div class="spacer battle-history"><br></div><div class="battle-history"><small>The opposing Empoleon restored a little HP using its Leftovers!</small><br></div><div class="spacer battle-history"><br></div><h2 class="battle-history">Turn 4</h2><div class="spacer battle-history"><br></div><div class="battle-history">Roserade used <strong>Sleep Powder</strong>!<br></div><div class="battle-history"><small>The opposing Empoleon avoided the attack!</small><br></div><div class="spacer battle-history"><br></div><div class="battle-history">The opposing Empoleon used <strong>Defog</strong>!<br></div><div class="battle-history"><small>Roserade's evasiveness fell!</small><br></div><div class="battle-history"><small>The pointed stones disappeared from around the opposing team!</small><br></div><div class="spacer battle-history"><br></div><h2 class="battle-history">Turn 5</h2><div class="spacer battle-history"><br></div><div class="battle-history">Roserade, come back!<br></div><div class="battle-history">Go! <strong>Swampert</strong>!<br></div><div class="spacer battle-history"><br></div><div class="battle-history">HyperTM withdrew Empoleon!<br></div><div class="battle-history">HyperTM sent out <strong>Chesnaught</strong>!<br></div><div class="spacer battle-history"><br></div><div class="battle-history"><small>Swampert restored a little HP using its Leftovers!</small><br></div><div class="spacer battle-history"><br></div><h2 class="battle-history">Turn 6</h2><div class="spacer battle-history"><br></div><div class="battle-history">Swampert, come back!<br></div><div class="battle-history">Go! <strong>Roserade</strong>!<br></div><div class="spacer battle-history"><br></div><div class="battle-history">The opposing Chesnaught used <strong>Leech Seed</strong>!<br></div><div class="battle-history"><small>It doesn't affect Roserade...</small><br></div><div class="spacer battle-history"><br></div><h2 class="battle-history">Turn 7</h2><div class="spacer battle-history"><br></div><div class="battle-history">Roserade used <strong>Sleep Powder</strong>!<br></div><div class="battle-history"><small>It doesn't affect the opposing Chesnaught...</small><br></div><div class="spacer battle-history"><br></div><div class="battle-history">The opposing Chesnaught used <strong>Earthquake</strong>!<br></div><div class="battle-history"><small>(Roserade lost <abbr title="−121/321">37.7%</abbr> of its health!)</small><br></div><div class="spacer battle-history"><br></div><div class="battle-history"><small>Roserade restored a little HP using its Black Sludge!</small><br></div><div class="spacer battle-history"><br></div><h2 class="battle-history">Turn 8</h2><div class="spacer battle-history"><br></div><div class="battle-history">HyperTM withdrew Chesnaught!<br></div><div class="battle-history">HyperTM sent out Rotom (<strong>Rotom-Heat</strong>)!<br></div><div class="spacer battle-history"><br></div><div class="battle-history">Roserade used <strong>Sludge Bomb</strong>!<br></div><div class="battle-history"><small>(The opposing Rotom lost <abbr title="−114/304">37.5%</abbr> of its health!)</small><br></div><div class="spacer battle-history"><br></div><div class="battle-history"><small>Roserade restored a little HP using its Black Sludge!</small><br></div><div class="spacer battle-history"><br></div><h2 class="battle-history">Turn 9</h2><div class="spacer battle-history"><br></div><div class="battle-history">Roserade, come back!<br></div><div class="battle-history">Go! <strong>Swampert</strong>!<br></div><div class="spacer battle-history"><br></div><div class="battle-history">The opposing Rotom used <strong>Trick</strong>!<br></div><div class="battle-history"><small>The opposing Rotom switched items with its target!</small><br></div><div class="battle-history"><small>Swampert obtained one Choice Scarf.</small><br></div><div class="battle-history"><small>The opposing Rotom obtained one Leftovers.</small><br></div><div class="spacer battle-history"><br></div><div class="battle-history"><small>The opposing Rotom restored a little HP using its Leftovers!</small><br></div><div class="spacer battle-history"><br></div><h2 class="battle-history">Turn 10</h2><div class="spacer battle-history"><br></div><div class="battle-history">HyperTM withdrew Rotom!<br></div><div class="battle-history">HyperTM sent out <strong>Chesnaught</strong>!<br></div><div class="spacer battle-history"><br></div><div class="battle-history">Swampert used <strong>Stealth Rock</strong>!<br></div><div class="battle-history"><small>Pointed stones float in the air around the opposing team!</small><br></div><div class="spacer battle-history"><br></div><h2 class="battle-history">Turn 11</h2><div class="spacer battle-history"><br></div><div class="battle-history">Swampert, come back!<br></div><div class="battle-history">Go! <strong>Tornadus</strong>!<br></div><div class="spacer battle-history"><br></div><div class="battle-history">The opposing Chesnaught used <strong>Leech Seed</strong>!<br></div><div class="battle-history"><small>Tornadus was seeded!</small><br></div><div class="spacer battle-history"><br></div><div class="battle-history"><small>Tornadus's health is sapped by Leech Seed!</small><br></div><div class="spacer battle-history"><br></div><h2 class="battle-history">Turn 12</h2><div class="spacer battle-history"><br></div><div class="battle-history">Tornadus, come back!<br></div><div class="battle-history">Go! <strong>Roserade</strong>!<br></div><div class="spacer battle-history"><br></div><div class="battle-history">HyperTM withdrew Chesnaught!<br></div><div class="battle-history">HyperTM sent out <strong>Empoleon</strong>!<br></div><div class="battle-history"><small>Pointed stones dug into the opposing Empoleon!</small><br></div><div class="spacer battle-history"><br></div><div class="battle-history"><small>Roserade restored a little HP using its Black Sludge!</small><br></div><div class="battle-history"><small>The opposing Empoleon restored a little HP using its Leftovers!</small><br></div><div class="spacer battle-history"><br></div><h2 class="battle-history">Turn 13</h2><div class="spacer battle-history"><br></div><div class="battle-history">Roserade used <strong>Sleep Powder</strong>!<br></div><div class="battle-history"><small>The opposing Empoleon avoided the attack!</small><br></div><div class="spacer battle-history"><br></div><div class="battle-history">The opposing Empoleon used <strong>Defog</strong>!<br></div><div class="battle-history"><small>Roserade's evasiveness fell!</small><br></div><div class="battle-history"><small>The pointed stones disappeared from around the opposing team!</small><br></div><div class="spacer battle-history"><br></div><div class="battle-history"><small>Roserade restored a little HP using its Black Sludge!</small><br></div><div class="spacer battle-history"><br></div><h2 class="battle-history">Turn 14</h2><div class="spacer battle-history"><br></div><div class="battle-history">HyperTM withdrew Empoleon!<br></div><div class="battle-history">HyperTM sent out <strong>Beedrill</strong>!<br></div><div class="spacer battle-history"><br></div><div class="battle-history">Roserade used <strong>Sleep Powder</strong>!<br></div><div class="battle-history"><small>The opposing Beedrill fell asleep!</small><br></div><div class="spacer battle-history"><br></div><div class="battle-history"><small>Roserade restored a little HP using its Black Sludge!</small><br></div><div class="spacer battle-history"><br></div><h2 class="battle-history">Turn 15</h2><div class="spacer battle-history"><br></div><div class="battle-history">Roserade, come back!<br></div><div class="battle-history">Go! <strong>Tornadus</strong>!<br></div><div class="spacer battle-history"><br></div><div class="battle-history"><small>The opposing Beedrill's Beedrillite is reacting to HyperTM's Mega Bracelet!</small><br>The opposing Beedrill has Mega Evolved into Mega Beedrill!<br></div><div class="spacer battle-history"><br></div><div class="battle-history">The opposing Beedrill is fast asleep.<br></div><div class="spacer battle-history"><br></div><h2 class="battle-history">Turn 16</h2><div class="spacer battle-history"><br></div><div class="battle-history">The opposing Beedrill is fast asleep.<br></div><div class="spacer battle-history"><br></div><div class="battle-history">Tornadus used <strong>Acrobatics</strong>!<br></div><div class="battle-history"><small>It's super effective!</small><br></div><div class="battle-history"><small>(The opposing Beedrill lost <abbr title="−271/271">100%</abbr> of its health!)</small><br></div><div class="spacer battle-history"><br></div><div class="battle-history">The opposing Beedrill fainted!<br></div><div class="spacer battle-history"><br></div><div class="battle-history">HyperTM sent out <strong>Heliolisk</strong>!<br></div><div class="spacer battle-history"><br></div><h2 class="battle-history">Turn 17</h2><div class="spacer battle-history"><br></div><div class="battle-history">Tornadus used <strong>Superpower</strong>!<br></div><div class="battle-history"><small>It's super effective!</small><br></div><div class="battle-history"><small>(The opposing Heliolisk lost <abbr title="−265/265">100%</abbr> of its health!)</small><br></div><div class="battle-history"><small>Tornadus's Attack fell!</small><br></div><div class="battle-history"><small>Tornadus's Defense fell!</small><br></div><div class="spacer battle-history"><br></div><div class="battle-history">The opposing Heliolisk fainted!<br></div><div class="spacer battle-history"><br></div><div class="battle-history">HyperTM sent out Rotom (<strong>Rotom-Heat</strong>)!<br></div><div class="spacer battle-history"><br></div><h2 class="battle-history">Turn 18</h2><div class="spacer battle-history"><br></div><div class="battle-history"><small>HyperTM forfeited.</small><br></div><div class="spacer battle-history"><br></div><div class="battle-history"><strong>BillyTree</strong> won the battle!<br></div><div class="chat"><small>HyperTM left.</small></div><div class="chat">BillyTree's rating: 1350 → <strong>1368</strong><br>(+18 for winning)</div><div class="chat">HyperTM's rating: 1314 → <strong>1296</strong><br>(-18 for losing)</div></div><div class="inner-preempt"></div></div></div>
</div>
<script>
let daily = Math.floor(Date.now()/1000/60/60/24);document.write('<script src="https://play.pokemonshowdown.com/js/replay-embed.js?version'+daily+'"></'+'script>');
</script>
