<!DOCTYPE html>
<meta charset="utf-8" />
<!-- version 1 -->
<title>UU replay: xRebel_Kamen vs. Antbo-Robin</title>
<style>
html,body {font-family:Verdana, sans-serif;font-size:10pt;margin:0;padding:0;}body{padding:12px 0;} .battle-log {font-family:Verdana, sans-serif;font-size:10pt;} .battle-log-inline {border:1px solid #AAAAAA;background:#EEF2F5;color:black;max-width:640px;margin:0 auto 80px;padding-bottom:5px;} .battle-log .inner {padding:4px 8px 0px 8px;} .battle-log .inner-preempt {padding:0 8px 4px 8px;} .battle-log .inner-after {margin-top:0.5em;} .battle-log h2 {margin:0.5em -8px;padding:4px 8px;border:1px solid #AAAAAA;background:#E0E7EA;border-left:0;border-right:0;font-family:Verdana, sans-serif;font-size:13pt;} .battle-log .chat {vertical-align:middle;padding:3px 0 3px 0;font-size:8pt;} .battle-log .chat strong {color:#40576A;} .battle-log .chat em {padding:1px 4px 1px 3px;color:#000000;font-style:normal;} .chat.mine {background:rgba(0,0,0,0.05);margin-left:-8px;margin-right:-8px;padding-left:8px;padding-right:8px;} .spoiler {color:#BBBBBB;background:#BBBBBB;padding:0px 3px;} .spoiler:hover, .spoiler:active, .spoiler-shown {color:#000000;background:#E2E2E2;padding:0px 3px;} .spoiler a {color:#BBBBBB;} .spoiler:hover a, .spoiler:active a, .spoiler-shown a {color:#2288CC;} .chat code, .chat .spoiler:hover code, .chat .spoiler:active code, .chat .spoiler-shown code {border:1px solid #C0C0C0;background:#EEEEEE;color:black;padding:0 2px;} .chat .spoiler code {border:1px solid #CCCCCC;background:#CCCCCC;color:#CCCCCC;} .battle-log .rated {padding:3px 4px;} .battle-log .rated strong {color:white;background:#89A;padding:1px 4px;border-radius:4px;} .spacer {margin-top:0.5em;} .message-announce {background:#6688AA;color:white;padding:1px 4px 2px;} .message-announce a, .broadcast-green a, .broadcast-blue a, .broadcast-red a {color:#DDEEFF;} .broadcast-green {background-color:#559955;color:white;padding:2px 4px;} .broadcast-blue {background-color:#6688AA;color:white;padding:2px 4px;} .infobox {border:1px solid #6688AA;padding:2px 4px;} .infobox-limited {max-height:200px;overflow:auto;overflow-x:hidden;} .broadcast-red {background-color:#AA5544;color:white;padding:2px 4px;} .message-learn-canlearn {font-weight:bold;color:#228822;text-decoration:underline;} .message-learn-cannotlearn {font-weight:bold;color:#CC2222;text-decoration:underline;} .message-effect-weak {font-weight:bold;color:#CC2222;} .message-effect-resist {font-weight:bold;color:#6688AA;} .message-effect-immune {font-weight:bold;color:#666666;} .message-learn-list {margin-top:0;margin-bottom:0;} .message-throttle-notice, .message-error {color:#992222;} .message-overflow, .chat small.message-overflow {font-size:0pt;} .message-overflow::before {font-size:9pt;content:'...';} .subtle {color:#3A4A66;}
</style>
<div class="wrapper replay-wrapper" style="max-width:1180px;margin:0 auto">
<input type="hidden" name="replayid" value="uu-597470439" />
<div class="battle"></div><div class="battle-log"></div><div class="replay-controls"></div><div class="replay-controls-2"></div>
<h1 style="font-weight:normal;text-align:center"><strong>UU</strong><br /><a href="http://pokemonshowdown.com/users/xrebelkamen" class="subtle" target="_blank">xRebel_Kamen</a> vs. <a href="http://pokemonshowdown.com/users/antborobin" class="subtle" target="_blank">Antbo-Robin</a></h1>
<script type="text/plain" class="battle-log-data">|j|xRebel_Kamen
|j|Antbo-Robin
|player|p1|xRebel_Kamen|169
|teamsize|p1|6
|player|p2|Antbo-Robin|99
|teamsize|p2|6
|gametype|singles
|gen|6
|tier|UU
|seed|8056,993,29141,36936
|rule|Sleep Clause Mod: Limit one foe put to sleep
|rule|Species Clause: Limit one of each Pokémon
|rule|OHKO Clause: OHKO moves are banned
|rule|Moody Clause: Moody is banned
|rule|Evasion Moves Clause: Evasion moves are banned
|rule|Endless Battle Clause: Forcing endless battles is banned
|rule|HP Percentage Mod: HP is shown in percentages
|clearpoke
|poke|p1|Suicune|item
|poke|p1|Sharpedo, M|item
|poke|p1|Nidoking, M, shiny|item
|poke|p1|Sceptile, M|item
|poke|p1|Entei|item
|poke|p1|Klefki, F|item
|poke|p2|Entei, shiny|item
|poke|p2|Empoleon, F|item
|poke|p2|Chesnaught, F, shiny|item
|poke|p2|Shuckle, F|item
|poke|p2|Krookodile, F|item
|poke|p2|Sylveon, F, shiny|item
|rule|Swagger Clause: Swagger is banned
|rule|Baton Pass Clause: Limit one Baton Passer, can't pass Spe and other stats simultaneously
|teampreview
|j|TheChefBoyardee
|c|☆Antbo-Robin|GL HF
|choice|team 6, team 2, team 3, team 4, team 5, team 1|team 2, team 1, team 3, team 4, team 5, team 6
|
|start
|switch|p1a: Klefki|Klefki, F|255\/255
|switch|p2a: Empoleon|Empoleon, F|372\/372
|turn|1
|j|King_Swishhh
|choice|move magiccoat|move stealthrock
|
|move|p1a: Klefki|Magic Coat|p1a: Klefki
|-singleturn|p1a: Klefki|move: Magic Coat
|move|p2a: Empoleon|Stealth Rock|p1a: Klefki
|move|p1a: Klefki|Stealth Rock|p2a: Empoleon|[from]Magic Coat
|-sidestart|p2: Antbo-Robin|move: Stealth Rock
|
|upkeep
|turn|2
|j|VocaloidChan1
|choice|move switcheroo|move defog
|
|move|p1a: Klefki|Switcheroo|p2a: Empoleon
|-activate|p1a: Klefki|move: Trick|[of] p2a: Empoleon
|-item|p2a: Empoleon|Power Bracer|[from] move: Switcheroo
|-item|p1a: Klefki|Leftovers|[from] move: Switcheroo
|move|p2a: Empoleon|Defog|p1a: Klefki
|-unboost|p1a: Klefki|evasion|1
|-sideend|p2: Antbo-Robin|Stealth Rock|[from] move: Defog|[of] p2a: Empoleon
|
|upkeep
|turn|3
|choice|move thunderwave|move stealthrock
|
|move|p1a: Klefki|Thunder Wave|p2a: Empoleon
|-status|p2a: Empoleon|par
|move|p2a: Empoleon|Stealth Rock|p1a: Klefki
|-sidestart|p1: xRebel_Kamen|move: Stealth Rock
|
|upkeep
|turn|4
|choice|move magiccoat|switch 4
|
|switch|p2a: Shuckle|Shuckle, F|181\/181
|move|p1a: Klefki|Magic Coat|p1a: Klefki
|-singleturn|p1a: Klefki|move: Magic Coat
|
|upkeep
|turn|5
|choice|switch 6|move stickyweb
|
|switch|p1a: Suicune|Suicune|404\/404
|-damage|p1a: Suicune|354\/404|[from] Stealth Rock
|-ability|p1a: Suicune|Pressure
|move|p2a: Shuckle|Sticky Web|p1a: Suicune
|-sidestart|p1: xRebel_Kamen|move: Sticky Web
|
|-heal|p1a: Suicune|379\/404|[from] item: Leftovers
|upkeep
|turn|6
|choice|move calmmind|move toxic
|
|move|p1a: Suicune|Calm Mind|p1a: Suicune
|-boost|p1a: Suicune|spa|1
|-boost|p1a: Suicune|spd|1
|move|p2a: Shuckle|Toxic|p1a: Suicune|[miss]
|-miss|p2a: Shuckle|p1a: Suicune
|
|-heal|p1a: Suicune|404\/404|[from] item: Leftovers
|upkeep
|turn|7
|choice|move calmmind|move toxic
|
|move|p1a: Suicune|Calm Mind|p1a: Suicune
|-boost|p1a: Suicune|spa|1
|-boost|p1a: Suicune|spd|1
|move|p2a: Shuckle|Toxic|p1a: Suicune
|-status|p1a: Suicune|tox
|
|-damage|p1a: Suicune|379\/404 tox|[from] psn
|upkeep
|turn|8
|choice|move calmmind|move bodyslam
|
|move|p1a: Suicune|Calm Mind|p1a: Suicune
|-boost|p1a: Suicune|spa|1
|-boost|p1a: Suicune|spd|1
|move|p2a: Shuckle|Body Slam|p1a: Suicune
|-damage|p1a: Suicune|368\/404 tox
|
|-heal|p1a: Suicune|393\/404 tox|[from] item: Leftovers
|-damage|p1a: Suicune|343\/404 tox|[from] psn
|upkeep
|turn|9
|choice|move calmmind|switch 3
|
|switch|p2a: Chesnaught|Chesnaught, F, shiny|380\/380
|move|p1a: Suicune|Calm Mind|p1a: Suicune
|-boost|p1a: Suicune|spa|1
|-boost|p1a: Suicune|spd|1
|
|-heal|p1a: Suicune|368\/404 tox|[from] item: Leftovers
|-damage|p1a: Suicune|293\/404 tox|[from] psn
|upkeep
|turn|10
|choice|move scald|move leechseed
|
|move|p1a: Suicune|Scald|p2a: Chesnaught
|-resisted|p2a: Chesnaught
|-damage|p2a: Chesnaught|218\/380
|move|p2a: Chesnaught|Leech Seed|p1a: Suicune|[miss]
|-miss|p2a: Chesnaught|p1a: Suicune
|
|-heal|p1a: Suicune|318\/404 tox|[from] item: Leftovers
|-heal|p2a: Chesnaught|241\/380|[from] item: Leftovers
|-damage|p1a: Suicune|218\/404 tox|[from] psn
|upkeep
|turn|11
|choice|move rest|move leechseed
|
|move|p1a: Suicune|Rest|p1a: Suicune
|-status|p1a: Suicune|slp
|-heal|p1a: Suicune|404\/404 slp|[silent]
|-status|p1a: Suicune|slp|[from] move: Rest
|move|p2a: Chesnaught|Leech Seed|p1a: Suicune
|-start|p1a: Suicune|move: Leech Seed
|
|-heal|p2a: Chesnaught|264\/380|[from] item: Leftovers
|-damage|p1a: Suicune|354\/404 slp|[from] Leech Seed|[of] p2a: Chesnaught
|-heal|p2a: Chesnaught|314\/380|[silent]
|upkeep
|turn|12
|l|King_Swishhh
|choice|move sleeptalk|move woodhammer
|
|cant|p1a: Suicune|slp
|move|p1a: Suicune|Sleep Talk|p1a: Suicune
|move|p1a: Suicune|Scald|p2a: Chesnaught|[from]Sleep Talk
|-resisted|p2a: Chesnaught
|-damage|p2a: Chesnaught|146\/380
|move|p2a: Chesnaught|Wood Hammer|p1a: Suicune
|-supereffective|p1a: Suicune
|-damage|p1a: Suicune|156\/404 slp
|-damage|p2a: Chesnaught|81\/380|[from] Recoil|[of] p1a: Suicune
|
|-heal|p1a: Suicune|181\/404 slp|[from] item: Leftovers
|-heal|p2a: Chesnaught|104\/380|[from] item: Leftovers
|-damage|p1a: Suicune|131\/404 slp|[from] Leech Seed|[of] p2a: Chesnaught
|-heal|p2a: Chesnaught|154\/380|[silent]
|upkeep
|turn|13
|choice|move sleeptalk|switch 4
|
|switch|p2a: Empoleon|Empoleon, F|372\/372 par
|cant|p1a: Suicune|slp
|move|p1a: Suicune|Sleep Talk|p1a: Suicune
|move|p1a: Suicune|Scald|p2a: Empoleon|[from]Sleep Talk
|-resisted|p2a: Empoleon
|-damage|p2a: Empoleon|239\/372 par
|
|-heal|p1a: Suicune|156\/404 slp|[from] item: Leftovers
|-damage|p1a: Suicune|106\/404 slp|[from] Leech Seed|[of] p2a: Empoleon
|-heal|p2a: Empoleon|289\/372 par|[silent]
|upkeep
|turn|14
|choice|move rest|switch 6
|
|switch|p2a: Sylveon|Sylveon, F, shiny|331\/331
|-curestatus|p1a: Suicune|slp|[msg]
|move|p1a: Suicune|Rest|p1a: Suicune
|-status|p1a: Suicune|slp
|-heal|p1a: Suicune|404\/404 slp|[silent]
|-status|p1a: Suicune|slp|[from] move: Rest
|
|-damage|p1a: Suicune|354\/404 slp|[from] Leech Seed|[of] p2a: Sylveon
|upkeep
|turn|15
|choice|move sleeptalk|move calmmind
|
|cant|p1a: Suicune|slp
|move|p1a: Suicune|Sleep Talk|p1a: Suicune
|move|p1a: Suicune|Rest|p1a: Suicune|[from]Sleep Talk
|-fail|p1a: Suicune
|move|p2a: Sylveon|Calm Mind|p2a: Sylveon
|-boost|p2a: Sylveon|spa|1
|-boost|p2a: Sylveon|spd|1
|
|-heal|p1a: Suicune|379\/404 slp|[from] item: Leftovers
|-damage|p1a: Suicune|329\/404 slp|[from] Leech Seed|[of] p2a: Sylveon
|upkeep
|turn|16
|j|King_Swishhh
|choice|move sleeptalk|move calmmind
|
|cant|p1a: Suicune|slp
|move|p1a: Suicune|Sleep Talk|p1a: Suicune
|move|p1a: Suicune|Rest|p1a: Suicune|[from]Sleep Talk
|-fail|p1a: Suicune
|move|p2a: Sylveon|Calm Mind|p2a: Sylveon
|-boost|p2a: Sylveon|spa|1
|-boost|p2a: Sylveon|spd|1
|
|-heal|p1a: Suicune|354\/404 slp|[from] item: Leftovers
|-damage|p1a: Suicune|304\/404 slp|[from] Leech Seed|[of] p2a: Sylveon
|upkeep
|turn|17
|choice|move scald|move calmmind
|
|-curestatus|p1a: Suicune|slp|[msg]
|move|p1a: Suicune|Scald|p2a: Sylveon
|-damage|p2a: Sylveon|232\/331
|-status|p2a: Sylveon|brn
|move|p2a: Sylveon|Calm Mind|p2a: Sylveon
|-boost|p2a: Sylveon|spa|1
|-boost|p2a: Sylveon|spd|1
|
|-heal|p1a: Suicune|329\/404|[from] item: Leftovers
|-heal|p2a: Sylveon|252\/331 brn|[from] item: Leftovers
|-damage|p1a: Suicune|279\/404|[from] Leech Seed|[of] p2a: Sylveon
|-heal|p2a: Sylveon|302\/331 brn|[silent]
|-damage|p2a: Sylveon|261\/331 brn|[from] brn
|upkeep
|turn|18
|choice|move scald|move calmmind
|
|move|p1a: Suicune|Scald|p2a: Sylveon
|-damage|p2a: Sylveon|180\/331 brn
|move|p2a: Sylveon|Calm Mind|p2a: Sylveon
|-boost|p2a: Sylveon|spa|1
|-boost|p2a: Sylveon|spd|1
|
|-heal|p1a: Suicune|304\/404|[from] item: Leftovers
|-heal|p2a: Sylveon|200\/331 brn|[from] item: Leftovers
|-damage|p1a: Suicune|254\/404|[from] Leech Seed|[of] p2a: Sylveon
|-heal|p2a: Sylveon|250\/331 brn|[silent]
|-damage|p2a: Sylveon|209\/331 brn|[from] brn
|upkeep
|turn|19
|choice|move scald|move hypervoice
|
|move|p1a: Suicune|Scald|p2a: Sylveon
|-damage|p2a: Sylveon|139\/331 brn
|move|p2a: Sylveon|Hyper Voice|p1a: Suicune
|-damage|p1a: Suicune|112\/404
|
|-heal|p1a: Suicune|137\/404|[from] item: Leftovers
|-heal|p2a: Sylveon|159\/331 brn|[from] item: Leftovers
|-damage|p1a: Suicune|87\/404|[from] Leech Seed|[of] p2a: Sylveon
|-heal|p2a: Sylveon|209\/331 brn|[silent]
|-damage|p2a: Sylveon|168\/331 brn|[from] brn
|upkeep
|turn|20
|choice|move rest|move hypervoice
|
|move|p1a: Suicune|Rest|p1a: Suicune
|-status|p1a: Suicune|slp
|-heal|p1a: Suicune|404\/404 slp|[silent]
|-status|p1a: Suicune|slp|[from] move: Rest
|move|p2a: Sylveon|Hyper Voice|p1a: Suicune
|-damage|p1a: Suicune|272\/404 slp
|
|-heal|p1a: Suicune|297\/404 slp|[from] item: Leftovers
|-heal|p2a: Sylveon|188\/331 brn|[from] item: Leftovers
|-damage|p1a: Suicune|247\/404 slp|[from] Leech Seed|[of] p2a: Sylveon
|-heal|p2a: Sylveon|238\/331 brn|[silent]
|-damage|p2a: Sylveon|197\/331 brn|[from] brn
|upkeep
|turn|21
|choice|move sleeptalk|move calmmind
|
|cant|p1a: Suicune|slp
|move|p1a: Suicune|Sleep Talk|p1a: Suicune
|move|p1a: Suicune|Calm Mind|p1a: Suicune|[from]Sleep Talk
|-boost|p1a: Suicune|spa|1
|-boost|p1a: Suicune|spd|1
|move|p2a: Sylveon|Calm Mind|p2a: Sylveon
|-boost|p2a: Sylveon|spa|1
|-boost|p2a: Sylveon|spd|1
|
|-heal|p1a: Suicune|272\/404 slp|[from] item: Leftovers
|-heal|p2a: Sylveon|217\/331 brn|[from] item: Leftovers
|-damage|p1a: Suicune|222\/404 slp|[from] Leech Seed|[of] p2a: Sylveon
|-heal|p2a: Sylveon|267\/331 brn|[silent]
|-damage|p2a: Sylveon|226\/331 brn|[from] brn
|upkeep
|turn|22
|choice|move scald|move calmmind
|
|cant|p1a: Suicune|slp
|move|p2a: Sylveon|Calm Mind|p2a: Sylveon
|-boost|p2a: Sylveon|spa|1
|-boost|p2a: Sylveon|spd|1
|
|-heal|p1a: Suicune|247\/404 slp|[from] item: Leftovers
|-heal|p2a: Sylveon|246\/331 brn|[from] item: Leftovers
|-damage|p1a: Suicune|197\/404 slp|[from] Leech Seed|[of] p2a: Sylveon
|-heal|p2a: Sylveon|296\/331 brn|[silent]
|-damage|p2a: Sylveon|255\/331 brn|[from] brn
|upkeep
|turn|23
|choice|move scald|move hypervoice
|
|-curestatus|p1a: Suicune|slp|[msg]
|move|p1a: Suicune|Scald|p2a: Sylveon
|-damage|p2a: Sylveon|195\/331 brn
|move|p2a: Sylveon|Hyper Voice|p1a: Suicune
|-damage|p1a: Suicune|49\/404
|
|-heal|p1a: Suicune|74\/404|[from] item: Leftovers
|-heal|p2a: Sylveon|215\/331 brn|[from] item: Leftovers
|-damage|p1a: Suicune|24\/404|[from] Leech Seed|[of] p2a: Sylveon
|-heal|p2a: Sylveon|265\/331 brn|[silent]
|-damage|p2a: Sylveon|224\/331 brn|[from] brn
|upkeep
|turn|24
|choice|move rest|move hypervoice
|
|move|p1a: Suicune|Rest|p1a: Suicune
|-status|p1a: Suicune|slp
|-heal|p1a: Suicune|404\/404 slp|[silent]
|-status|p1a: Suicune|slp|[from] move: Rest
|move|p2a: Sylveon|Hyper Voice|p1a: Suicune
|-damage|p1a: Suicune|253\/404 slp
|
|-heal|p1a: Suicune|278\/404 slp|[from] item: Leftovers
|-heal|p2a: Sylveon|244\/331 brn|[from] item: Leftovers
|-damage|p1a: Suicune|228\/404 slp|[from] Leech Seed|[of] p2a: Sylveon
|-heal|p2a: Sylveon|294\/331 brn|[silent]
|-damage|p2a: Sylveon|253\/331 brn|[from] brn
|upkeep
|turn|25
|choice|move sleeptalk|move hypervoice
|
|cant|p1a: Suicune|slp
|move|p1a: Suicune|Sleep Talk|p1a: Suicune
|move|p1a: Suicune|Calm Mind|p1a: Suicune|[from]Sleep Talk
|-boost|p1a: Suicune|spa|1
|-boost|p1a: Suicune|spd|1
|move|p2a: Sylveon|Hyper Voice|p1a: Suicune
|-damage|p1a: Suicune|92\/404 slp
|
|-heal|p1a: Suicune|117\/404 slp|[from] item: Leftovers
|-heal|p2a: Sylveon|273\/331 brn|[from] item: Leftovers
|-damage|p1a: Suicune|67\/404 slp|[from] Leech Seed|[of] p2a: Sylveon
|-heal|p2a: Sylveon|323\/331 brn|[silent]
|-damage|p2a: Sylveon|282\/331 brn|[from] brn
|upkeep
|turn|26
|choice|move sleeptalk|move hypervoice
|
|cant|p1a: Suicune|slp
|move|p1a: Suicune|Sleep Talk|p1a: Suicune
|move|p1a: Suicune|Rest|p1a: Suicune|[from]Sleep Talk
|-fail|p1a: Suicune
|move|p2a: Sylveon|Hyper Voice|p1a: Suicune
|-damage|p1a: Suicune|0 fnt
|faint|p1a: Suicune
|
|-heal|p2a: Sylveon|302\/331 brn|[from] item: Leftovers
|-damage|p2a: Sylveon|261\/331 brn|[from] brn
|upkeep
|choice|switch 3|
|
|switch|p1a: Nidoking|Nidoking, M, shiny|303\/303
|-activate|p1a: Nidoking|move: Sticky Web
|-unboost|p1a: Nidoking|spe|1
|-damage|p1a: Nidoking|285\/303|[from] Stealth Rock
|turn|27
|choice|move poisonjab|move hypervoice
|
|move|p1a: Nidoking|Poison Jab|p2a: Sylveon
|-supereffective|p2a: Sylveon
|-damage|p2a: Sylveon|0 fnt
|faint|p2a: Sylveon
|
|upkeep
|choice||switch 5
|
|switch|p2a: Krookodile|Krookodile, F|394\/394
|turn|28
|choice|move superpower|move earthquake
|
|move|p2a: Krookodile|Earthquake|p1a: Nidoking
|-supereffective|p1a: Nidoking
|-damage|p1a: Nidoking|0 fnt
|faint|p1a: Nidoking
|-ability|p2a: Krookodile|Moxie|boost
|-boost|p2a: Krookodile|atk|1
|
|upkeep
|choice|switch 4|
|
|switch|p1a: Sceptile|Sceptile, M|281\/281
|-activate|p1a: Sceptile|move: Sticky Web
|-unboost|p1a: Sceptile|spe|1
|-damage|p1a: Sceptile|246\/281|[from] Stealth Rock
|turn|29
|choice|move leafstorm mega|move toxic
|
|detailschange|p1a: Sceptile|Sceptile-Mega, M
|-mega|p1a: Sceptile|Sceptile|Sceptilite
|move|p1a: Sceptile|Leaf Storm|p2a: Krookodile
|-supereffective|p2a: Krookodile
|-damage|p2a: Krookodile|0 fnt
|-unboost|p1a: Sceptile|spa|2
|faint|p2a: Krookodile
|
|upkeep
|choice||switch 2
|
|switch|p2a: Entei|Entei, shiny|371\/371
|-ability|p2a: Entei|Pressure
|turn|30
|choice|move dragonpulse|move sacredfire
|
|move|p2a: Entei|Sacred Fire|p1a: Sceptile
|-damage|p1a: Sceptile|0 fnt
|faint|p1a: Sceptile
|
|upkeep
|choice|switch 2|
|
|switch|p1a: Sharpedo|Sharpedo, M|344\/344
|-damage|p1a: Sharpedo|301\/344|[from] Stealth Rock
|-activate|p1a: Sharpedo|move: Sticky Web
|-unboost|p1a: Sharpedo|spe|1
|turn|31
|choice|move protect|switch 6
|
|switch|p2a: Empoleon|Empoleon, F|289\/372 par
|move|p1a: Sharpedo|Protect|p1a: Sharpedo
|-fail|p1a: Sharpedo
|
|-ability|p1a: Sharpedo|Speed Boost|boost
|-boost|p1a: Sharpedo|spe|1
|upkeep
|turn|32
|choice|move crunch|switch 4
|
|switch|p2a: Chesnaught|Chesnaught, F, shiny|154\/380
|move|p1a: Sharpedo|Crunch|p2a: Chesnaught
|-resisted|p2a: Chesnaught
|-damage|p2a: Chesnaught|107\/380
|-damage|p1a: Sharpedo|267\/344|[from] item: Life Orb
|
|-heal|p2a: Chesnaught|130\/380|[from] item: Leftovers
|-ability|p1a: Sharpedo|Speed Boost|boost
|-boost|p1a: Sharpedo|spe|1
|upkeep
|turn|33
|choice|move crunch|move leechseed
|
|move|p1a: Sharpedo|Crunch|p2a: Chesnaught
|-resisted|p2a: Chesnaught
|-damage|p2a: Chesnaught|77\/380
|-unboost|p2a: Chesnaught|def|1
|-damage|p1a: Sharpedo|233\/344|[from] item: Life Orb
|move|p2a: Chesnaught|Leech Seed|p1a: Sharpedo
|-start|p1a: Sharpedo|move: Leech Seed
|
|-heal|p2a: Chesnaught|100\/380|[from] item: Leftovers
|-damage|p1a: Sharpedo|190\/344|[from] Leech Seed|[of] p2a: Chesnaught
|-heal|p2a: Chesnaught|143\/380|[silent]
|-ability|p1a: Sharpedo|Speed Boost|boost
|-boost|p1a: Sharpedo|spe|1
|upkeep
|turn|34
|choice|move crunch|move spikyshield
|
|move|p2a: Chesnaught|Spiky Shield|p2a: Chesnaught
|-singleturn|p2a: Chesnaught|move: Protect
|move|p1a: Sharpedo|Crunch|p2a: Chesnaught
|-activate|p2a: Chesnaught|move: Protect
|-damage|p1a: Sharpedo|147\/344|[from] Spiky Shield|[of] p2a: Chesnaught
|
|-heal|p2a: Chesnaught|166\/380|[from] item: Leftovers
|-damage|p1a: Sharpedo|104\/344|[from] Leech Seed|[of] p2a: Chesnaught
|-heal|p2a: Chesnaught|209\/380|[silent]
|-ability|p1a: Sharpedo|Speed Boost|boost
|-boost|p1a: Sharpedo|spe|1
|upkeep
|turn|35
|choice|move crunch|move drainpunch
|
|move|p1a: Sharpedo|Crunch|p2a: Chesnaught
|-resisted|p2a: Chesnaught
|-damage|p2a: Chesnaught|138\/380
|-damage|p1a: Sharpedo|70\/344|[from] item: Life Orb
|move|p2a: Chesnaught|Drain Punch|p1a: Sharpedo
|-supereffective|p1a: Sharpedo
|-damage|p1a: Sharpedo|0 fnt
|-heal|p2a: Chesnaught|173\/380|[from] drain|[of] p1a: Sharpedo
|faint|p1a: Sharpedo
|
|-heal|p2a: Chesnaught|196\/380|[from] item: Leftovers
|upkeep
|choice|switch 5|
|
|switch|p1a: Entei|Entei|371\/371
|-damage|p1a: Entei|279\/371|[from] Stealth Rock
|-activate|p1a: Entei|move: Sticky Web
|-unboost|p1a: Entei|spe|1
|-ability|p1a: Entei|Pressure
|turn|36
|choice|move sacredfire|move spikyshield
|
|move|p2a: Chesnaught|Spiky Shield|p2a: Chesnaught
|-singleturn|p2a: Chesnaught|move: Protect
|move|p1a: Entei|Sacred Fire|p2a: Chesnaught
|-activate|p2a: Chesnaught|move: Protect
|
|-heal|p2a: Chesnaught|219\/380|[from] item: Leftovers
|upkeep
|turn|37
|choice|move sacredfire|switch 4
|
|switch|p2a: Empoleon|Empoleon, F|289\/372 par
|move|p1a: Entei|Sacred Fire|p2a: Empoleon
|-damage|p2a: Empoleon|103\/372 par
|
|upkeep
|turn|38
|choice|move stoneedge|move scald
|
|move|p1a: Entei|Stone Edge|p2a: Empoleon
|-resisted|p2a: Empoleon
|-damage|p2a: Empoleon|45\/372 par
|move|p2a: Empoleon|Scald|p1a: Entei
|-supereffective|p1a: Entei
|-crit|p1a: Entei
|-damage|p1a: Entei|0 fnt
|faint|p1a: Entei
|
|upkeep
|choice|switch 6|
|
|switch|p1a: Klefki|Klefki, F|255\/255
|-damage|p1a: Klefki|240\/255|[from] Stealth Rock
|-activate|p1a: Klefki|move: Sticky Web
|-unboost|p1a: Klefki|spe|1
|turn|39
|choice|move dazzlinggleam|move scald
|
|move|p1a: Klefki|Dazzling Gleam|p2a: Empoleon
|-resisted|p2a: Empoleon
|-damage|p2a: Empoleon|9\/372 par
|move|p2a: Empoleon|Scald|p1a: Klefki
|-damage|p1a: Klefki|5\/255
|
|-heal|p1a: Klefki|20\/255|[from] item: Leftovers
|upkeep
|turn|40
|c| TheChefBoyardee|gee gee
|choice|move dazzlinggleam|move scald
|
|move|p1a: Klefki|Dazzling Gleam|p2a: Empoleon
|-resisted|p2a: Empoleon
|-damage|p2a: Empoleon|0 fnt
|faint|p2a: Empoleon
|
|-heal|p1a: Klefki|35\/255|[from] item: Leftovers
|upkeep
|c|☆Antbo-Robin|GG
|choice||switch 6
|
|switch|p2a: Entei|Entei, shiny|371\/371
|-ability|p2a: Entei|Pressure
|turn|41
|j|Ayumukota
|choice|move thunderwave|move flareblitz
|
|move|p1a: Klefki|Thunder Wave|p2a: Entei
|-status|p2a: Entei|par
|cant|p2a: Entei|par
|
|-heal|p1a: Klefki|50\/255|[from] item: Leftovers
|upkeep
|turn|42
|choice|move dazzlinggleam|move flareblitz
|
|move|p1a: Klefki|Dazzling Gleam|p2a: Entei
|-resisted|p2a: Entei
|-damage|p2a: Entei|326\/371 par
|move|p2a: Entei|Flare Blitz|p1a: Klefki
|-supereffective|p1a: Klefki
|-damage|p1a: Klefki|0 fnt
|-damage|p2a: Entei|309\/371 par|[from] Recoil|[of] p1a: Klefki
|faint|p1a: Klefki
|
|win|Antbo-Robin</script>
</div>
<div class="battle-log battle-log-inline"><div class="inner"><div class="battle-options"></div><div class="inner"><div class="chat"><small>xRebel_Kamen joined.</small></div><div class="chat"><small>Antbo-Robin joined.</small></div><div class=""><small>Format:</small> <br><strong>UU</strong></div><div class=""><small><em>Sleep Clause Mod:</em> Limit one foe put to sleep</small></div><div class=""><small><em>Species Clause:</em> Limit one of each Pokémon</small></div><div class=""><small><em>OHKO Clause:</em> OHKO moves are banned</small></div><div class=""><small><em>Moody Clause:</em> Moody is banned</small></div><div class=""><small><em>Evasion Moves Clause:</em> Evasion moves are banned</small></div><div class=""><small><em>Endless Battle Clause:</em> Forcing endless battles is banned</small></div><div class=""><small><em>HP Percentage Mod:</em> HP is shown in percentages</small></div><div class=""><small><em>Swagger Clause:</em> Swagger is banned</small></div><div class=""><small><em>Baton Pass Clause:</em> Limit one Baton Passer, can't pass Spe and other stats simultaneously</small></div><div class="chat battle-history"><strong>xRebel_Kamen's team:</strong> <em style="color:#445566;display:block;">Suicune / Sharpedo / Nidoking / Sceptile / Entei / Klefki</em></div><div class="chat battle-history"><strong>Antbo-Robin's team:</strong> <em style="color:#445566;display:block;">Entei / Empoleon / Chesnaught / Shuckle / Krookodile / Sylveon</em></div><div class="chat"><small>TheChefBoyardee joined.</small></div><div class="chat chatmessage-antborobin"><strong style="color:hsl(182,60%,37.333333333333336%)"><small>☆</small><span class="username" data-name="Antbo-Robin">Antbo-Robin</span>:</strong> <em>GL HF</em></div><div class="spacer battle-history"><br></div><div class="battle-history">Battle started between xRebel_Kamen and Antbo-Robin!<br></div><div class="spacer battle-history"><br></div><div class="battle-history">Go! <strong>Klefki</strong>!<br></div><div class="spacer battle-history"><br></div><div class="battle-history">Antbo-Robin sent out <strong>Empoleon</strong>!<br></div><div class="spacer battle-history"><br></div><h2 class="battle-history">Turn 1</h2><div class="chat"><small>King_Swishhh joined.</small></div><div class="spacer battle-history"><br></div><div class="battle-history">Klefki used <strong>Magic Coat</strong>!<br></div><div class="battle-history"><small>Klefki shrouded itself with Magic Coat!</small><br></div><div class="spacer battle-history"><br></div><div class="battle-history">The opposing Empoleon used <strong>Stealth Rock</strong>!<br></div><div class="spacer battle-history"><br></div><div class="battle-history">Klefki bounced the Stealth Rock back!<br></div><div class="battle-history"><small>Pointed stones float in the air around the opposing team!</small><br></div><div class="spacer battle-history"><br></div><h2 class="battle-history">Turn 2</h2><div class="chat"><small>VocaloidChan1 joined.</small></div><div class="spacer battle-history"><br></div><div class="battle-history">Klefki used <strong>Switcheroo</strong>!<br></div><div class="battle-history"><small>Klefki switched items with its target!</small><br></div><div class="battle-history"><small>The opposing Empoleon obtained one Power Bracer.</small><br></div><div class="battle-history"><small>Klefki obtained one Leftovers.</small><br></div><div class="spacer battle-history"><br></div><div class="battle-history">The opposing Empoleon used <strong>Defog</strong>!<br></div><div class="battle-history"><small>Klefki's evasiveness fell!</small><br></div><div class="battle-history"><small>The pointed stones disappeared from around the opposing team!</small><br></div><div class="spacer battle-history"><br></div><h2 class="battle-history">Turn 3</h2><div class="spacer battle-history"><br></div><div class="battle-history">Klefki used <strong>Thunder Wave</strong>!<br></div><div class="battle-history"><small>The opposing Empoleon is paralyzed! It may be unable to move!</small><br></div><div class="spacer battle-history"><br></div><div class="battle-history">The opposing Empoleon used <strong>Stealth Rock</strong>!<br></div><div class="battle-history"><small>Pointed stones float in the air around your team!</small><br></div><div class="spacer battle-history"><br></div><h2 class="battle-history">Turn 4</h2><div class="spacer battle-history"><br></div><div class="battle-history">Antbo-Robin withdrew Empoleon!<br></div><div class="battle-history">Antbo-Robin sent out <strong>Shuckle</strong>!<br></div><div class="spacer battle-history"><br></div><div class="battle-history">Klefki used <strong>Magic Coat</strong>!<br></div><div class="battle-history"><small>Klefki shrouded itself with Magic Coat!</small><br></div><div class="spacer battle-history"><br></div><h2 class="battle-history">Turn 5</h2><div class="spacer battle-history"><br></div><div class="battle-history">Klefki, come back!<br></div><div class="battle-history">Go! <strong>Suicune</strong>!<br></div><div class="battle-history"><small>Pointed stones dug into Suicune!</small><br></div><div class="battle-history"><small>[Suicune's Pressure]</small><br><small>Suicune is exerting its pressure!</small><br></div><div class="spacer battle-history"><br></div><div class="battle-history">The opposing Shuckle used <strong>Sticky Web</strong>!<br></div><div class="battle-history"><small>A sticky web spreads out on the ground around your team!</small><br></div><div class="spacer battle-history"><br></div><div class="battle-history"><small>Suicune restored a little HP using its Leftovers!</small><br></div><div class="spacer battle-history"><br></div><h2 class="battle-history">Turn 6</h2><div class="spacer battle-history"><br></div><div class="battle-history">Suicune used <strong>Calm Mind</strong>!<br></div><div class="battle-history"><small>Suicune's Special Attack rose!</small><br></div><div class="battle-history"><small>Suicune's Special Defense rose!</small><br></div><div class="spacer battle-history"><br></div><div class="battle-history">The opposing Shuckle used <strong>Toxic</strong>!<br></div><div class="battle-history"><small>Suicune avoided the attack!</small><br></div><div class="spacer battle-history"><br></div><div class="battle-history"><small>Suicune restored a little HP using its Leftovers!</small><br></div><div class="spacer battle-history"><br></div><h2 class="battle-history">Turn 7</h2><div class="spacer battle-history"><br></div><div class="battle-history">Suicune used <strong>Calm Mind</strong>!<br></div><div class="battle-history"><small>Suicune's Special Attack rose!</small><br></div><div class="battle-history"><small>Suicune's Special Defense rose!</small><br></div><div class="spacer battle-history"><br></div><div class="battle-history">The opposing Shuckle used <strong>Toxic</strong>!<br></div><div class="battle-history"><small>Suicune was badly poisoned!</small><br></div><div class="spacer battle-history"><br></div><div class="battle-history"><small>Suicune was hurt by poison!</small><br></div><div class="spacer battle-history"><br></div><h2 class="battle-history">Turn 8</h2><div class="spacer battle-history"><br></div><div class="battle-history">Suicune used <strong>Calm Mind</strong>!<br></div><div class="battle-history"><small>Suicune's Special Attack rose!</small><br></div><div class="battle-history"><small>Suicune's Special Defense rose!</small><br></div><div class="spacer battle-history"><br></div><div class="battle-history">The opposing Shuckle used <strong>Body Slam</strong>!<br></div><div class="battle-history"><small>(Suicune lost <abbr title="−11/404">2.7%</abbr> of its health!)</small><br></div><div class="spacer battle-history"><br></div><div class="battle-history"><small>Suicune restored a little HP using its Leftovers!</small><br></div><div class="battle-history"><small>Suicune was hurt by poison!</small><br></div><div class="spacer battle-history"><br></div><h2 class="battle-history">Turn 9</h2><div class="spacer battle-history"><br></div><div class="battle-history">Antbo-Robin withdrew Shuckle!<br></div><div class="battle-history">Antbo-Robin sent out <strong>Chesnaught</strong>!<br></div><div class="spacer battle-history"><br></div><div class="battle-history">Suicune used <strong>Calm Mind</strong>!<br></div><div class="battle-history"><small>Suicune's Special Attack rose!</small><br></div><div class="battle-history"><small>Suicune's Special Defense rose!</small><br></div><div class="spacer battle-history"><br></div><div class="battle-history"><small>Suicune restored a little HP using its Leftovers!</small><br></div><div class="battle-history"><small>Suicune was hurt by poison!</small><br></div><div class="spacer battle-history"><br></div><h2 class="battle-history">Turn 10</h2><div class="spacer battle-history"><br></div><div class="battle-history">Suicune used <strong>Scald</strong>!<br></div><div class="battle-history"><small>It's not very effective...</small><br></div><div class="battle-history"><small>(The opposing Chesnaught lost <abbr title="−162/380">42.6%</abbr> of its health!)</small><br></div><div class="spacer battle-history"><br></div><div class="battle-history">The opposing Chesnaught used <strong>Leech Seed</strong>!<br></div><div class="battle-history"><small>Suicune avoided the attack!</small><br></div><div class="spacer battle-history"><br></div><div class="battle-history"><small>Suicune restored a little HP using its Leftovers!</small><br></div><div class="battle-history"><small>The opposing Chesnaught restored a little HP using its Leftovers!</small><br></div><div class="battle-history"><small>Suicune was hurt by poison!</small><br></div><div class="spacer battle-history"><br></div><h2 class="battle-history">Turn 11</h2><div class="spacer battle-history"><br></div><div class="battle-history">Suicune used <strong>Rest</strong>!<br></div><div class="battle-history"><small>Suicune fell asleep!</small><br></div><div class="battle-history"><small>Suicune slept and became healthy!</small><br></div><div class="spacer battle-history"><br></div><div class="battle-history">The opposing Chesnaught used <strong>Leech Seed</strong>!<br></div><div class="battle-history"><small>Suicune was seeded!</small><br></div><div class="spacer battle-history"><br></div><div class="battle-history"><small>The opposing Chesnaught restored a little HP using its Leftovers!</small><br></div><div class="battle-history"><small>Suicune's health is sapped by Leech Seed!</small><br></div><div class="spacer battle-history"><br></div><h2 class="battle-history">Turn 12</h2><div class="chat"><small>King_Swishhh left.</small></div><div class="spacer battle-history"><br></div><div class="battle-history">Suicune is fast asleep.<br></div><div class="spacer battle-history"><br></div><div class="battle-history">Suicune used <strong>Sleep Talk</strong>!<br></div><div class="spacer battle-history"><br></div><div class="battle-history">Suicune used <strong>Scald</strong>!<br></div><div class="battle-history"><small>It's not very effective...</small><br></div><div class="battle-history"><small>(The opposing Chesnaught lost <abbr title="−168/380">44.2%</abbr> of its health!)</small><br></div><div class="spacer battle-history"><br></div><div class="battle-history">The opposing Chesnaught used <strong>Wood Hammer</strong>!<br></div><div class="battle-history"><small>It's super effective!</small><br></div><div class="battle-history"><small>(Suicune lost <abbr title="−198/404">49.0%</abbr> of its health!)</small><br></div><div class="battle-history"><small>The opposing Chesnaught is damaged by the recoil!</small><br></div><div class="spacer battle-history"><br></div><div class="battle-history"><small>Suicune restored a little HP using its Leftovers!</small><br></div><div class="battle-history"><small>The opposing Chesnaught restored a little HP using its Leftovers!</small><br></div><div class="battle-history"><small>Suicune's health is sapped by Leech Seed!</small><br></div><div class="spacer battle-history"><br></div><h2 class="battle-history">Turn 13</h2><div class="spacer battle-history"><br></div><div class="battle-history">Antbo-Robin withdrew Chesnaught!<br></div><div class="battle-history">Antbo-Robin sent out <strong>Empoleon</strong>!<br></div><div class="spacer battle-history"><br></div><div class="battle-history">Suicune is fast asleep.<br></div><div class="spacer battle-history"><br></div><div class="battle-history">Suicune used <strong>Sleep Talk</strong>!<br></div><div class="spacer battle-history"><br></div><div class="battle-history">Suicune used <strong>Scald</strong>!<br></div><div class="battle-history"><small>It's not very effective...</small><br></div><div class="battle-history"><small>(The opposing Empoleon lost <abbr title="−133/372">35.8%</abbr> of its health!)</small><br></div><div class="spacer battle-history"><br></div><div class="battle-history"><small>Suicune restored a little HP using its Leftovers!</small><br></div><div class="battle-history"><small>Suicune's health is sapped by Leech Seed!</small><br></div><div class="spacer battle-history"><br></div><h2 class="battle-history">Turn 14</h2><div class="spacer battle-history"><br></div><div class="battle-history">Antbo-Robin withdrew Empoleon!<br></div><div class="battle-history">Antbo-Robin sent out <strong>Sylveon</strong>!<br></div><div class="battle-history"><small>Suicune woke up!</small><br></div><div class="spacer battle-history"><br></div><div class="battle-history">Suicune used <strong>Rest</strong>!<br></div><div class="battle-history"><small>Suicune fell asleep!</small><br></div><div class="battle-history"><small>Suicune slept and became healthy!</small><br></div><div class="spacer battle-history"><br></div><div class="battle-history"><small>Suicune's health is sapped by Leech Seed!</small><br></div><div class="spacer battle-history"><br></div><h2 class="battle-history">Turn 15</h2><div class="spacer battle-history"><br></div><div class="battle-history">Suicune is fast asleep.<br></div><div class="spacer battle-history"><br></div><div class="battle-history">Suicune used <strong>Sleep Talk</strong>!<br></div><div class="spacer battle-history"><br></div><div class="battle-history">Suicune used <strong>Rest</strong>!<br></div><div class="battle-history"><small>But it failed!</small><br></div><div class="spacer battle-history"><br></div><div class="battle-history">The opposing Sylveon used <strong>Calm Mind</strong>!<br></div><div class="battle-history"><small>The opposing Sylveon's Special Attack rose!</small><br></div><div class="battle-history"><small>The opposing Sylveon's Special Defense rose!</small><br></div><div class="spacer battle-history"><br></div><div class="battle-history"><small>Suicune restored a little HP using its Leftovers!</small><br></div><div class="battle-history"><small>Suicune's health is sapped by Leech Seed!</small><br></div><div class="spacer battle-history"><br></div><h2 class="battle-history">Turn 16</h2><div class="chat"><small>King_Swishhh joined.</small></div><div class="spacer battle-history"><br></div><div class="battle-history">Suicune is fast asleep.<br></div><div class="spacer battle-history"><br></div><div class="battle-history">Suicune used <strong>Sleep Talk</strong>!<br></div><div class="spacer battle-history"><br></div><div class="battle-history">Suicune used <strong>Rest</strong>!<br></div><div class="battle-history"><small>But it failed!</small><br></div><div class="spacer battle-history"><br></div><div class="battle-history">The opposing Sylveon used <strong>Calm Mind</strong>!<br></div><div class="battle-history"><small>The opposing Sylveon's Special Attack rose!</small><br></div><div class="battle-history"><small>The opposing Sylveon's Special Defense rose!</small><br></div><div class="spacer battle-history"><br></div><div class="battle-history"><small>Suicune restored a little HP using its Leftovers!</small><br></div><div class="battle-history"><small>Suicune's health is sapped by Leech Seed!</small><br></div><div class="spacer battle-history"><br></div><h2 class="battle-history">Turn 17</h2><div class="spacer battle-history"><br></div><div class="battle-history"><small>Suicune woke up!</small><br></div><div class="spacer battle-history"><br></div><div class="battle-history">Suicune used <strong>Scald</strong>!<br></div><div class="battle-history"><small>(The opposing Sylveon lost <abbr title="−99/331">29.9%</abbr> of its health!)</small><br></div><div class="battle-history"><small>The opposing Sylveon was burned!</small><br></div><div class="spacer battle-history"><br></div><div class="battle-history">The opposing Sylveon used <strong>Calm Mind</strong>!<br></div><div class="battle-history"><small>The opposing Sylveon's Special Attack rose!</small><br></div><div class="battle-history"><small>The opposing Sylveon's Special Defense rose!</small><br></div><div class="spacer battle-history"><br></div><div class="battle-history"><small>Suicune restored a little HP using its Leftovers!</small><br></div><div class="battle-history"><small>The opposing Sylveon restored a little HP using its Leftovers!</small><br></div><div class="battle-history"><small>Suicune's health is sapped by Leech Seed!</small><br></div><div class="battle-history"><small>The opposing Sylveon was hurt by its burn!</small><br></div><div class="spacer battle-history"><br></div><h2 class="battle-history">Turn 18</h2><div class="spacer battle-history"><br></div><div class="battle-history">Suicune used <strong>Scald</strong>!<br></div><div class="battle-history"><small>(The opposing Sylveon lost <abbr title="−81/331">24.5%</abbr> of its health!)</small><br></div><div class="spacer battle-history"><br></div><div class="battle-history">The opposing Sylveon used <strong>Calm Mind</strong>!<br></div><div class="battle-history"><small>The opposing Sylveon's Special Attack rose!</small><br></div><div class="battle-history"><small>The opposing Sylveon's Special Defense rose!</small><br></div><div class="spacer battle-history"><br></div><div class="battle-history"><small>Suicune restored a little HP using its Leftovers!</small><br></div><div class="battle-history"><small>The opposing Sylveon restored a little HP using its Leftovers!</small><br></div><div class="battle-history"><small>Suicune's health is sapped by Leech Seed!</small><br></div><div class="battle-history"><small>The opposing Sylveon was hurt by its burn!</small><br></div><div class="spacer battle-history"><br></div><h2 class="battle-history">Turn 19</h2><div class="spacer battle-history"><br></div><div class="battle-history">Suicune used <strong>Scald</strong>!<br></div><div class="battle-history"><small>(The opposing Sylveon lost <abbr title="−70/331">21.1%</abbr> of its health!)</small><br></div><div class="spacer battle-history"><br></div><div class="battle-history">The opposing Sylveon used <strong>Hyper Voice</strong>!<br></div><div class="battle-history"><small>(Suicune lost <abbr title="−142/404">35.1%</abbr> of its health!)</small><br></div><div class="spacer battle-history"><br></div><div class="battle-history"><small>Suicune restored a little HP using its Leftovers!</small><br></div><div class="battle-history"><small>The opposing Sylveon restored a little HP using its Leftovers!</small><br></div><div class="battle-history"><small>Suicune's health is sapped by Leech Seed!</small><br></div><div class="battle-history"><small>The opposing Sylveon was hurt by its burn!</small><br></div><div class="spacer battle-history"><br></div><h2 class="battle-history">Turn 20</h2><div class="spacer battle-history"><br></div><div class="battle-history">Suicune used <strong>Rest</strong>!<br></div><div class="battle-history"><small>Suicune fell asleep!</small><br></div><div class="battle-history"><small>Suicune slept and became healthy!</small><br></div><div class="spacer battle-history"><br></div><div class="battle-history">The opposing Sylveon used <strong>Hyper Voice</strong>!<br></div><div class="battle-history"><small>(Suicune lost <abbr title="−132/404">32.7%</abbr> of its health!)</small><br></div><div class="spacer battle-history"><br></div><div class="battle-history"><small>Suicune restored a little HP using its Leftovers!</small><br></div><div class="battle-history"><small>The opposing Sylveon restored a little HP using its Leftovers!</small><br></div><div class="battle-history"><small>Suicune's health is sapped by Leech Seed!</small><br></div><div class="battle-history"><small>The opposing Sylveon was hurt by its burn!</small><br></div><div class="spacer battle-history"><br></div><h2 class="battle-history">Turn 21</h2><div class="spacer battle-history"><br></div><div class="battle-history">Suicune is fast asleep.<br></div><div class="spacer battle-history"><br></div><div class="battle-history">Suicune used <strong>Sleep Talk</strong>!<br></div><div class="spacer battle-history"><br></div><div class="battle-history">Suicune used <strong>Calm Mind</strong>!<br></div><div class="battle-history"><small>Suicune's Special Attack rose!</small><br></div><div class="battle-history"><small>Suicune's Special Defense rose!</small><br></div><div class="spacer battle-history"><br></div><div class="battle-history">The opposing Sylveon used <strong>Calm Mind</strong>!<br></div><div class="battle-history"><small>The opposing Sylveon's Special Attack rose!</small><br></div><div class="battle-history"><small>The opposing Sylveon's Special Defense rose!</small><br></div><div class="spacer battle-history"><br></div><div class="battle-history"><small>Suicune restored a little HP using its Leftovers!</small><br></div><div class="battle-history"><small>The opposing Sylveon restored a little HP using its Leftovers!</small><br></div><div class="battle-history"><small>Suicune's health is sapped by Leech Seed!</small><br></div><div class="battle-history"><small>The opposing Sylveon was hurt by its burn!</small><br></div><div class="spacer battle-history"><br></div><h2 class="battle-history">Turn 22</h2><div class="spacer battle-history"><br></div><div class="battle-history">Suicune is fast asleep.<br></div><div class="spacer battle-history"><br></div><div class="battle-history">The opposing Sylveon used <strong>Calm Mind</strong>!<br></div><div class="battle-history"><small>The opposing Sylveon's Special Attack rose!</small><br></div><div class="battle-history"><small>The opposing Sylveon's Special Defense rose!</small><br></div><div class="spacer battle-history"><br></div><div class="battle-history"><small>Suicune restored a little HP using its Leftovers!</small><br></div><div class="battle-history"><small>The opposing Sylveon restored a little HP using its Leftovers!</small><br></div><div class="battle-history"><small>Suicune's health is sapped by Leech Seed!</small><br></div><div class="battle-history"><small>The opposing Sylveon was hurt by its burn!</small><br></div><div class="spacer battle-history"><br></div><h2 class="battle-history">Turn 23</h2><div class="spacer battle-history"><br></div><div class="battle-history"><small>Suicune woke up!</small><br></div><div class="spacer battle-history"><br></div><div class="battle-history">Suicune used <strong>Scald</strong>!<br></div><div class="battle-history"><small>(The opposing Sylveon lost <abbr title="−60/331">18.1%</abbr> of its health!)</small><br></div><div class="spacer battle-history"><br></div><div class="battle-history">The opposing Sylveon used <strong>Hyper Voice</strong>!<br></div><div class="battle-history"><small>(Suicune lost <abbr title="−148/404">36.6%</abbr> of its health!)</small><br></div><div class="spacer battle-history"><br></div><div class="battle-history"><small>Suicune restored a little HP using its Leftovers!</small><br></div><div class="battle-history"><small>The opposing Sylveon restored a little HP using its Leftovers!</small><br></div><div class="battle-history"><small>Suicune's health is sapped by Leech Seed!</small><br></div><div class="battle-history"><small>The opposing Sylveon was hurt by its burn!</small><br></div><div class="spacer battle-history"><br></div><h2 class="battle-history">Turn 24</h2><div class="spacer battle-history"><br></div><div class="battle-history">Suicune used <strong>Rest</strong>!<br></div><div class="battle-history"><small>Suicune fell asleep!</small><br></div><div class="battle-history"><small>Suicune slept and became healthy!</small><br></div><div class="spacer battle-history"><br></div><div class="battle-history">The opposing Sylveon used <strong>Hyper Voice</strong>!<br></div><div class="battle-history"><small>(Suicune lost <abbr title="−151/404">37.4%</abbr> of its health!)</small><br></div><div class="spacer battle-history"><br></div><div class="battle-history"><small>Suicune restored a little HP using its Leftovers!</small><br></div><div class="battle-history"><small>The opposing Sylveon restored a little HP using its Leftovers!</small><br></div><div class="battle-history"><small>Suicune's health is sapped by Leech Seed!</small><br></div><div class="battle-history"><small>The opposing Sylveon was hurt by its burn!</small><br></div><div class="spacer battle-history"><br></div><h2 class="battle-history">Turn 25</h2><div class="spacer battle-history"><br></div><div class="battle-history">Suicune is fast asleep.<br></div><div class="spacer battle-history"><br></div><div class="battle-history">Suicune used <strong>Sleep Talk</strong>!<br></div><div class="spacer battle-history"><br></div><div class="battle-history">Suicune used <strong>Calm Mind</strong>!<br></div><div class="battle-history"><small>Suicune's Special Attack rose!</small><br></div><div class="battle-history"><small>Suicune's Special Defense rose!</small><br></div><div class="spacer battle-history"><br></div><div class="battle-history">The opposing Sylveon used <strong>Hyper Voice</strong>!<br></div><div class="battle-history"><small>(Suicune lost <abbr title="−136/404">33.7%</abbr> of its health!)</small><br></div><div class="spacer battle-history"><br></div><div class="battle-history"><small>Suicune restored a little HP using its Leftovers!</small><br></div><div class="battle-history"><small>The opposing Sylveon restored a little HP using its Leftovers!</small><br></div><div class="battle-history"><small>Suicune's health is sapped by Leech Seed!</small><br></div><div class="battle-history"><small>The opposing Sylveon was hurt by its burn!</small><br></div><div class="spacer battle-history"><br></div><h2 class="battle-history">Turn 26</h2><div class="spacer battle-history"><br></div><div class="battle-history">Suicune is fast asleep.<br></div><div class="spacer battle-history"><br></div><div class="battle-history">Suicune used <strong>Sleep Talk</strong>!<br></div><div class="spacer battle-history"><br></div><div class="battle-history">Suicune used <strong>Rest</strong>!<br></div><div class="battle-history"><small>But it failed!</small><br></div><div class="spacer battle-history"><br></div><div class="battle-history">The opposing Sylveon used <strong>Hyper Voice</strong>!<br></div><div class="battle-history"><small>(Suicune lost <abbr title="−67/404">16.6%</abbr> of its health!)</small><br></div><div class="spacer battle-history"><br></div><div class="battle-history">Suicune fainted!<br></div><div class="spacer battle-history"><br></div><div class="battle-history"><small>The opposing Sylveon restored a little HP using its Leftovers!</small><br></div><div class="battle-history"><small>The opposing Sylveon was hurt by its burn!</small><br></div><div class="spacer battle-history"><br></div><div class="battle-history">Go! <strong>Nidoking</strong>!<br></div><div class="battle-history"><small>Nidoking was caught in a sticky web!</small><br></div><div class="battle-history"><small>Nidoking's Speed fell!</small><br></div><div class="battle-history"><small>Pointed stones dug into Nidoking!</small><br></div><div class="spacer battle-history"><br></div><h2 class="battle-history">Turn 27</h2><div class="spacer battle-history"><br></div><div class="battle-history">Nidoking used <strong>Poison Jab</strong>!<br></div><div class="battle-history"><small>It's super effective!</small><br></div><div class="battle-history"><small>(The opposing Sylveon lost <abbr title="−261/331">78.9%</abbr> of its health!)</small><br></div><div class="spacer battle-history"><br></div><div class="battle-history">The opposing Sylveon fainted!<br></div><div class="spacer battle-history"><br></div><div class="battle-history">Antbo-Robin sent out <strong>Krookodile</strong>!<br></div><div class="spacer battle-history"><br></div><h2 class="battle-history">Turn 28</h2><div class="spacer battle-history"><br></div><div class="battle-history">The opposing Krookodile used <strong>Earthquake</strong>!<br></div><div class="battle-history"><small>It's super effective!</small><br></div><div class="battle-history"><small>(Nidoking lost <abbr title="−285/303">94.1%</abbr> of its health!)</small><br></div><div class="spacer battle-history"><br></div><div class="battle-history">Nidoking fainted!<br></div><div class="battle-history"><small>[The opposing Krookodile's Moxie]</small><br></div><div class="battle-history"><small>The opposing Krookodile's Attack rose!</small><br></div><div class="spacer battle-history"><br></div><div class="battle-history">Go! <strong>Sceptile</strong>!<br></div><div class="battle-history"><small>Sceptile was caught in a sticky web!</small><br></div><div class="battle-history"><small>Sceptile's Speed fell!</small><br></div><div class="battle-history"><small>Pointed stones dug into Sceptile!</small><br></div><div class="spacer battle-history"><br></div><h2 class="battle-history">Turn 29</h2><div class="spacer battle-history"><br></div><div class="battle-history"><small>Sceptile's Sceptilite is reacting to xRebel_Kamen's Mega Bracelet!</small><br>Sceptile has Mega Evolved into Mega Sceptile!<br></div><div class="spacer battle-history"><br></div><div class="battle-history">Sceptile used <strong>Leaf Storm</strong>!<br></div><div class="battle-history"><small>It's super effective!</small><br></div><div class="battle-history"><small>(The opposing Krookodile lost <abbr title="−394/394">100%</abbr> of its health!)</small><br></div><div class="battle-history"><small>Sceptile's Special Attack fell harshly!</small><br></div><div class="spacer battle-history"><br></div><div class="battle-history">The opposing Krookodile fainted!<br></div><div class="spacer battle-history"><br></div><div class="battle-history">Antbo-Robin sent out <strong>Entei</strong>!<br></div><div class="battle-history"><small>[The opposing Entei's Pressure]</small><br><small>The opposing Entei is exerting its pressure!</small><br></div><div class="spacer battle-history"><br></div><h2 class="battle-history">Turn 30</h2><div class="spacer battle-history"><br></div><div class="battle-history">The opposing Entei used <strong>Sacred Fire</strong>!<br></div><div class="battle-history"><small>(Sceptile lost <abbr title="−246/281">87.5%</abbr> of its health!)</small><br></div><div class="spacer battle-history"><br></div><div class="battle-history">Sceptile fainted!<br></div><div class="spacer battle-history"><br></div><div class="battle-history">Go! <strong>Sharpedo</strong>!<br></div><div class="battle-history"><small>Pointed stones dug into Sharpedo!</small><br></div><div class="battle-history"><small>Sharpedo was caught in a sticky web!</small><br></div><div class="battle-history"><small>Sharpedo's Speed fell!</small><br></div><div class="spacer battle-history"><br></div><h2 class="battle-history">Turn 31</h2><div class="spacer battle-history"><br></div><div class="battle-history">Antbo-Robin withdrew Entei!<br></div><div class="battle-history">Antbo-Robin sent out <strong>Empoleon</strong>!<br></div><div class="spacer battle-history"><br></div><div class="battle-history">Sharpedo used <strong>Protect</strong>!<br></div><div class="battle-history"><small>But it failed!</small><br></div><div class="spacer battle-history"><br></div><div class="battle-history"><small>[Sharpedo's Speed Boost]</small><br></div><div class="battle-history"><small>Sharpedo's Speed rose!</small><br></div><div class="spacer battle-history"><br></div><h2 class="battle-history">Turn 32</h2><div class="spacer battle-history"><br></div><div class="battle-history">Antbo-Robin withdrew Empoleon!<br></div><div class="battle-history">Antbo-Robin sent out <strong>Chesnaught</strong>!<br></div><div class="spacer battle-history"><br></div><div class="battle-history">Sharpedo used <strong>Crunch</strong>!<br></div><div class="battle-history"><small>It's not very effective...</small><br></div><div class="battle-history"><small>(The opposing Chesnaught lost <abbr title="−47/380">12.4%</abbr> of its health!)</small><br></div><div class="battle-history"><small>Sharpedo lost some of its HP!</small><br></div><div class="spacer battle-history"><br></div><div class="battle-history"><small>The opposing Chesnaught restored a little HP using its Leftovers!</small><br></div><div class="battle-history"><small>[Sharpedo's Speed Boost]</small><br></div><div class="battle-history"><small>Sharpedo's Speed rose!</small><br></div><div class="spacer battle-history"><br></div><h2 class="battle-history">Turn 33</h2><div class="spacer battle-history"><br></div><div class="battle-history">Sharpedo used <strong>Crunch</strong>!<br></div><div class="battle-history"><small>It's not very effective...</small><br></div><div class="battle-history"><small>(The opposing Chesnaught lost <abbr title="−53/380">13.9%</abbr> of its health!)</small><br></div><div class="battle-history"><small>The opposing Chesnaught's Defense fell!</small><br></div><div class="battle-history"><small>Sharpedo lost some of its HP!</small><br></div><div class="spacer battle-history"><br></div><div class="battle-history">The opposing Chesnaught used <strong>Leech Seed</strong>!<br></div><div class="battle-history"><small>Sharpedo was seeded!</small><br></div><div class="spacer battle-history"><br></div><div class="battle-history"><small>The opposing Chesnaught restored a little HP using its Leftovers!</small><br></div><div class="battle-history"><small>Sharpedo's health is sapped by Leech Seed!</small><br></div><div class="battle-history"><small>[Sharpedo's Speed Boost]</small><br></div><div class="battle-history"><small>Sharpedo's Speed rose!</small><br></div><div class="spacer battle-history"><br></div><h2 class="battle-history">Turn 34</h2><div class="spacer battle-history"><br></div><div class="battle-history">The opposing Chesnaught used <strong>Spiky Shield</strong>!<br></div><div class="battle-history"><small>The opposing Chesnaught protected itself!</small><br></div><div class="spacer battle-history"><br></div><div class="battle-history">Sharpedo used <strong>Crunch</strong>!<br></div><div class="battle-history"><small>The opposing Chesnaught protected itself!</small><br></div><div class="battle-history"><small>Sharpedo was hurt!</small><br></div><div class="spacer battle-history"><br></div><div class="battle-history"><small>The opposing Chesnaught restored a little HP using its Leftovers!</small><br></div><div class="battle-history"><small>Sharpedo's health is sapped by Leech Seed!</small><br></div><div class="battle-history"><small>[Sharpedo's Speed Boost]</small><br></div><div class="battle-history"><small>Sharpedo's Speed rose!</small><br></div><div class="spacer battle-history"><br></div><h2 class="battle-history">Turn 35</h2><div class="spacer battle-history"><br></div><div class="battle-history">Sharpedo used <strong>Crunch</strong>!<br></div><div class="battle-history"><small>It's not very effective...</small><br></div><div class="battle-history"><small>(The opposing Chesnaught lost <abbr title="−71/380">18.7%</abbr> of its health!)</small><br></div><div class="battle-history"><small>Sharpedo lost some of its HP!</small><br></div><div class="spacer battle-history"><br></div><div class="battle-history">The opposing Chesnaught used <strong>Drain Punch</strong>!<br></div><div class="battle-history"><small>It's super effective!</small><br></div><div class="battle-history"><small>(Sharpedo lost <abbr title="−70/344">20.3%</abbr> of its health!)</small><br></div><div class="battle-history"><small>Sharpedo had its energy drained!</small><br></div><div class="spacer battle-history"><br></div><div class="battle-history">Sharpedo fainted!<br></div><div class="spacer battle-history"><br></div><div class="battle-history"><small>The opposing Chesnaught restored a little HP using its Leftovers!</small><br></div><div class="spacer battle-history"><br></div><div class="battle-history">Go! <strong>Entei</strong>!<br></div><div class="battle-history"><small>Pointed stones dug into Entei!</small><br></div><div class="battle-history"><small>Entei was caught in a sticky web!</small><br></div><div class="battle-history"><small>Entei's Speed fell!</small><br></div><div class="battle-history"><small>[Entei's Pressure]</small><br><small>Entei is exerting its pressure!</small><br></div><div class="spacer battle-history"><br></div><h2 class="battle-history">Turn 36</h2><div class="spacer battle-history"><br></div><div class="battle-history">The opposing Chesnaught used <strong>Spiky Shield</strong>!<br></div><div class="battle-history"><small>The opposing Chesnaught protected itself!</small><br></div><div class="spacer battle-history"><br></div><div class="battle-history">Entei used <strong>Sacred Fire</strong>!<br></div><div class="battle-history"><small>The opposing Chesnaught protected itself!</small><br></div><div class="spacer battle-history"><br></div><div class="battle-history"><small>The opposing Chesnaught restored a little HP using its Leftovers!</small><br></div><div class="spacer battle-history"><br></div><h2 class="battle-history">Turn 37</h2><div class="spacer battle-history"><br></div><div class="battle-history">Antbo-Robin withdrew Chesnaught!<br></div><div class="battle-history">Antbo-Robin sent out <strong>Empoleon</strong>!<br></div><div class="spacer battle-history"><br></div><div class="battle-history">Entei used <strong>Sacred Fire</strong>!<br></div><div class="battle-history"><small>(The opposing Empoleon lost <abbr title="−186/372">50%</abbr> of its health!)</small><br></div><div class="spacer battle-history"><br></div><h2 class="battle-history">Turn 38</h2><div class="spacer battle-history"><br></div><div class="battle-history">Entei used <strong>Stone Edge</strong>!<br></div><div class="battle-history"><small>It's not very effective...</small><br></div><div class="battle-history"><small>(The opposing Empoleon lost <abbr title="−58/372">15.6%</abbr> of its health!)</small><br></div><div class="spacer battle-history"><br></div><div class="battle-history">The opposing Empoleon used <strong>Scald</strong>!<br></div><div class="battle-history"><small>It's super effective!</small><br></div><div class="battle-history"><small>A critical hit!</small><br></div><div class="battle-history"><small>(Entei lost <abbr title="−279/371">75.2%</abbr> of its health!)</small><br></div><div class="spacer battle-history"><br></div><div class="battle-history">Entei fainted!<br></div><div class="spacer battle-history"><br></div><div class="battle-history">Go! <strong>Klefki</strong>!<br></div><div class="battle-history"><small>Pointed stones dug into Klefki!</small><br></div><div class="battle-history"><small>Klefki was caught in a sticky web!</small><br></div><div class="battle-history"><small>Klefki's Speed fell!</small><br></div><div class="spacer battle-history"><br></div><h2 class="battle-history">Turn 39</h2><div class="spacer battle-history"><br></div><div class="battle-history">Klefki used <strong>Dazzling Gleam</strong>!<br></div><div class="battle-history"><small>It's not very effective...</small><br></div><div class="battle-history"><small>(The opposing Empoleon lost <abbr title="−36/372">9.7%</abbr> of its health!)</small><br></div><div class="spacer battle-history"><br></div><div class="battle-history">The opposing Empoleon used <strong>Scald</strong>!<br></div><div class="battle-history"><small>(Klefki lost <abbr title="−235/255">92.2%</abbr> of its health!)</small><br></div><div class="spacer battle-history"><br></div><div class="battle-history"><small>Klefki restored a little HP using its Leftovers!</small><br></div><div class="spacer battle-history"><br></div><h2 class="battle-history">Turn 40</h2><div class="chat chatmessage-thechefboyardee"><strong style="color:hsl(122,84%,35.78093975595214%)"><small> </small><span class="username" data-name="TheChefBoyardee">TheChefBoyardee</span>:</strong> <em>gee gee</em></div><div class="spacer battle-history"><br></div><div class="battle-history">Klefki used <strong>Dazzling Gleam</strong>!<br></div><div class="battle-history"><small>It's not very effective...</small><br></div><div class="battle-history"><small>(The opposing Empoleon lost <abbr title="−9/372">2.4%</abbr> of its health!)</small><br></div><div class="spacer battle-history"><br></div><div class="battle-history">The opposing Empoleon fainted!<br></div><div class="spacer battle-history"><br></div><div class="battle-history"><small>Klefki restored a little HP using its Leftovers!</small><br></div><div class="chat chatmessage-antborobin"><strong style="color:hsl(182,60%,37.333333333333336%)"><small>☆</small><span class="username" data-name="Antbo-Robin">Antbo-Robin</span>:</strong> <em>GG</em></div><div class="spacer battle-history"><br></div><div class="battle-history">Antbo-Robin sent out <strong>Entei</strong>!<br></div><div class="battle-history"><small>[The opposing Entei's Pressure]</small><br><small>The opposing Entei is exerting its pressure!</small><br></div><div class="spacer battle-history"><br></div><h2 class="battle-history">Turn 41</h2><div class="chat"><small>Ayumukota joined.</small></div><div class="spacer battle-history"><br></div><div class="battle-history">Klefki used <strong>Thunder Wave</strong>!<br></div><div class="battle-history"><small>The opposing Entei is paralyzed! It may be unable to move!</small><br></div><div class="spacer battle-history"><br></div><div class="battle-history">The opposing Entei is paralyzed! It can't move!<br></div><div class="spacer battle-history"><br></div><div class="battle-history"><small>Klefki restored a little HP using its Leftovers!</small><br></div><div class="spacer battle-history"><br></div><h2 class="battle-history">Turn 42</h2><div class="spacer battle-history"><br></div><div class="battle-history">Klefki used <strong>Dazzling Gleam</strong>!<br></div><div class="battle-history"><small>It's not very effective...</small><br></div><div class="battle-history"><small>(The opposing Entei lost <abbr title="−45/371">12.1%</abbr> of its health!)</small><br></div><div class="spacer battle-history"><br></div><div class="battle-history">The opposing Entei used <strong>Flare Blitz</strong>!<br></div><div class="battle-history"><small>It's super effective!</small><br></div><div class="battle-history"><small>(Klefki lost <abbr title="−50/255">19.6%</abbr> of its health!)</small><br></div><div class="battle-history"><small>The opposing Entei is damaged by the recoil!</small><br></div><div class="spacer battle-history"><br></div><div class="battle-history">Klefki fainted!<br></div><div class="spacer battle-history"><br></div><div class="battle-history"><strong>Antbo-Robin</strong> won the battle!<br></div></div><div class="inner-preempt"></div></div></div>
</div>
<script>
let daily = Math.floor(Date.now()/1000/60/60/24);document.write('<script src="https://play.pokemonshowdown.com/js/replay-embed.js?version'+daily+'"></'+'script>');
</script>
