<!DOCTYPE html>
<meta charset="utf-8" />
<!-- version 1 -->
<title>UU replay: 10blast vs. Llama91</title>
<style>
html,body {font-family:Verdana, sans-serif;font-size:10pt;margin:0;padding:0;}body{padding:12px 0;} .battle-log {font-family:Verdana, sans-serif;font-size:10pt;} .battle-log-inline {border:1px solid #AAAAAA;background:#EEF2F5;color:black;max-width:640px;margin:0 auto 80px;padding-bottom:5px;} .battle-log .inner {padding:4px 8px 0px 8px;} .battle-log .inner-preempt {padding:0 8px 4px 8px;} .battle-log .inner-after {margin-top:0.5em;} .battle-log h2 {margin:0.5em -8px;padding:4px 8px;border:1px solid #AAAAAA;background:#E0E7EA;border-left:0;border-right:0;font-family:Verdana, sans-serif;font-size:13pt;} .battle-log .chat {vertical-align:middle;padding:3px 0 3px 0;font-size:8pt;} .battle-log .chat strong {color:#40576A;} .battle-log .chat em {padding:1px 4px 1px 3px;color:#000000;font-style:normal;} .chat.mine {background:rgba(0,0,0,0.05);margin-left:-8px;margin-right:-8px;padding-left:8px;padding-right:8px;} .spoiler {color:#BBBBBB;background:#BBBBBB;padding:0px 3px;} .spoiler:hover, .spoiler:active, .spoiler-shown {color:#000000;background:#E2E2E2;padding:0px 3px;} .spoiler a {color:#BBBBBB;} .spoiler:hover a, .spoiler:active a, .spoiler-shown a {color:#2288CC;} .chat code, .chat .spoiler:hover code, .chat .spoiler:active code, .chat .spoiler-shown code {border:1px solid #C0C0C0;background:#EEEEEE;color:black;padding:0 2px;} .chat .spoiler code {border:1px solid #CCCCCC;background:#CCCCCC;color:#CCCCCC;} .battle-log .rated {padding:3px 4px;} .battle-log .rated strong {color:white;background:#89A;padding:1px 4px;border-radius:4px;} .spacer {margin-top:0.5em;} .message-announce {background:#6688AA;color:white;padding:1px 4px 2px;} .message-announce a, .broadcast-green a, .broadcast-blue a, .broadcast-red a {color:#DDEEFF;} .broadcast-green {background-color:#559955;color:white;padding:2px 4px;} .broadcast-blue {background-color:#6688AA;color:white;padding:2px 4px;} .infobox {border:1px solid #6688AA;padding:2px 4px;} .infobox-limited {max-height:200px;overflow:auto;overflow-x:hidden;} .broadcast-red {background-color:#AA5544;color:white;padding:2px 4px;} .message-learn-canlearn {font-weight:bold;color:#228822;text-decoration:underline;} .message-learn-cannotlearn {font-weight:bold;color:#CC2222;text-decoration:underline;} .message-effect-weak {font-weight:bold;color:#CC2222;} .message-effect-resist {font-weight:bold;color:#6688AA;} .message-effect-immune {font-weight:bold;color:#666666;} .message-learn-list {margin-top:0;margin-bottom:0;} .message-throttle-notice, .message-error {color:#992222;} .message-overflow, .chat small.message-overflow {font-size:0pt;} .message-overflow::before {font-size:9pt;content:'...';} .subtle {color:#3A4A66;}
</style>
<div class="wrapper replay-wrapper" style="max-width:1180px;margin:0 auto">
<input type="hidden" name="replayid" value="uu-546602166" />
<div class="battle"></div><div class="battle-log"></div><div class="replay-controls"></div><div class="replay-controls-2"></div>
<h1 style="font-weight:normal;text-align:center"><strong>UU</strong><br /><a href="http://pokemonshowdown.com/users/10blast" class="subtle" target="_blank">10blast</a> vs. <a href="http://pokemonshowdown.com/users/llama91" class="subtle" target="_blank">Llama91</a></h1>
<script type="text/plain" class="battle-log-data">|j|10blast
|j|Llama91
|player|p1|10blast|68
|player|p2|Llama91|114
|gametype|singles
|gen|6
|tier|UU
|rated
|seed|33087,9118,14774,64285
|rule|Sleep Clause Mod: Limit one foe put to sleep
|rule|Species Clause: Limit one of each Pokémon
|rule|OHKO Clause: OHKO moves are banned
|rule|Moody Clause: Moody is banned
|rule|Evasion Moves Clause: Evasion moves are banned
|rule|Endless Battle Clause: Forcing endless battles is banned
|rule|HP Percentage Mod: HP is shown in percentages
|clearpoke
|poke|p1|Gallade, M|item
|poke|p1|Yanmega, M, shiny|item
|poke|p1|Froslass, F, shiny|item
|poke|p1|Donphan, F, shiny|item
|poke|p1|Florges-White, F, shiny|item
|poke|p1|Ambipom, F, shiny|item
|poke|p2|Toxicroak, M|item
|poke|p2|Furfrou, M|item
|poke|p2|Arcanine, M|item
|poke|p2|Froslass, F|item
|poke|p2|Ludicolo, M|item
|poke|p2|Nidoking, M|item
|rule|Swagger Clause: Swagger is banned
|rule|Baton Pass Clause: Limit one Baton Passer, can't pass Spe and other stats simultaneously
|teampreview
|choice|team 6, team 2, team 3, team 4, team 5, team 1|team 2, team 1, team 3, team 4, team 5, team 6
|
|start
|switch|p1a: Harambæ|Ambipom, F, shiny|292\/292
|switch|p2a: Furfrou|Furfrou, M|291\/291
|turn|1
|choice|move fakeout|switch 4
|
|switch|p2a: Froslass|Froslass, F|281\/281
|move|p1a: Harambæ|Fake Out|p2a: Froslass
|-immune|p2a: Froslass|[msg]
|
|upkeep
|turn|2
|choice|move uturn|move icywind
|
|move|p1a: Harambæ|U-turn|p2a: Froslass
|-resisted|p2a: Froslass
|-damage|p2a: Froslass|235\/281
|choice|switch 6|
|
|switch|p1a: Goku|Gallade, M|278\/278
|move|p2a: Froslass|Icy Wind|p1a: Goku
|-damage|p1a: Goku|244\/278
|-unboost|p1a: Goku|spe|1
|
|upkeep
|turn|3
|choice|move shadowsneak|move shadowball
|
|move|p1a: Goku|Shadow Sneak|p2a: Froslass
|-supereffective|p2a: Froslass
|-damage|p2a: Froslass|97\/281
|move|p2a: Froslass|Shadow Ball|p1a: Goku
|-supereffective|p1a: Goku
|-damage|p1a: Goku|134\/278
|-unboost|p1a: Goku|spd|1
|
|upkeep
|turn|4
|choice|move shadowsneak|move destinybond
|
|move|p1a: Goku|Shadow Sneak|p2a: Froslass
|-supereffective|p2a: Froslass
|-damage|p2a: Froslass|0 fnt
|faint|p2a: Froslass
|
|upkeep
|choice||switch 2
|
|switch|p2a: Toxicroak|Toxicroak, M|307\/307
|turn|5
|choice|switch 4|move suckerpunch
|
|switch|p1a: Daphnee|Donphan, F, shiny|384\/384
|move|p2a: Toxicroak|Sucker Punch|p1a: Daphnee|[still]
|-fail|p2a: Toxicroak
|
|upkeep
|turn|6
|choice|move stealthrock|switch 4
|
|switch|p2a: Furfrou|Furfrou, M|291\/291
|move|p1a: Daphnee|Stealth Rock|p2a: Furfrou
|-sidestart|p2: Llama91|move: Stealth Rock
|
|upkeep
|turn|7
|choice|move knockoff|move cottonguard
|
|move|p2a: Furfrou|Cotton Guard|p2a: Furfrou
|-boost|p2a: Furfrou|def|3
|move|p1a: Daphnee|Knock Off|p2a: Furfrou
|-damage|p2a: Furfrou|266\/291
|-enditem|p2a: Furfrou|Leftovers|[from] move: Knock Off|[of] p1a: Daphnee
|
|upkeep
|turn|8
|choice|switch 5|move cottonguard
|
|switch|p1a: Dat Good Good|Florges-White, F, shiny|360\/360
|move|p2a: Furfrou|Cotton Guard|p2a: Furfrou
|-boost|p2a: Furfrou|def|3
|
|upkeep
|turn|9
|choice|move calmmind|move thunderwave
|
|move|p2a: Furfrou|Thunder Wave|p1a: Dat Good Good
|-status|p1a: Dat Good Good|par
|cant|p1a: Dat Good Good|par
|
|upkeep
|turn|10
|choice|move calmmind|move return
|
|move|p2a: Furfrou|Return|p1a: Dat Good Good
|-damage|p1a: Dat Good Good|240\/360 par
|move|p1a: Dat Good Good|Calm Mind|p1a: Dat Good Good
|-boost|p1a: Dat Good Good|spa|1
|-boost|p1a: Dat Good Good|spd|1
|
|-heal|p1a: Dat Good Good|262\/360 par|[from] item: Leftovers
|upkeep
|turn|11
|choice|move wish|move return
|
|move|p2a: Furfrou|Return|p1a: Dat Good Good
|-damage|p1a: Dat Good Good|130\/360 par
|move|p1a: Dat Good Good|Wish|p1a: Dat Good Good
|
|-heal|p1a: Dat Good Good|152\/360 par|[from] item: Leftovers
|upkeep
|turn|12
|choice|move aromatherapy|move return
|
|move|p2a: Furfrou|Return|p1a: Dat Good Good
|-damage|p1a: Dat Good Good|20\/360 par
|move|p1a: Dat Good Good|Aromatherapy|p1a: Dat Good Good
|-activate|p1a: Dat Good Good|move: Aromatherapy
|-curestatus|p1a: Dat Good Good|par|[msg]
|
|-heal|p1a: Dat Good Good|200\/360|[from] move: Wish|[wisher] Dat Good Good
|-heal|p1a: Dat Good Good|222\/360|[from] item: Leftovers
|upkeep
|turn|13
|choice|move wish|move thunderwave
|
|move|p2a: Furfrou|Thunder Wave|p1a: Dat Good Good
|-status|p1a: Dat Good Good|par
|move|p1a: Dat Good Good|Wish|p1a: Dat Good Good
|
|-heal|p1a: Dat Good Good|244\/360 par|[from] item: Leftovers
|upkeep
|turn|14
|choice|move moonblast|move return
|
|move|p2a: Furfrou|Return|p1a: Dat Good Good
|-damage|p1a: Dat Good Good|133\/360 par
|move|p1a: Dat Good Good|Moonblast|p2a: Furfrou
|-damage|p2a: Furfrou|53\/291
|
|-heal|p1a: Dat Good Good|313\/360 par|[from] move: Wish|[wisher] Dat Good Good
|-heal|p1a: Dat Good Good|335\/360 par|[from] item: Leftovers
|upkeep
|turn|15
|choice|move moonblast|move uturn
|
|move|p2a: Furfrou|U-turn|p1a: Dat Good Good
|-resisted|p1a: Dat Good Good
|-damage|p1a: Dat Good Good|305\/360 par
|choice||switch 6
|
|switch|p2a: Nidoking|Nidoking, M|366\/366
|-damage|p2a: Nidoking|344\/366|[from] Stealth Rock
|move|p1a: Dat Good Good|Moonblast|p2a: Nidoking
|-resisted|p2a: Nidoking
|-damage|p2a: Nidoking|221\/366
|
|-heal|p1a: Dat Good Good|327\/360 par|[from] item: Leftovers
|upkeep
|turn|16
|choice|switch 5|move sludgewave
|
|switch|p1a: Daphnee|Donphan, F, shiny|384\/384
|move|p2a: Nidoking|Sludge Wave|p1a: Daphnee
|-resisted|p1a: Daphnee
|-damage|p1a: Daphnee|236\/384
|
|-heal|p1a: Daphnee|260\/384|[from] item: Leftovers
|upkeep
|turn|17
|choice|move earthquake|move earthpower
|
|move|p2a: Nidoking|Earth Power|p1a: Daphnee
|-damage|p1a: Daphnee|0 fnt
|faint|p1a: Daphnee
|
|upkeep
|choice|switch 6|
|
|switch|p1a: Harambæ|Ambipom, F, shiny|292\/292
|turn|18
|choice|move fakeout|switch 4
|
|switch|p2a: Toxicroak|Toxicroak, M|307\/307
|-damage|p2a: Toxicroak|288\/307|[from] Stealth Rock
|move|p1a: Harambæ|Fake Out|p2a: Toxicroak
|-damage|p2a: Toxicroak|123\/307
|
|-heal|p2a: Toxicroak|142\/307|[from] item: Black Sludge
|upkeep
|turn|19
|choice|switch 3|move drainpunch
|
|switch|p1a: Keiko|Froslass, F, shiny|282\/282
|move|p2a: Toxicroak|Drain Punch|p1a: Keiko
|-immune|p1a: Keiko|[msg]
|
|-heal|p2a: Toxicroak|161\/307|[from] item: Black Sludge
|upkeep
|turn|20
|choice|move spikes|move suckerpunch
|
|move|p2a: Toxicroak|Sucker Punch|p1a: Keiko|[still]
|-fail|p2a: Toxicroak
|move|p1a: Keiko|Spikes|p2a: Toxicroak
|-sidestart|p2: Llama91|Spikes
|
|-heal|p2a: Toxicroak|180\/307|[from] item: Black Sludge
|upkeep
|turn|21
|choice|move spikes|move swordsdance
|
|move|p1a: Keiko|Spikes|p2a: Toxicroak
|-sidestart|p2: Llama91|Spikes
|move|p2a: Toxicroak|Swords Dance|p2a: Toxicroak
|-boost|p2a: Toxicroak|atk|2
|
|-heal|p2a: Toxicroak|199\/307|[from] item: Black Sludge
|upkeep
|turn|22
|choice|move spikes|move gunkshot
|
|move|p1a: Keiko|Spikes|p2a: Toxicroak
|-sidestart|p2: Llama91|Spikes
|move|p2a: Toxicroak|Gunk Shot|p1a: Keiko
|-resisted|p1a: Keiko
|-damage|p1a: Keiko|18\/282
|
|-heal|p2a: Toxicroak|218\/307|[from] item: Black Sludge
|upkeep
|turn|23
|choice|move destinybond|move suckerpunch
|
|move|p2a: Toxicroak|Sucker Punch|p1a: Keiko|[still]
|-fail|p2a: Toxicroak
|move|p1a: Keiko|Destiny Bond|p1a: Keiko
|-singlemove|p1a: Keiko|Destiny Bond
|
|-heal|p2a: Toxicroak|237\/307|[from] item: Black Sludge
|upkeep
|turn|24
|choice|move shadowball|move swordsdance
|
|move|p1a: Keiko|Shadow Ball|p2a: Toxicroak
|-damage|p2a: Toxicroak|87\/307
|move|p2a: Toxicroak|Swords Dance|p2a: Toxicroak
|-boost|p2a: Toxicroak|atk|2
|
|-heal|p2a: Toxicroak|106\/307|[from] item: Black Sludge
|upkeep
|turn|25
|choice|move destinybond|move suckerpunch
|
|move|p2a: Toxicroak|Sucker Punch|p1a: Keiko|[still]
|-fail|p2a: Toxicroak
|move|p1a: Keiko|Destiny Bond|p1a: Keiko
|-singlemove|p1a: Keiko|Destiny Bond
|
|-heal|p2a: Toxicroak|125\/307|[from] item: Black Sludge
|upkeep
|turn|26
|choice|move shadowball|move suckerpunch
|
|move|p2a: Toxicroak|Sucker Punch|p1a: Keiko
|-supereffective|p1a: Keiko
|-damage|p1a: Keiko|0 fnt
|-start|p2a: Toxicroak|Disable|Sucker Punch|[from] ability: Cursed Body|[of] p1a: Keiko
|faint|p1a: Keiko
|-activate|p1a: Keiko|move: Destiny Bond
|faint|p2a: Toxicroak
|
|upkeep
|choice|switch 3|switch 4
|
|switch|p1a: Harambæ|Ambipom, F, shiny|292\/292
|switch|p2a: Nidoking|Nidoking, M|221\/366
|-damage|p2a: Nidoking|130\/366|[from] Spikes
|-damage|p2a: Nidoking|108\/366|[from] Stealth Rock
|turn|27
|choice|move fakeout|move sludgewave
|
|move|p1a: Harambæ|Fake Out|p2a: Nidoking
|-damage|p2a: Nidoking|0 fnt
|faint|p2a: Nidoking
|
|upkeep
|choice||switch 5
|
|switch|p2a: Ludicolo|Ludicolo, M|301\/301
|-damage|p2a: Ludicolo|264\/301|[from] Stealth Rock
|-damage|p2a: Ludicolo|189\/301|[from] Spikes
|turn|28
|choice|move uturn|move fakeout
|
|move|p2a: Ludicolo|Fake Out|p1a: Harambæ
|-damage|p1a: Harambæ|264\/292
|cant|p1a: Harambæ|flinch
|
|upkeep
|turn|29
|choice|move uturn|move gigadrain
|
|move|p1a: Harambæ|U-turn|p2a: Ludicolo
|-supereffective|p2a: Ludicolo
|-damage|p2a: Ludicolo|0 fnt
|faint|p2a: Ludicolo
|choice|switch 2|
|
|switch|p1a: Yamnigga|Yanmega, M, shiny|313\/313
|
|upkeep
|choice||switch 3
|
|switch|p2a: Arcanine|Arcanine, M|344\/344
|-damage|p2a: Arcanine|258\/344|[from] Spikes
|-damage|p2a: Arcanine|172\/344|[from] Stealth Rock
|-enditem|p2a: Arcanine|Sitrus Berry|[eat]
|-heal|p2a: Arcanine|258\/344|[from] item: Sitrus Berry
|turn|30
|choice|move bugbuzz|move wildcharge
|
|move|p1a: Yamnigga|Bug Buzz|p2a: Arcanine
|-resisted|p2a: Arcanine
|-damage|p2a: Arcanine|72\/344
|move|p2a: Arcanine|Wild Charge|p1a: Yamnigga
|-supereffective|p1a: Yamnigga
|-crit|p1a: Yamnigga
|-damage|p1a: Yamnigga|0 fnt
|-damage|p2a: Arcanine|0 fnt|[from] recoil|[of] p1a: Yamnigga
|faint|p1a: Yamnigga
|faint|p2a: Arcanine
|
|upkeep
|choice|switch 2|switch 6
|
|switch|p1a: Harambæ|Ambipom, F, shiny|264\/292
|switch|p2a: Furfrou|Furfrou, M|53\/291
|-damage|p2a: Furfrou|0 fnt|[from] Spikes
|faint|p2a: Furfrou
|
|win|10blast
|player|p1
|player|p2
|raw|10blast's rating: 1236 &rarr; <strong>1258<\/strong><br \/>(+22 for winning)
|raw|Llama91's rating: 1190 &rarr; <strong>1168<\/strong><br \/>(-22 for losing)
|c|☆10blast|gg
|c|☆Llama91|gg
|l|Llama91</script>
</div>
<div class="battle-log battle-log-inline"><div class="inner"><div class="battle-options"></div><div class="inner"><div class="chat"><small>10blast joined.</small></div><div class="chat"><small>Llama91 joined.</small></div><div class=""><small>Format:</small> <br><strong>UU</strong></div><div class="rated"><strong>Rated battle</strong></div><div class=""><small><em>Sleep Clause Mod:</em> Limit one foe put to sleep</small></div><div class=""><small><em>Species Clause:</em> Limit one of each Pokémon</small></div><div class=""><small><em>OHKO Clause:</em> OHKO moves are banned</small></div><div class=""><small><em>Moody Clause:</em> Moody is banned</small></div><div class=""><small><em>Evasion Moves Clause:</em> Evasion moves are banned</small></div><div class=""><small><em>Endless Battle Clause:</em> Forcing endless battles is banned</small></div><div class=""><small><em>HP Percentage Mod:</em> HP is shown in percentages</small></div><div class=""><small><em>Swagger Clause:</em> Swagger is banned</small></div><div class=""><small><em>Baton Pass Clause:</em> Limit one Baton Passer, can't pass Spe and other stats simultaneously</small></div><div class="chat battle-history"><strong>10blast's team:</strong> <em style="color:#445566;display:block;">Gallade / Yanmega / Froslass / Donphan / Florges-White / Ambipom</em></div><div class="chat battle-history"><strong>Llama91's team:</strong> <em style="color:#445566;display:block;">Toxicroak / Furfrou / Arcanine / Froslass / Ludicolo / Nidoking</em></div><div class="spacer battle-history"><br></div><div class="battle-history">Battle started between 10blast and Llama91!<br></div><div class="spacer battle-history"><br></div><div class="battle-history">Go! Harambæ (<strong>Ambipom</strong>)!<br></div><div class="spacer battle-history"><br></div><div class="battle-history">Llama91 sent out <strong>Furfrou</strong>!<br></div><div class="spacer battle-history"><br></div><h2 class="battle-history">Turn 1</h2><div class="spacer battle-history"><br></div><div class="battle-history">Llama91 withdrew Furfrou!<br></div><div class="battle-history">Llama91 sent out <strong>Froslass</strong>!<br></div><div class="spacer battle-history"><br></div><div class="battle-history">Harambæ used <strong>Fake Out</strong>!<br></div><div class="battle-history"><small>It doesn't affect the opposing Froslass...</small><br></div><div class="spacer battle-history"><br></div><h2 class="battle-history">Turn 2</h2><div class="spacer battle-history"><br></div><div class="battle-history">Harambæ used <strong>U-turn</strong>!<br></div><div class="battle-history"><small>It's not very effective...</small><br></div><div class="battle-history"><small>(The opposing Froslass lost <abbr title="−46/281">16.4%</abbr> of its health!)</small><br></div><div class="spacer battle-history"><br></div><div class="battle-history">Harambæ went back to 10blast!<br></div><div class="battle-history">Go! Goku (<strong>Gallade</strong>)!<br></div><div class="spacer battle-history"><br></div><div class="battle-history">The opposing Froslass used <strong>Icy Wind</strong>!<br></div><div class="battle-history"><small>(Goku lost <abbr title="−34/278">12.2%</abbr> of its health!)</small><br></div><div class="battle-history"><small>Goku's Speed fell!</small><br></div><div class="spacer battle-history"><br></div><h2 class="battle-history">Turn 3</h2><div class="spacer battle-history"><br></div><div class="battle-history">Goku used <strong>Shadow Sneak</strong>!<br></div><div class="battle-history"><small>It's super effective!</small><br></div><div class="battle-history"><small>(The opposing Froslass lost <abbr title="−138/281">49.1%</abbr> of its health!)</small><br></div><div class="spacer battle-history"><br></div><div class="battle-history">The opposing Froslass used <strong>Shadow Ball</strong>!<br></div><div class="battle-history"><small>It's super effective!</small><br></div><div class="battle-history"><small>(Goku lost <abbr title="−110/278">39.6%</abbr> of its health!)</small><br></div><div class="battle-history"><small>Goku's Special Defense fell!</small><br></div><div class="spacer battle-history"><br></div><h2 class="battle-history">Turn 4</h2><div class="spacer battle-history"><br></div><div class="battle-history">Goku used <strong>Shadow Sneak</strong>!<br></div><div class="battle-history"><small>It's super effective!</small><br></div><div class="battle-history"><small>(The opposing Froslass lost <abbr title="−97/281">34.5%</abbr> of its health!)</small><br></div><div class="spacer battle-history"><br></div><div class="battle-history">The opposing Froslass fainted!<br></div><div class="spacer battle-history"><br></div><div class="battle-history">Llama91 sent out <strong>Toxicroak</strong>!<br></div><div class="spacer battle-history"><br></div><h2 class="battle-history">Turn 5</h2><div class="spacer battle-history"><br></div><div class="battle-history">Goku, come back!<br></div><div class="battle-history">Go! Daphnee (<strong>Donphan</strong>)!<br></div><div class="spacer battle-history"><br></div><div class="battle-history">The opposing Toxicroak used <strong>Sucker Punch</strong>!<br></div><div class="battle-history"><small>But it failed!</small><br></div><div class="spacer battle-history"><br></div><h2 class="battle-history">Turn 6</h2><div class="spacer battle-history"><br></div><div class="battle-history">Llama91 withdrew Toxicroak!<br></div><div class="battle-history">Llama91 sent out <strong>Furfrou</strong>!<br></div><div class="spacer battle-history"><br></div><div class="battle-history">Daphnee used <strong>Stealth Rock</strong>!<br></div><div class="battle-history"><small>Pointed stones float in the air around the opposing team!</small><br></div><div class="spacer battle-history"><br></div><h2 class="battle-history">Turn 7</h2><div class="spacer battle-history"><br></div><div class="battle-history">The opposing Furfrou used <strong>Cotton Guard</strong>!<br></div><div class="battle-history"><small>The opposing Furfrou's Defense rose drastically!</small><br></div><div class="spacer battle-history"><br></div><div class="battle-history">Daphnee used <strong>Knock Off</strong>!<br></div><div class="battle-history"><small>(The opposing Furfrou lost <abbr title="−25/291">8.6%</abbr> of its health!)</small><br></div><div class="battle-history"><small>Daphnee knocked off the opposing Furfrou's Leftovers!</small><br></div><div class="spacer battle-history"><br></div><h2 class="battle-history">Turn 8</h2><div class="spacer battle-history"><br></div><div class="battle-history">Daphnee, come back!<br></div><div class="battle-history">Go! Dat Good Good (<strong>Florges-White</strong>)!<br></div><div class="spacer battle-history"><br></div><div class="battle-history">The opposing Furfrou used <strong>Cotton Guard</strong>!<br></div><div class="battle-history"><small>The opposing Furfrou's Defense rose drastically!</small><br></div><div class="spacer battle-history"><br></div><h2 class="battle-history">Turn 9</h2><div class="spacer battle-history"><br></div><div class="battle-history">The opposing Furfrou used <strong>Thunder Wave</strong>!<br></div><div class="battle-history"><small>Dat Good Good is paralyzed! It may be unable to move!</small><br></div><div class="spacer battle-history"><br></div><div class="battle-history">Dat Good Good is paralyzed! It can't move!<br></div><div class="spacer battle-history"><br></div><h2 class="battle-history">Turn 10</h2><div class="spacer battle-history"><br></div><div class="battle-history">The opposing Furfrou used <strong>Return</strong>!<br></div><div class="battle-history"><small>(Dat Good Good lost <abbr title="−120/360">33.3%</abbr> of its health!)</small><br></div><div class="spacer battle-history"><br></div><div class="battle-history">Dat Good Good used <strong>Calm Mind</strong>!<br></div><div class="battle-history"><small>Dat Good Good's Special Attack rose!</small><br></div><div class="battle-history"><small>Dat Good Good's Special Defense rose!</small><br></div><div class="spacer battle-history"><br></div><div class="battle-history"><small>Dat Good Good restored a little HP using its Leftovers!</small><br></div><div class="spacer battle-history"><br></div><h2 class="battle-history">Turn 11</h2><div class="spacer battle-history"><br></div><div class="battle-history">The opposing Furfrou used <strong>Return</strong>!<br></div><div class="battle-history"><small>(Dat Good Good lost <abbr title="−132/360">36.7%</abbr> of its health!)</small><br></div><div class="spacer battle-history"><br></div><div class="battle-history">Dat Good Good used <strong>Wish</strong>!<br></div><div class="spacer battle-history"><br></div><div class="battle-history"><small>Dat Good Good restored a little HP using its Leftovers!</small><br></div><div class="spacer battle-history"><br></div><h2 class="battle-history">Turn 12</h2><div class="spacer battle-history"><br></div><div class="battle-history">The opposing Furfrou used <strong>Return</strong>!<br></div><div class="battle-history"><small>(Dat Good Good lost <abbr title="−132/360">36.7%</abbr> of its health!)</small><br></div><div class="spacer battle-history"><br></div><div class="battle-history">Dat Good Good used <strong>Aromatherapy</strong>!<br></div><div class="battle-history"><small>A soothing aroma wafted through the area!</small><br></div><div class="battle-history"><small>Dat Good Good was cured of paralysis.</small><br></div><div class="spacer battle-history"><br></div><div class="battle-history"><small>Dat Good Good's wish came true!</small><br></div><div class="battle-history"><small>Dat Good Good restored a little HP using its Leftovers!</small><br></div><div class="spacer battle-history"><br></div><h2 class="battle-history">Turn 13</h2><div class="spacer battle-history"><br></div><div class="battle-history">The opposing Furfrou used <strong>Thunder Wave</strong>!<br></div><div class="battle-history"><small>Dat Good Good is paralyzed! It may be unable to move!</small><br></div><div class="spacer battle-history"><br></div><div class="battle-history">Dat Good Good used <strong>Wish</strong>!<br></div><div class="spacer battle-history"><br></div><div class="battle-history"><small>Dat Good Good restored a little HP using its Leftovers!</small><br></div><div class="spacer battle-history"><br></div><h2 class="battle-history">Turn 14</h2><div class="spacer battle-history"><br></div><div class="battle-history">The opposing Furfrou used <strong>Return</strong>!<br></div><div class="battle-history"><small>(Dat Good Good lost <abbr title="−111/360">30.8%</abbr> of its health!)</small><br></div><div class="spacer battle-history"><br></div><div class="battle-history">Dat Good Good used <strong>Moonblast</strong>!<br></div><div class="battle-history"><small>(The opposing Furfrou lost <abbr title="−213/291">73.2%</abbr> of its health!)</small><br></div><div class="spacer battle-history"><br></div><div class="battle-history"><small>Dat Good Good's wish came true!</small><br></div><div class="battle-history"><small>Dat Good Good restored a little HP using its Leftovers!</small><br></div><div class="spacer battle-history"><br></div><h2 class="battle-history">Turn 15</h2><div class="spacer battle-history"><br></div><div class="battle-history">The opposing Furfrou used <strong>U-turn</strong>!<br></div><div class="battle-history"><small>It's not very effective...</small><br></div><div class="battle-history"><small>(Dat Good Good lost <abbr title="−30/360">8.3%</abbr> of its health!)</small><br></div><div class="spacer battle-history"><br></div><div class="battle-history">The opposing Furfrou went back to Llama91!<br></div><div class="battle-history">Llama91 sent out <strong>Nidoking</strong>!<br></div><div class="battle-history"><small>Pointed stones dug into the opposing Nidoking!</small><br></div><div class="spacer battle-history"><br></div><div class="battle-history">Dat Good Good used <strong>Moonblast</strong>!<br></div><div class="battle-history"><small>It's not very effective...</small><br></div><div class="battle-history"><small>(The opposing Nidoking lost <abbr title="−123/366">33.6%</abbr> of its health!)</small><br></div><div class="spacer battle-history"><br></div><div class="battle-history"><small>Dat Good Good restored a little HP using its Leftovers!</small><br></div><div class="spacer battle-history"><br></div><h2 class="battle-history">Turn 16</h2><div class="spacer battle-history"><br></div><div class="battle-history">Dat Good Good, come back!<br></div><div class="battle-history">Go! Daphnee (<strong>Donphan</strong>)!<br></div><div class="spacer battle-history"><br></div><div class="battle-history">The opposing Nidoking used <strong>Sludge Wave</strong>!<br></div><div class="battle-history"><small>It's not very effective...</small><br></div><div class="battle-history"><small>(Daphnee lost <abbr title="−148/384">38.5%</abbr> of its health!)</small><br></div><div class="spacer battle-history"><br></div><div class="battle-history"><small>Daphnee restored a little HP using its Leftovers!</small><br></div><div class="spacer battle-history"><br></div><h2 class="battle-history">Turn 17</h2><div class="spacer battle-history"><br></div><div class="battle-history">The opposing Nidoking used <strong>Earth Power</strong>!<br></div><div class="battle-history"><small>(Daphnee lost <abbr title="−260/384">67.7%</abbr> of its health!)</small><br></div><div class="spacer battle-history"><br></div><div class="battle-history">Daphnee fainted!<br></div><div class="spacer battle-history"><br></div><div class="battle-history">Go! Harambæ (<strong>Ambipom</strong>)!<br></div><div class="spacer battle-history"><br></div><h2 class="battle-history">Turn 18</h2><div class="spacer battle-history"><br></div><div class="battle-history">Llama91 withdrew Nidoking!<br></div><div class="battle-history">Llama91 sent out <strong>Toxicroak</strong>!<br></div><div class="battle-history"><small>Pointed stones dug into the opposing Toxicroak!</small><br></div><div class="spacer battle-history"><br></div><div class="battle-history">Harambæ used <strong>Fake Out</strong>!<br></div><div class="battle-history"><small>(The opposing Toxicroak lost <abbr title="−165/307">53.7%</abbr> of its health!)</small><br></div><div class="spacer battle-history"><br></div><div class="battle-history"><small>The opposing Toxicroak restored a little HP using its Black Sludge!</small><br></div><div class="spacer battle-history"><br></div><h2 class="battle-history">Turn 19</h2><div class="spacer battle-history"><br></div><div class="battle-history">Harambæ, come back!<br></div><div class="battle-history">Go! Keiko (<strong>Froslass</strong>)!<br></div><div class="spacer battle-history"><br></div><div class="battle-history">The opposing Toxicroak used <strong>Drain Punch</strong>!<br></div><div class="battle-history"><small>It doesn't affect Keiko...</small><br></div><div class="spacer battle-history"><br></div><div class="battle-history"><small>The opposing Toxicroak restored a little HP using its Black Sludge!</small><br></div><div class="spacer battle-history"><br></div><h2 class="battle-history">Turn 20</h2><div class="spacer battle-history"><br></div><div class="battle-history">The opposing Toxicroak used <strong>Sucker Punch</strong>!<br></div><div class="battle-history"><small>But it failed!</small><br></div><div class="spacer battle-history"><br></div><div class="battle-history">Keiko used <strong>Spikes</strong>!<br></div><div class="battle-history"><small>Spikes were scattered on the ground all around the opposing team!</small><br></div><div class="spacer battle-history"><br></div><div class="battle-history"><small>The opposing Toxicroak restored a little HP using its Black Sludge!</small><br></div><div class="spacer battle-history"><br></div><h2 class="battle-history">Turn 21</h2><div class="spacer battle-history"><br></div><div class="battle-history">Keiko used <strong>Spikes</strong>!<br></div><div class="battle-history"><small>Spikes were scattered on the ground all around the opposing team!</small><br></div><div class="spacer battle-history"><br></div><div class="battle-history">The opposing Toxicroak used <strong>Swords Dance</strong>!<br></div><div class="battle-history"><small>The opposing Toxicroak's Attack rose sharply!</small><br></div><div class="spacer battle-history"><br></div><div class="battle-history"><small>The opposing Toxicroak restored a little HP using its Black Sludge!</small><br></div><div class="spacer battle-history"><br></div><h2 class="battle-history">Turn 22</h2><div class="spacer battle-history"><br></div><div class="battle-history">Keiko used <strong>Spikes</strong>!<br></div><div class="battle-history"><small>Spikes were scattered on the ground all around the opposing team!</small><br></div><div class="spacer battle-history"><br></div><div class="battle-history">The opposing Toxicroak used <strong>Gunk Shot</strong>!<br></div><div class="battle-history"><small>It's not very effective...</small><br></div><div class="battle-history"><small>(Keiko lost <abbr title="−264/282">93.6%</abbr> of its health!)</small><br></div><div class="spacer battle-history"><br></div><div class="battle-history"><small>The opposing Toxicroak restored a little HP using its Black Sludge!</small><br></div><div class="spacer battle-history"><br></div><h2 class="battle-history">Turn 23</h2><div class="spacer battle-history"><br></div><div class="battle-history">The opposing Toxicroak used <strong>Sucker Punch</strong>!<br></div><div class="battle-history"><small>But it failed!</small><br></div><div class="spacer battle-history"><br></div><div class="battle-history">Keiko used <strong>Destiny Bond</strong>!<br></div><div class="battle-history">Keiko is hoping to take its attacker down with it!<br></div><div class="spacer battle-history"><br></div><div class="battle-history"><small>The opposing Toxicroak restored a little HP using its Black Sludge!</small><br></div><div class="spacer battle-history"><br></div><h2 class="battle-history">Turn 24</h2><div class="spacer battle-history"><br></div><div class="battle-history">Keiko used <strong>Shadow Ball</strong>!<br></div><div class="battle-history"><small>(The opposing Toxicroak lost <abbr title="−150/307">48.9%</abbr> of its health!)</small><br></div><div class="spacer battle-history"><br></div><div class="battle-history">The opposing Toxicroak used <strong>Swords Dance</strong>!<br></div><div class="battle-history"><small>The opposing Toxicroak's Attack rose sharply!</small><br></div><div class="spacer battle-history"><br></div><div class="battle-history"><small>The opposing Toxicroak restored a little HP using its Black Sludge!</small><br></div><div class="spacer battle-history"><br></div><h2 class="battle-history">Turn 25</h2><div class="spacer battle-history"><br></div><div class="battle-history">The opposing Toxicroak used <strong>Sucker Punch</strong>!<br></div><div class="battle-history"><small>But it failed!</small><br></div><div class="spacer battle-history"><br></div><div class="battle-history">Keiko used <strong>Destiny Bond</strong>!<br></div><div class="battle-history">Keiko is hoping to take its attacker down with it!<br></div><div class="spacer battle-history"><br></div><div class="battle-history"><small>The opposing Toxicroak restored a little HP using its Black Sludge!</small><br></div><div class="spacer battle-history"><br></div><h2 class="battle-history">Turn 26</h2><div class="spacer battle-history"><br></div><div class="battle-history">The opposing Toxicroak used <strong>Sucker Punch</strong>!<br></div><div class="battle-history"><small>It's super effective!</small><br></div><div class="battle-history"><small>(Keiko lost <abbr title="−18/282">6.4%</abbr> of its health!)</small><br></div><div class="battle-history"><small>[Keiko's Cursed Body]</small><br><small>The opposing Toxicroak's Sucker Punch was disabled!</small><br></div><div class="spacer battle-history"><br></div><div class="battle-history">Keiko fainted!<br></div><div class="battle-history"><small>Keiko took its attacker down with it!</small><br></div><div class="spacer battle-history"><br></div><div class="battle-history">The opposing Toxicroak fainted!<br></div><div class="spacer battle-history"><br></div><div class="battle-history">Go! Harambæ (<strong>Ambipom</strong>)!<br></div><div class="spacer battle-history"><br></div><div class="battle-history">Llama91 sent out <strong>Nidoking</strong>!<br></div><div class="battle-history"><small>The opposing Nidoking is hurt by the spikes!</small><br></div><div class="battle-history"><small>Pointed stones dug into the opposing Nidoking!</small><br></div><div class="spacer battle-history"><br></div><h2 class="battle-history">Turn 27</h2><div class="spacer battle-history"><br></div><div class="battle-history">Harambæ used <strong>Fake Out</strong>!<br></div><div class="battle-history"><small>(The opposing Nidoking lost <abbr title="−108/366">29.5%</abbr> of its health!)</small><br></div><div class="spacer battle-history"><br></div><div class="battle-history">The opposing Nidoking fainted!<br></div><div class="spacer battle-history"><br></div><div class="battle-history">Llama91 sent out <strong>Ludicolo</strong>!<br></div><div class="battle-history"><small>Pointed stones dug into the opposing Ludicolo!</small><br></div><div class="battle-history"><small>The opposing Ludicolo is hurt by the spikes!</small><br></div><div class="spacer battle-history"><br></div><h2 class="battle-history">Turn 28</h2><div class="spacer battle-history"><br></div><div class="battle-history">The opposing Ludicolo used <strong>Fake Out</strong>!<br></div><div class="battle-history"><small>(Harambæ lost <abbr title="−28/292">9.6%</abbr> of its health!)</small><br></div><div class="spacer battle-history"><br></div><div class="battle-history">Harambæ flinched and couldn't move!<br></div><div class="spacer battle-history"><br></div><h2 class="battle-history">Turn 29</h2><div class="spacer battle-history"><br></div><div class="battle-history">Harambæ used <strong>U-turn</strong>!<br></div><div class="battle-history"><small>It's super effective!</small><br></div><div class="battle-history"><small>(The opposing Ludicolo lost <abbr title="−189/301">62.8%</abbr> of its health!)</small><br></div><div class="spacer battle-history"><br></div><div class="battle-history">The opposing Ludicolo fainted!<br></div><div class="spacer battle-history"><br></div><div class="battle-history">Harambæ went back to 10blast!<br></div><div class="battle-history">Go! Yamnigga (<strong>Yanmega</strong>)!<br></div><div class="spacer battle-history"><br></div><div class="battle-history">Llama91 sent out <strong>Arcanine</strong>!<br></div><div class="battle-history"><small>The opposing Arcanine is hurt by the spikes!</small><br></div><div class="battle-history"><small>Pointed stones dug into the opposing Arcanine!</small><br></div><div class="battle-history"><small>The opposing Arcanine ate its Sitrus Berry!</small><br></div><div class="battle-history"><small>The opposing Arcanine restored HP using its Sitrus Berry!</small><br></div><div class="spacer battle-history"><br></div><h2 class="battle-history">Turn 30</h2><div class="spacer battle-history"><br></div><div class="battle-history">Yamnigga used <strong>Bug Buzz</strong>!<br></div><div class="battle-history"><small>It's not very effective...</small><br></div><div class="battle-history"><small>(The opposing Arcanine lost <abbr title="−186/344">54.1%</abbr> of its health!)</small><br></div><div class="spacer battle-history"><br></div><div class="battle-history">The opposing Arcanine used <strong>Wild Charge</strong>!<br></div><div class="battle-history"><small>It's super effective!</small><br></div><div class="battle-history"><small>A critical hit!</small><br></div><div class="battle-history"><small>(Yamnigga lost <abbr title="−313/313">100%</abbr> of its health!)</small><br></div><div class="battle-history"><small>The opposing Arcanine is damaged by the recoil!</small><br></div><div class="spacer battle-history"><br></div><div class="battle-history">Yamnigga fainted!<br></div><div class="battle-history">The opposing Arcanine fainted!<br></div><div class="spacer battle-history"><br></div><div class="battle-history">Go! Harambæ (<strong>Ambipom</strong>)!<br></div><div class="spacer battle-history"><br></div><div class="battle-history">Llama91 sent out <strong>Furfrou</strong>!<br></div><div class="battle-history"><small>The opposing Furfrou is hurt by the spikes!</small><br></div><div class="spacer battle-history"><br></div><div class="battle-history">The opposing Furfrou fainted!<br></div><div class="spacer battle-history"><br></div><div class="battle-history"><strong>10blast</strong> won the battle!<br></div><div class="chat">10blast's rating: 1236 → <strong>1258</strong><br>(+22 for winning)</div><div class="chat">Llama91's rating: 1190 → <strong>1168</strong><br>(-22 for losing)</div><div class="chat chatmessage-10blast"><strong style="color:hsl(159,45%,45.164061557754884%)"><small>☆</small><span class="username" data-name="10blast">10blast</span>:</strong> <em>gg</em></div><div class="chat chatmessage-llama91"><strong style="color:hsl(56,54%,40.716071644189604%)"><small>☆</small><span class="username" data-name="Llama91">Llama91</span>:</strong> <em>gg</em></div><div class="chat"><small>Llama91 left.</small></div></div><div class="inner-preempt"></div></div></div>
</div>
<script>
let daily = Math.floor(Date.now()/1000/60/60/24);document.write('<script src="https://play.pokemonshowdown.com/js/replay-embed.js?version'+daily+'"></'+'script>');
</script>
