<!DOCTYPE html>
<meta charset="utf-8" />
<!-- version 1 -->
<title>UU replay: RogueFalcon vs. Parnstar</title>
<style>
html,body {font-family:Verdana, sans-serif;font-size:10pt;margin:0;padding:0;}body{padding:12px 0;} .battle-log {font-family:Verdana, sans-serif;font-size:10pt;} .battle-log-inline {border:1px solid #AAAAAA;background:#EEF2F5;color:black;max-width:640px;margin:0 auto 80px;padding-bottom:5px;} .battle-log .inner {padding:4px 8px 0px 8px;} .battle-log .inner-preempt {padding:0 8px 4px 8px;} .battle-log .inner-after {margin-top:0.5em;} .battle-log h2 {margin:0.5em -8px;padding:4px 8px;border:1px solid #AAAAAA;background:#E0E7EA;border-left:0;border-right:0;font-family:Verdana, sans-serif;font-size:13pt;} .battle-log .chat {vertical-align:middle;padding:3px 0 3px 0;font-size:8pt;} .battle-log .chat strong {color:#40576A;} .battle-log .chat em {padding:1px 4px 1px 3px;color:#000000;font-style:normal;} .chat.mine {background:rgba(0,0,0,0.05);margin-left:-8px;margin-right:-8px;padding-left:8px;padding-right:8px;} .spoiler {color:#BBBBBB;background:#BBBBBB;padding:0px 3px;} .spoiler:hover, .spoiler:active, .spoiler-shown {color:#000000;background:#E2E2E2;padding:0px 3px;} .spoiler a {color:#BBBBBB;} .spoiler:hover a, .spoiler:active a, .spoiler-shown a {color:#2288CC;} .chat code, .chat .spoiler:hover code, .chat .spoiler:active code, .chat .spoiler-shown code {border:1px solid #C0C0C0;background:#EEEEEE;color:black;padding:0 2px;} .chat .spoiler code {border:1px solid #CCCCCC;background:#CCCCCC;color:#CCCCCC;} .battle-log .rated {padding:3px 4px;} .battle-log .rated strong {color:white;background:#89A;padding:1px 4px;border-radius:4px;} .spacer {margin-top:0.5em;} .message-announce {background:#6688AA;color:white;padding:1px 4px 2px;} .message-announce a, .broadcast-green a, .broadcast-blue a, .broadcast-red a {color:#DDEEFF;} .broadcast-green {background-color:#559955;color:white;padding:2px 4px;} .broadcast-blue {background-color:#6688AA;color:white;padding:2px 4px;} .infobox {border:1px solid #6688AA;padding:2px 4px;} .infobox-limited {max-height:200px;overflow:auto;overflow-x:hidden;} .broadcast-red {background-color:#AA5544;color:white;padding:2px 4px;} .message-learn-canlearn {font-weight:bold;color:#228822;text-decoration:underline;} .message-learn-cannotlearn {font-weight:bold;color:#CC2222;text-decoration:underline;} .message-effect-weak {font-weight:bold;color:#CC2222;} .message-effect-resist {font-weight:bold;color:#6688AA;} .message-effect-immune {font-weight:bold;color:#666666;} .message-learn-list {margin-top:0;margin-bottom:0;} .message-throttle-notice, .message-error {color:#992222;} .message-overflow, .chat small.message-overflow {font-size:0pt;} .message-overflow::before {font-size:9pt;content:'...';} .subtle {color:#3A4A66;}
</style>
<div class="wrapper replay-wrapper" style="max-width:1180px;margin:0 auto">
<input type="hidden" name="replayid" value="uu-554469941" />
<div class="battle"></div><div class="battle-log"></div><div class="replay-controls"></div><div class="replay-controls-2"></div>
<h1 style="font-weight:normal;text-align:center"><strong>UU</strong><br /><a href="http://pokemonshowdown.com/users/roguefalcon" class="subtle" target="_blank">RogueFalcon</a> vs. <a href="http://pokemonshowdown.com/users/parnstar" class="subtle" target="_blank">Parnstar</a></h1>
<script type="text/plain" class="battle-log-data">|j|RogueFalcon
|j|Parnstar
|player|p1|RogueFalcon|102
|player|p2|Parnstar|21
|gametype|singles
|gen|6
|tier|UU
|rated
|seed|16217,18337,53511,48157
|rule|Sleep Clause Mod: Limit one foe put to sleep
|rule|Species Clause: Limit one of each Pokémon
|rule|OHKO Clause: OHKO moves are banned
|rule|Moody Clause: Moody is banned
|rule|Evasion Moves Clause: Evasion moves are banned
|rule|Endless Battle Clause: Forcing endless battles is banned
|rule|HP Percentage Mod: HP is shown in percentages
|clearpoke
|poke|p1|Porygon2|item
|poke|p1|Kingdra, F|item
|poke|p1|Umbreon, M|item
|poke|p1|Darmanitan, M|item
|poke|p1|Bellossom, M|item
|poke|p1|Drapion, F|item
|poke|p2|Mandibuzz, F|item
|poke|p2|Ampharos, M|item
|poke|p2|Donphan, M|item
|poke|p2|Whimsicott, F|item
|poke|p2|Mamoswine, F|item
|poke|p2|Infernape, M|item
|rule|Swagger Clause: Swagger is banned
|rule|Baton Pass Clause: Limit one Baton Passer, can't pass Spe and other stats simultaneously
|teampreview
|choice|team 6, team 2, team 3, team 4, team 5, team 1|team 3, team 2, team 1, team 4, team 5, team 6
|
|start
|switch|p1a: Drapion|Drapion, F|344\/344
|switch|p2a: Donphan|Donphan, M|333\/333
|turn|1
|choice|switch 3|move stealthrock
|
|switch|p1a: Umbreon|Umbreon, M|394\/394
|move|p2a: Donphan|Stealth Rock|p1a: Umbreon
|-sidestart|p1: RogueFalcon|move: Stealth Rock
|
|upkeep
|turn|2
|choice|move toxic|switch 6
|
|switch|p2a: Infernape|Infernape, M|293\/293
|move|p1a: Umbreon|Toxic|p2a: Infernape
|-status|p2a: Infernape|tox
|
|-damage|p2a: Infernape|275\/293 tox|[from] psn
|upkeep
|turn|3
|choice|move protect|move closecombat
|
|move|p1a: Umbreon|Protect|p1a: Umbreon
|-singleturn|p1a: Umbreon|Protect
|move|p2a: Infernape|Close Combat|p1a: Umbreon
|-activate|p1a: Umbreon|move: Protect
|
|-damage|p2a: Infernape|239\/293 tox|[from] psn
|upkeep
|turn|4
|choice|move wish|move uturn
|
|move|p2a: Infernape|U-turn|p1a: Umbreon
|-supereffective|p1a: Umbreon
|-crit|p1a: Umbreon
|-damage|p1a: Umbreon|258\/394
|choice||switch 6
|
|switch|p2a: Donphan|Donphan, M|333\/333
|move|p1a: Umbreon|Wish|p1a: Umbreon
|
|-heal|p1a: Umbreon|282\/394|[from] item: Leftovers
|upkeep
|turn|5
|j|Math98
|choice|move foulplay|move roar
|
|move|p1a: Umbreon|Foul Play|p2a: Donphan
|-damage|p2a: Donphan|203\/333
|move|p2a: Donphan|Roar|p1a: Umbreon
|drag|p1a: Drapion|Drapion, F|344\/344
|-damage|p1a: Drapion|301\/344|[from] Stealth Rock
|
|-heal|p1a: Drapion|344\/344|[from] move: Wish|[wisher] Umbreon
|upkeep
|turn|6
|choice|move crunch|move roar
|
|move|p1a: Drapion|Crunch|p2a: Donphan
|-damage|p2a: Donphan|125\/333
|move|p2a: Donphan|Roar|p1a: Drapion
|drag|p1a: Bellossom|Bellossom, M|354\/354
|-damage|p1a: Bellossom|310\/354|[from] Stealth Rock
|
|upkeep
|turn|7
|choice|move gigadrain|switch 6
|
|switch|p2a: Infernape|Infernape, M|239\/293 tox
|move|p1a: Bellossom|Giga Drain|p2a: Infernape
|-resisted|p2a: Infernape
|-damage|p2a: Infernape|174\/293 tox
|-heal|p1a: Bellossom|343\/354|[from] drain|[of] p2a: Infernape
|
|-damage|p2a: Infernape|156\/293 tox|[from] psn
|upkeep
|turn|8
|choice|switch 2|move overheat
|
|switch|p1a: Kingdra|Kingdra, F|354\/354
|-damage|p1a: Kingdra|310\/354|[from] Stealth Rock
|move|p2a: Infernape|Overheat|p1a: Kingdra
|-resisted|p1a: Kingdra
|-damage|p1a: Kingdra|263\/354
|-unboost|p2a: Infernape|spa|2
|
|-damage|p2a: Infernape|120\/293 tox|[from] psn
|upkeep
|turn|9
|choice|move dragondance|move closecombat
|
|move|p2a: Infernape|Close Combat|p1a: Kingdra
|-damage|p1a: Kingdra|118\/354
|-unboost|p2a: Infernape|def|1
|-unboost|p2a: Infernape|spd|1
|-enditem|p1a: Kingdra|Sitrus Berry|[eat]
|-heal|p1a: Kingdra|206\/354|[from] item: Sitrus Berry
|move|p1a: Kingdra|Dragon Dance|p1a: Kingdra
|-boost|p1a: Kingdra|atk|1
|-boost|p1a: Kingdra|spe|1
|
|-damage|p2a: Infernape|66\/293 tox|[from] psn
|upkeep
|turn|10
|choice|move focusenergy|move closecombat
|
|move|p2a: Infernape|Close Combat|p1a: Kingdra
|-damage|p1a: Kingdra|61\/354
|-unboost|p2a: Infernape|def|1
|-unboost|p2a: Infernape|spd|1
|move|p1a: Kingdra|Focus Energy|p1a: Kingdra
|-start|p1a: Kingdra|move: Focus Energy
|
|-damage|p2a: Infernape|0 fnt|[from] psn
|upkeep
|faint|p2a: Infernape
|choice||switch 4
|
|switch|p2a: Whimsicott|Whimsicott, F|261\/261
|turn|11
|choice|move surf|move encore
|
|move|p2a: Whimsicott|Encore|p1a: Kingdra
|-start|p1a: Kingdra|Encore
|move|p1a: Kingdra|Focus Energy|p1a: Kingdra
|-fail|p1a: Kingdra
|
|upkeep
|turn|12
|choice|switch 3|move moonblast
|
|switch|p1a: Umbreon|Umbreon, M|282\/394
|-damage|p1a: Umbreon|233\/394|[from] Stealth Rock
|move|p2a: Whimsicott|Moonblast|p1a: Umbreon
|-supereffective|p1a: Umbreon
|-damage|p1a: Umbreon|3\/394
|
|-heal|p1a: Umbreon|27\/394|[from] item: Leftovers
|upkeep
|turn|13
|choice|move wish|move moonblast
|
|move|p2a: Whimsicott|Moonblast|p1a: Umbreon
|-supereffective|p1a: Umbreon
|-damage|p1a: Umbreon|0 fnt
|faint|p1a: Umbreon
|
|upkeep
|choice|switch 5|
|
|switch|p1a: Drapion|Drapion, F|344\/344
|-damage|p1a: Drapion|301\/344|[from] Stealth Rock
|turn|14
|choice|move acupressure|switch 6
|
|switch|p2a: Donphan|Donphan, M|125\/333
|move|p1a: Drapion|Acupressure|p1a: Drapion
|-boost|p1a: Drapion|spe|2
|
|upkeep
|turn|15
|choice|switch 3|move roar
|
|switch|p1a: Kingdra|Kingdra, F|61\/354
|-damage|p1a: Kingdra|17\/354|[from] Stealth Rock
|move|p2a: Donphan|Roar|p1a: Kingdra
|drag|p1a: Bellossom|Bellossom, M|343\/354
|-damage|p1a: Bellossom|299\/354|[from] Stealth Rock
|
|upkeep
|turn|16
|choice|move sunnyday|switch 2
|
|switch|p2a: Ampharos|Ampharos, M|383\/383
|move|p1a: Bellossom|Sunny Day|p1a: Bellossom
|-weather|SunnyDay
|
|-weather|SunnyDay|[upkeep]
|upkeep
|turn|17
|choice|switch 4|move cottonguard mega
|
|switch|p1a: Darmanitan|Darmanitan, M|352\/352
|-damage|p1a: Darmanitan|264\/352|[from] Stealth Rock
|detailschange|p2a: Ampharos|Ampharos-Mega, M
|-mega|p2a: Ampharos|Ampharos|Ampharosite
|-ability|p2a: Ampharos|Mold Breaker
|move|p2a: Ampharos|Cotton Guard|p2a: Ampharos
|-boost|p2a: Ampharos|def|3
|
|-weather|SunnyDay|[upkeep]
|upkeep
|turn|18
|choice|move flareblitz|move thunderbolt
|
|move|p1a: Darmanitan|Flare Blitz|p2a: Ampharos
|-resisted|p2a: Ampharos
|-damage|p2a: Ampharos|274\/383
|-damage|p1a: Darmanitan|228\/352|[from] recoil|[of] p2a: Ampharos
|move|p2a: Ampharos|Thunderbolt|p1a: Darmanitan
|-damage|p1a: Darmanitan|0 fnt
|faint|p1a: Darmanitan
|
|-weather|SunnyDay|[upkeep]
|upkeep
|choice|switch 6|
|
|switch|p1a: Porygon2|Porygon2|374\/374
|-damage|p1a: Porygon2|328\/374|[from] Stealth Rock
|turn|19
|-message|RogueFalcon forfeited.
|
|win|Parnstar
|l|RogueFalcon
|raw|RogueFalcon's rating: 1000 &rarr; <strong>1000<\/strong><br \/>(+0 for losing)
|raw|Parnstar's rating: 1291 &rarr; <strong>1299<\/strong><br \/>(+8 for winning)
|l|Math98</script>
</div>
<div class="battle-log battle-log-inline"><div class="inner"><div class="battle-options"></div><div class="inner"><div class="chat"><small>RogueFalcon joined.</small></div><div class="chat"><small>Parnstar joined.</small></div><div class=""><small>Format:</small> <br><strong>UU</strong></div><div class="rated"><strong>Rated battle</strong></div><div class=""><small><em>Sleep Clause Mod:</em> Limit one foe put to sleep</small></div><div class=""><small><em>Species Clause:</em> Limit one of each Pokémon</small></div><div class=""><small><em>OHKO Clause:</em> OHKO moves are banned</small></div><div class=""><small><em>Moody Clause:</em> Moody is banned</small></div><div class=""><small><em>Evasion Moves Clause:</em> Evasion moves are banned</small></div><div class=""><small><em>Endless Battle Clause:</em> Forcing endless battles is banned</small></div><div class=""><small><em>HP Percentage Mod:</em> HP is shown in percentages</small></div><div class=""><small><em>Swagger Clause:</em> Swagger is banned</small></div><div class=""><small><em>Baton Pass Clause:</em> Limit one Baton Passer, can't pass Spe and other stats simultaneously</small></div><div class="chat battle-history"><strong>RogueFalcon's team:</strong> <em style="color:#445566;display:block;">Porygon2 / Kingdra / Umbreon / Darmanitan / Bellossom / Drapion</em></div><div class="chat battle-history"><strong>Parnstar's team:</strong> <em style="color:#445566;display:block;">Mandibuzz / Ampharos / Donphan / Whimsicott / Mamoswine / Infernape</em></div><div class="spacer battle-history"><br></div><div class="battle-history">Battle started between RogueFalcon and Parnstar!<br></div><div class="spacer battle-history"><br></div><div class="battle-history">Go! <strong>Drapion</strong>!<br></div><div class="spacer battle-history"><br></div><div class="battle-history">Parnstar sent out <strong>Donphan</strong>!<br></div><div class="spacer battle-history"><br></div><h2 class="battle-history">Turn 1</h2><div class="spacer battle-history"><br></div><div class="battle-history">Drapion, come back!<br></div><div class="battle-history">Go! <strong>Umbreon</strong>!<br></div><div class="spacer battle-history"><br></div><div class="battle-history">The opposing Donphan used <strong>Stealth Rock</strong>!<br></div><div class="battle-history"><small>Pointed stones float in the air around your team!</small><br></div><div class="spacer battle-history"><br></div><h2 class="battle-history">Turn 2</h2><div class="spacer battle-history"><br></div><div class="battle-history">Parnstar withdrew Donphan!<br></div><div class="battle-history">Parnstar sent out <strong>Infernape</strong>!<br></div><div class="spacer battle-history"><br></div><div class="battle-history">Umbreon used <strong>Toxic</strong>!<br></div><div class="battle-history"><small>The opposing Infernape was badly poisoned!</small><br></div><div class="spacer battle-history"><br></div><div class="battle-history"><small>The opposing Infernape was hurt by poison!</small><br></div><div class="spacer battle-history"><br></div><h2 class="battle-history">Turn 3</h2><div class="spacer battle-history"><br></div><div class="battle-history">Umbreon used <strong>Protect</strong>!<br></div><div class="battle-history"><small>Umbreon protected itself!</small><br></div><div class="spacer battle-history"><br></div><div class="battle-history">The opposing Infernape used <strong>Close Combat</strong>!<br></div><div class="battle-history"><small>Umbreon protected itself!</small><br></div><div class="spacer battle-history"><br></div><div class="battle-history"><small>The opposing Infernape was hurt by poison!</small><br></div><div class="spacer battle-history"><br></div><h2 class="battle-history">Turn 4</h2><div class="spacer battle-history"><br></div><div class="battle-history">The opposing Infernape used <strong>U-turn</strong>!<br></div><div class="battle-history"><small>It's super effective!</small><br></div><div class="battle-history"><small>A critical hit!</small><br></div><div class="battle-history"><small>(Umbreon lost <abbr title="−136/394">34.5%</abbr> of its health!)</small><br></div><div class="spacer battle-history"><br></div><div class="battle-history">The opposing Infernape went back to Parnstar!<br></div><div class="battle-history">Parnstar sent out <strong>Donphan</strong>!<br></div><div class="spacer battle-history"><br></div><div class="battle-history">Umbreon used <strong>Wish</strong>!<br></div><div class="spacer battle-history"><br></div><div class="battle-history"><small>Umbreon restored a little HP using its Leftovers!</small><br></div><div class="spacer battle-history"><br></div><h2 class="battle-history">Turn 5</h2><div class="chat"><small>Math98 joined.</small></div><div class="spacer battle-history"><br></div><div class="battle-history">Umbreon used <strong>Foul Play</strong>!<br></div><div class="battle-history"><small>(The opposing Donphan lost <abbr title="−130/333">39.0%</abbr> of its health!)</small><br></div><div class="spacer battle-history"><br></div><div class="battle-history">The opposing Donphan used <strong>Roar</strong>!<br></div><div class="spacer battle-history"><br></div><div class="battle-history"><strong>Drapion</strong> was dragged out!<br></div><div class="battle-history"><small>Pointed stones dug into Drapion!</small><br></div><div class="spacer battle-history"><br></div><div class="battle-history"><small>Umbreon's wish came true!</small><br></div><div class="spacer battle-history"><br></div><h2 class="battle-history">Turn 6</h2><div class="spacer battle-history"><br></div><div class="battle-history">Drapion used <strong>Crunch</strong>!<br></div><div class="battle-history"><small>(The opposing Donphan lost <abbr title="−78/333">23.4%</abbr> of its health!)</small><br></div><div class="spacer battle-history"><br></div><div class="battle-history">The opposing Donphan used <strong>Roar</strong>!<br></div><div class="spacer battle-history"><br></div><div class="battle-history"><strong>Bellossom</strong> was dragged out!<br></div><div class="battle-history"><small>Pointed stones dug into Bellossom!</small><br></div><div class="spacer battle-history"><br></div><h2 class="battle-history">Turn 7</h2><div class="spacer battle-history"><br></div><div class="battle-history">Parnstar withdrew Donphan!<br></div><div class="battle-history">Parnstar sent out <strong>Infernape</strong>!<br></div><div class="spacer battle-history"><br></div><div class="battle-history">Bellossom used <strong>Giga Drain</strong>!<br></div><div class="battle-history"><small>It's not very effective...</small><br></div><div class="battle-history"><small>(The opposing Infernape lost <abbr title="−65/293">22.2%</abbr> of its health!)</small><br></div><div class="battle-history"><small>The opposing Infernape had its energy drained!</small><br></div><div class="spacer battle-history"><br></div><div class="battle-history"><small>The opposing Infernape was hurt by poison!</small><br></div><div class="spacer battle-history"><br></div><h2 class="battle-history">Turn 8</h2><div class="spacer battle-history"><br></div><div class="battle-history">Bellossom, come back!<br></div><div class="battle-history">Go! <strong>Kingdra</strong>!<br></div><div class="battle-history"><small>Pointed stones dug into Kingdra!</small><br></div><div class="spacer battle-history"><br></div><div class="battle-history">The opposing Infernape used <strong>Overheat</strong>!<br></div><div class="battle-history"><small>It's not very effective...</small><br></div><div class="battle-history"><small>(Kingdra lost <abbr title="−47/354">13.3%</abbr> of its health!)</small><br></div><div class="battle-history"><small>The opposing Infernape's Special Attack fell harshly!</small><br></div><div class="spacer battle-history"><br></div><div class="battle-history"><small>The opposing Infernape was hurt by poison!</small><br></div><div class="spacer battle-history"><br></div><h2 class="battle-history">Turn 9</h2><div class="spacer battle-history"><br></div><div class="battle-history">The opposing Infernape used <strong>Close Combat</strong>!<br></div><div class="battle-history"><small>(Kingdra lost <abbr title="−145/354">41.0%</abbr> of its health!)</small><br></div><div class="battle-history"><small>The opposing Infernape's Defense fell!</small><br></div><div class="battle-history"><small>The opposing Infernape's Special Defense fell!</small><br></div><div class="battle-history"><small>Kingdra ate its Sitrus Berry!</small><br></div><div class="battle-history"><small>Kingdra restored HP using its Sitrus Berry!</small><br></div><div class="spacer battle-history"><br></div><div class="battle-history">Kingdra used <strong>Dragon Dance</strong>!<br></div><div class="battle-history"><small>Kingdra's Attack rose!</small><br></div><div class="battle-history"><small>Kingdra's Speed rose!</small><br></div><div class="spacer battle-history"><br></div><div class="battle-history"><small>The opposing Infernape was hurt by poison!</small><br></div><div class="spacer battle-history"><br></div><h2 class="battle-history">Turn 10</h2><div class="spacer battle-history"><br></div><div class="battle-history">The opposing Infernape used <strong>Close Combat</strong>!<br></div><div class="battle-history"><small>(Kingdra lost <abbr title="−145/354">41.0%</abbr> of its health!)</small><br></div><div class="battle-history"><small>The opposing Infernape's Defense fell!</small><br></div><div class="battle-history"><small>The opposing Infernape's Special Defense fell!</small><br></div><div class="spacer battle-history"><br></div><div class="battle-history">Kingdra used <strong>Focus Energy</strong>!<br></div><div class="battle-history"><small>Kingdra is getting pumped!</small><br></div><div class="spacer battle-history"><br></div><div class="battle-history"><small>The opposing Infernape was hurt by poison!</small><br></div><div class="spacer battle-history"><br></div><div class="battle-history">The opposing Infernape fainted!<br></div><div class="spacer battle-history"><br></div><div class="battle-history">Parnstar sent out <strong>Whimsicott</strong>!<br></div><div class="spacer battle-history"><br></div><h2 class="battle-history">Turn 11</h2><div class="spacer battle-history"><br></div><div class="battle-history">The opposing Whimsicott used <strong>Encore</strong>!<br></div><div class="battle-history"><small>Kingdra received an encore!</small><br></div><div class="spacer battle-history"><br></div><div class="battle-history">Kingdra used <strong>Focus Energy</strong>!<br></div><div class="battle-history"><small>But it failed!</small><br></div><div class="spacer battle-history"><br></div><h2 class="battle-history">Turn 12</h2><div class="spacer battle-history"><br></div><div class="battle-history">Kingdra, come back!<br></div><div class="battle-history">Go! <strong>Umbreon</strong>!<br></div><div class="battle-history"><small>Pointed stones dug into Umbreon!</small><br></div><div class="spacer battle-history"><br></div><div class="battle-history">The opposing Whimsicott used <strong>Moonblast</strong>!<br></div><div class="battle-history"><small>It's super effective!</small><br></div><div class="battle-history"><small>(Umbreon lost <abbr title="−230/394">58.4%</abbr> of its health!)</small><br></div><div class="spacer battle-history"><br></div><div class="battle-history"><small>Umbreon restored a little HP using its Leftovers!</small><br></div><div class="spacer battle-history"><br></div><h2 class="battle-history">Turn 13</h2><div class="spacer battle-history"><br></div><div class="battle-history">The opposing Whimsicott used <strong>Moonblast</strong>!<br></div><div class="battle-history"><small>It's super effective!</small><br></div><div class="battle-history"><small>(Umbreon lost <abbr title="−27/394">6.9%</abbr> of its health!)</small><br></div><div class="spacer battle-history"><br></div><div class="battle-history">Umbreon fainted!<br></div><div class="spacer battle-history"><br></div><div class="battle-history">Go! <strong>Drapion</strong>!<br></div><div class="battle-history"><small>Pointed stones dug into Drapion!</small><br></div><div class="spacer battle-history"><br></div><h2 class="battle-history">Turn 14</h2><div class="spacer battle-history"><br></div><div class="battle-history">Parnstar withdrew Whimsicott!<br></div><div class="battle-history">Parnstar sent out <strong>Donphan</strong>!<br></div><div class="spacer battle-history"><br></div><div class="battle-history">Drapion used <strong>Acupressure</strong>!<br></div><div class="battle-history"><small>Drapion's Speed rose sharply!</small><br></div><div class="spacer battle-history"><br></div><h2 class="battle-history">Turn 15</h2><div class="spacer battle-history"><br></div><div class="battle-history">Drapion, come back!<br></div><div class="battle-history">Go! <strong>Kingdra</strong>!<br></div><div class="battle-history"><small>Pointed stones dug into Kingdra!</small><br></div><div class="spacer battle-history"><br></div><div class="battle-history">The opposing Donphan used <strong>Roar</strong>!<br></div><div class="spacer battle-history"><br></div><div class="battle-history"><strong>Bellossom</strong> was dragged out!<br></div><div class="battle-history"><small>Pointed stones dug into Bellossom!</small><br></div><div class="spacer battle-history"><br></div><h2 class="battle-history">Turn 16</h2><div class="spacer battle-history"><br></div><div class="battle-history">Parnstar withdrew Donphan!<br></div><div class="battle-history">Parnstar sent out <strong>Ampharos</strong>!<br></div><div class="spacer battle-history"><br></div><div class="battle-history">Bellossom used <strong>Sunny Day</strong>!<br></div><div class="battle-history"><small>The sunlight turned harsh!</small><br></div><div class="spacer battle-history"><br></div><div class="battle-history"><small>(The sunlight is strong!)</small><br></div><div class="spacer battle-history"><br></div><h2 class="battle-history">Turn 17</h2><div class="spacer battle-history"><br></div><div class="battle-history">Bellossom, come back!<br></div><div class="battle-history">Go! <strong>Darmanitan</strong>!<br></div><div class="battle-history"><small>Pointed stones dug into Darmanitan!</small><br></div><div class="spacer battle-history"><br></div><div class="battle-history"><small>The opposing Ampharos's Ampharosite is reacting to Parnstar's Mega Bracelet!</small><br>The opposing Ampharos has Mega Evolved into Mega Ampharos!<br></div><div class="battle-history"><small>[The opposing Ampharos's Mold Breaker]</small><br><small>The opposing Ampharos breaks the mold!</small><br></div><div class="spacer battle-history"><br></div><div class="battle-history">The opposing Ampharos used <strong>Cotton Guard</strong>!<br></div><div class="battle-history"><small>The opposing Ampharos's Defense rose drastically!</small><br></div><div class="spacer battle-history"><br></div><div class="battle-history"><small>(The sunlight is strong!)</small><br></div><div class="spacer battle-history"><br></div><h2 class="battle-history">Turn 18</h2><div class="spacer battle-history"><br></div><div class="battle-history">Darmanitan used <strong>Flare Blitz</strong>!<br></div><div class="battle-history"><small>It's not very effective...</small><br></div><div class="battle-history"><small>(The opposing Ampharos lost <abbr title="−109/383">28.5%</abbr> of its health!)</small><br></div><div class="battle-history"><small>Darmanitan is damaged by the recoil!</small><br></div><div class="spacer battle-history"><br></div><div class="battle-history">The opposing Ampharos used <strong>Thunderbolt</strong>!<br></div><div class="battle-history"><small>(Darmanitan lost <abbr title="−228/352">64.8%</abbr> of its health!)</small><br></div><div class="spacer battle-history"><br></div><div class="battle-history">Darmanitan fainted!<br></div><div class="spacer battle-history"><br></div><div class="battle-history"><small>(The sunlight is strong!)</small><br></div><div class="spacer battle-history"><br></div><div class="battle-history">Go! <strong>Porygon2</strong>!<br></div><div class="battle-history"><small>Pointed stones dug into Porygon2!</small><br></div><div class="spacer battle-history"><br></div><h2 class="battle-history">Turn 19</h2><div class="spacer battle-history"><br></div><div class="battle-history"><small>RogueFalcon forfeited.</small><br></div><div class="spacer battle-history"><br></div><div class="battle-history"><strong>Parnstar</strong> won the battle!<br></div><div class="chat"><small>RogueFalcon left.</small></div><div class="chat">RogueFalcon's rating: 1000 → <strong>1000</strong><br>(+0 for losing)</div><div class="chat">Parnstar's rating: 1291 → <strong>1299</strong><br>(+8 for winning)</div><div class="chat"><small>Math98 left.</small></div></div><div class="inner-preempt"></div></div></div>
</div>
<script>
let daily = Math.floor(Date.now()/1000/60/60/24);document.write('<script src="https://play.pokemonshowdown.com/js/replay-embed.js?version'+daily+'"></'+'script>');
</script>
