<!DOCTYPE html>
<meta charset="utf-8" />
<!-- version 1 -->
<title>UU replay: Parnstar vs. vagita fajita</title>
<style>
html,body {font-family:Verdana, sans-serif;font-size:10pt;margin:0;padding:0;}body{padding:12px 0;} .battle-log {font-family:Verdana, sans-serif;font-size:10pt;} .battle-log-inline {border:1px solid #AAAAAA;background:#EEF2F5;color:black;max-width:640px;margin:0 auto 80px;padding-bottom:5px;} .battle-log .inner {padding:4px 8px 0px 8px;} .battle-log .inner-preempt {padding:0 8px 4px 8px;} .battle-log .inner-after {margin-top:0.5em;} .battle-log h2 {margin:0.5em -8px;padding:4px 8px;border:1px solid #AAAAAA;background:#E0E7EA;border-left:0;border-right:0;font-family:Verdana, sans-serif;font-size:13pt;} .battle-log .chat {vertical-align:middle;padding:3px 0 3px 0;font-size:8pt;} .battle-log .chat strong {color:#40576A;} .battle-log .chat em {padding:1px 4px 1px 3px;color:#000000;font-style:normal;} .chat.mine {background:rgba(0,0,0,0.05);margin-left:-8px;margin-right:-8px;padding-left:8px;padding-right:8px;} .spoiler {color:#BBBBBB;background:#BBBBBB;padding:0px 3px;} .spoiler:hover, .spoiler:active, .spoiler-shown {color:#000000;background:#E2E2E2;padding:0px 3px;} .spoiler a {color:#BBBBBB;} .spoiler:hover a, .spoiler:active a, .spoiler-shown a {color:#2288CC;} .chat code, .chat .spoiler:hover code, .chat .spoiler:active code, .chat .spoiler-shown code {border:1px solid #C0C0C0;background:#EEEEEE;color:black;padding:0 2px;} .chat .spoiler code {border:1px solid #CCCCCC;background:#CCCCCC;color:#CCCCCC;} .battle-log .rated {padding:3px 4px;} .battle-log .rated strong {color:white;background:#89A;padding:1px 4px;border-radius:4px;} .spacer {margin-top:0.5em;} .message-announce {background:#6688AA;color:white;padding:1px 4px 2px;} .message-announce a, .broadcast-green a, .broadcast-blue a, .broadcast-red a {color:#DDEEFF;} .broadcast-green {background-color:#559955;color:white;padding:2px 4px;} .broadcast-blue {background-color:#6688AA;color:white;padding:2px 4px;} .infobox {border:1px solid #6688AA;padding:2px 4px;} .infobox-limited {max-height:200px;overflow:auto;overflow-x:hidden;} .broadcast-red {background-color:#AA5544;color:white;padding:2px 4px;} .message-learn-canlearn {font-weight:bold;color:#228822;text-decoration:underline;} .message-learn-cannotlearn {font-weight:bold;color:#CC2222;text-decoration:underline;} .message-effect-weak {font-weight:bold;color:#CC2222;} .message-effect-resist {font-weight:bold;color:#6688AA;} .message-effect-immune {font-weight:bold;color:#666666;} .message-learn-list {margin-top:0;margin-bottom:0;} .message-throttle-notice, .message-error {color:#992222;} .message-overflow, .chat small.message-overflow {font-size:0pt;} .message-overflow::before {font-size:9pt;content:'...';} .subtle {color:#3A4A66;}
</style>
<div class="wrapper replay-wrapper" style="max-width:1180px;margin:0 auto">
<input type="hidden" name="replayid" value="uu-546239681" />
<div class="battle"></div><div class="battle-log"></div><div class="replay-controls"></div><div class="replay-controls-2"></div>
<h1 style="font-weight:normal;text-align:center"><strong>UU</strong><br /><a href="http://pokemonshowdown.com/users/parnstar" class="subtle" target="_blank">Parnstar</a> vs. <a href="http://pokemonshowdown.com/users/vagitafajita" class="subtle" target="_blank">vagita fajita</a></h1>
<script type="text/plain" class="battle-log-data">|j|Parnstar
|j|vagita fajita
|player|p1|Parnstar|21
|player|p2|vagita fajita|157
|gametype|singles
|gen|6
|tier|UU
|rated
|seed|40638,18948,7675,59811
|rule|Sleep Clause Mod: Limit one foe put to sleep
|rule|Species Clause: Limit one of each Pokémon
|rule|OHKO Clause: OHKO moves are banned
|rule|Moody Clause: Moody is banned
|rule|Evasion Moves Clause: Evasion moves are banned
|rule|Endless Battle Clause: Forcing endless battles is banned
|rule|HP Percentage Mod: HP is shown in percentages
|clearpoke
|poke|p1|Sceptile, M|item
|poke|p1|Mamoswine, F|item
|poke|p1|Mandibuzz, F|item
|poke|p1|Hydreigon, M|item
|poke|p1|Mienshao, F|item
|poke|p1|Kyurem|item
|poke|p2|Krookodile, F|item
|poke|p2|Celebi|item
|poke|p2|Mandibuzz, F|item
|poke|p2|Blissey, F|item
|poke|p2|Sableye, M|item
|poke|p2|Aggron, M|item
|rule|Swagger Clause: Swagger is banned
|rule|Baton Pass Clause: Limit one Baton Passer, can't pass Spe and other stats simultaneously
|teampreview
|choice|team 6, team 2, team 3, team 4, team 5, team 1|team 5, team 2, team 3, team 4, team 1, team 6
|
|start
|switch|p1a: One move|Kyurem|405\/405
|switch|p2a: Sableye|Sableye, M|304\/304
|-ability|p1a: One move|Pressure
|turn|1
|choice|move icebeam|move taunt
|
|move|p2a: Sableye|Taunt|p1a: One move
|-start|p1a: One move|move: Taunt
|move|p1a: One move|Ice Beam|p2a: Sableye
|-damage|p2a: Sableye|13\/304
|
|-heal|p2a: Sableye|32\/304|[from] item: Leftovers
|upkeep
|turn|2
|choice|move icebeam|switch 4
|
|switch|p2a: Blissey|Blissey, F|714\/714
|move|p1a: One move|Ice Beam|p2a: Blissey
|-damage|p2a: Blissey|537\/714
|
|-heal|p2a: Blissey|581\/714|[from] item: Leftovers
|upkeep
|turn|3
|choice|switch 2|move wish
|
|switch|p1a: Stronk|Mamoswine, F|361\/361
|move|p2a: Blissey|Wish|p2a: Blissey
|
|-heal|p2a: Blissey|625\/714|[from] item: Leftovers
|upkeep
|turn|4
|choice|move iciclecrash|switch 4
|
|switch|p2a: Sableye|Sableye, M|32\/304
|move|p1a: Stronk|Icicle Crash|p2a: Sableye
|-damage|p2a: Sableye|0 fnt
|-damage|p1a: Stronk|325\/361|[from] item: Life Orb
|faint|p2a: Sableye
|
|upkeep
|choice||switch 6
|
|switch|p2a: Aggron|Aggron, M|343\/343
|turn|5
|choice|move earthquake|move heavyslam mega
|
|detailschange|p2a: Aggron|Aggron-Mega, M
|-mega|p2a: Aggron|Aggron|Aggronite
|move|p1a: Stronk|Earthquake|p2a: Aggron
|-supereffective|p2a: Aggron
|-damage|p2a: Aggron|197\/343
|-damage|p1a: Stronk|289\/361|[from] item: Life Orb
|move|p2a: Aggron|Heavy Slam|p1a: Stronk
|-supereffective|p1a: Stronk
|-damage|p1a: Stronk|91\/361
|
|upkeep
|turn|6
|choice|move endeavor|move heavyslam
|
|move|p1a: Stronk|Endeavor|p2a: Aggron
|-damage|p2a: Aggron|91\/343
|-damage|p1a: Stronk|55\/361|[from] item: Life Orb
|move|p2a: Aggron|Heavy Slam|p1a: Stronk
|-supereffective|p1a: Stronk
|-damage|p1a: Stronk|0 fnt
|faint|p1a: Stronk
|
|upkeep
|choice|switch 2|
|
|switch|p1a: One move|Kyurem|405\/405
|-ability|p1a: One move|Pressure
|turn|7
|choice|move icebeam|switch 4
|
|switch|p2a: Blissey|Blissey, F|625\/714
|move|p1a: One move|Ice Beam|p2a: Blissey
|-damage|p2a: Blissey|462\/714
|
|-heal|p2a: Blissey|506\/714|[from] item: Leftovers
|upkeep
|turn|8
|choice|switch 3|move wish
|
|switch|p1a: Thoty|Mandibuzz, F|424\/424
|move|p2a: Blissey|Wish|p2a: Blissey
|
|-heal|p2a: Blissey|550\/714|[from] item: Leftovers
|upkeep
|turn|9
|choice|move toxic|switch 4
|
|switch|p2a: Aggron|Aggron-Mega, M|91\/343
|move|p1a: Thoty|Toxic|p2a: Aggron
|-immune|p2a: Aggron|[msg]
|
|-heal|p2a: Aggron|343\/343|[from] move: Wish|[wisher] Blissey
|upkeep
|turn|10
|choice|switch 4|move stealthrock
|
|switch|p1a: Vanessa Valentine'|Hydreigon, M|325\/325
|move|p2a: Aggron|Stealth Rock|p1a: Vanessa Valentine'
|-sidestart|p1: Parnstar|move: Stealth Rock
|
|upkeep
|turn|11
|choice|move darkpulse|switch 4
|
|switch|p2a: Blissey|Blissey, F|550\/714
|move|p1a: Vanessa Valentine'|Dark Pulse|p2a: Blissey
|-damage|p2a: Blissey|439\/714
|
|-heal|p2a: Blissey|483\/714|[from] item: Leftovers
|upkeep
|turn|12
|choice|switch 6|move toxic
|
|switch|p1a: Gecko|Sceptile, M|281\/281
|-damage|p1a: Gecko|246\/281|[from] Stealth Rock
|move|p2a: Blissey|Toxic|p1a: Gecko
|-status|p1a: Gecko|tox
|
|-heal|p2a: Blissey|527\/714|[from] item: Leftovers
|-damage|p1a: Gecko|229\/281 tox|[from] psn
|upkeep
|turn|13
|choice|move leechseed mega|switch 3
|
|switch|p2a: Mandibuzz|Mandibuzz, F|424\/424
|detailschange|p1a: Gecko|Sceptile-Mega, M
|-mega|p1a: Gecko|Sceptile|Sceptilite
|move|p1a: Gecko|Leech Seed|p2a: Mandibuzz
|-start|p2a: Mandibuzz|move: Leech Seed
|
|-damage|p2a: Mandibuzz|371\/424|[from] Leech Seed|[of] p1a: Gecko
|-heal|p1a: Gecko|281\/281 tox|[silent]
|-damage|p1a: Gecko|247\/281 tox|[from] psn
|upkeep
|turn|14
|choice|switch 5|move whirlwind
|
|switch|p1a: Flappy fappy|Mienshao, F|271\/271
|-damage|p1a: Flappy fappy|255\/271|[from] Stealth Rock
|move|p2a: Mandibuzz|Whirlwind|p1a: Flappy fappy
|drag|p1a: Thoty|Mandibuzz, F|424\/424
|-damage|p1a: Thoty|318\/424|[from] Stealth Rock
|
|-heal|p1a: Thoty|344\/424|[from] item: Leftovers
|-damage|p2a: Mandibuzz|318\/424|[from] Leech Seed|[of] p1a: Thoty
|-heal|p1a: Thoty|397\/424|[silent]
|upkeep
|turn|15
|choice|move defog|switch 4
|
|switch|p2a: Aggron|Aggron-Mega, M|343\/343
|move|p1a: Thoty|Defog|p2a: Aggron
|-unboost|p2a: Aggron|evasion|1
|-sideend|p1: Parnstar|Stealth Rock|[from] move: Defog|[of] p1a: Thoty
|
|-heal|p1a: Thoty|423\/424|[from] item: Leftovers
|upkeep
|turn|16
|choice|move foulplay|move heavyslam
|
|move|p1a: Thoty|Foul Play|p2a: Aggron
|-damage|p2a: Aggron|258\/343
|move|p2a: Aggron|Heavy Slam|p1a: Thoty
|-damage|p1a: Thoty|261\/424
|
|-heal|p1a: Thoty|287\/424|[from] item: Leftovers
|upkeep
|turn|17
|choice|switch 6|move roar
|
|switch|p1a: Vanessa Valentine'|Hydreigon, M|325\/325
|move|p2a: Aggron|Roar|p1a: Vanessa Valentine'
|drag|p1a: Flappy fappy|Mienshao, F|255\/271
|
|upkeep
|turn|18
|choice|move highjumpkick|move roar
|
|move|p1a: Flappy fappy|High Jump Kick|p2a: Aggron
|-supereffective|p2a: Aggron
|-damage|p2a: Aggron|69\/343
|move|p2a: Aggron|Roar|p1a: Flappy fappy
|drag|p1a: One move|Kyurem|405\/405
|-ability|p1a: One move|Pressure
|
|upkeep
|turn|19
|choice|move dracometeor|switch 3
|
|switch|p2a: Blissey|Blissey, F|527\/714
|move|p1a: One move|Draco Meteor|p2a: Blissey
|-damage|p2a: Blissey|322\/714
|-unboost|p1a: One move|spa|2
|
|-heal|p2a: Blissey|366\/714|[from] item: Leftovers
|upkeep
|turn|20
|choice|switch 5|move wish
|
|switch|p1a: Gecko|Sceptile-Mega, M|247\/281 tox
|move|p2a: Blissey|Wish|p2a: Blissey
|
|-heal|p2a: Blissey|410\/714|[from] item: Leftovers
|-damage|p1a: Gecko|230\/281 tox|[from] psn
|upkeep
|turn|21
|choice|move dragonpulse|switch 3
|
|switch|p2a: Aggron|Aggron-Mega, M|69\/343
|move|p1a: Gecko|Dragon Pulse|p2a: Aggron
|-resisted|p2a: Aggron
|-damage|p2a: Aggron|0 fnt
|faint|p2a: Aggron
|
|-damage|p1a: Gecko|196\/281 tox|[from] psn
|upkeep
|choice||switch 2
|
|switch|p2a: Celebi|Celebi|342\/342
|turn|22
|choice|switch 6|move calmmind
|
|switch|p1a: Thoty|Mandibuzz, F|287\/424
|move|p2a: Celebi|Calm Mind|p2a: Celebi
|-boost|p2a: Celebi|spa|1
|-boost|p2a: Celebi|spd|1
|
|-heal|p1a: Thoty|313\/424|[from] item: Leftovers
|upkeep
|turn|23
|choice|move toxic|move gigadrain
|
|move|p2a: Celebi|Giga Drain|p1a: Thoty
|-resisted|p1a: Thoty
|-damage|p1a: Thoty|188\/424
|-damage|p2a: Celebi|308\/342|[from] item: Life Orb
|move|p1a: Thoty|Toxic|p2a: Celebi
|-status|p2a: Celebi|tox
|
|-heal|p1a: Thoty|214\/424|[from] item: Leftovers
|-damage|p2a: Celebi|287\/342 tox|[from] psn
|upkeep
|turn|24
|choice|move roost|move gigadrain
|
|move|p2a: Celebi|Giga Drain|p1a: Thoty
|-resisted|p1a: Thoty
|-damage|p1a: Thoty|83\/424
|-heal|p2a: Celebi|342\/342 tox|[from] drain|[of] p1a: Thoty
|-damage|p2a: Celebi|308\/342 tox|[from] item: Life Orb
|move|p1a: Thoty|Roost|p1a: Thoty
|-heal|p1a: Thoty|295\/424
|
|-heal|p1a: Thoty|321\/424|[from] item: Leftovers
|-damage|p2a: Celebi|266\/342 tox|[from] psn
|upkeep
|turn|25
|choice|move foulplay|switch 5
|
|-curestatus|p2a: Celebi|tox|[from] ability: Natural Cure
|switch|p2a: Krookodile|Krookodile, F|331\/331
|-ability|p2a: Krookodile|Intimidate|boost
|-unboost|p1a: Thoty|atk|1
|move|p1a: Thoty|Foul Play|p2a: Krookodile
|-resisted|p2a: Krookodile
|-damage|p2a: Krookodile|254\/331
|
|-heal|p1a: Thoty|347\/424|[from] item: Leftovers
|upkeep
|turn|26
|choice|switch 4|move rockslide
|
|switch|p1a: Vanessa Valentine'|Hydreigon, M|325\/325
|move|p2a: Krookodile|Rock Slide|p1a: Vanessa Valentine'
|-damage|p1a: Vanessa Valentine'|145\/325
|
|upkeep
|turn|27
|choice|move uturn|move rockslide
|
|move|p1a: Vanessa Valentine'|U-turn|p2a: Krookodile
|-supereffective|p2a: Krookodile
|-damage|p2a: Krookodile|142\/331
|choice|switch 3|
|
|switch|p1a: Flappy fappy|Mienshao, F|255\/271
|move|p2a: Krookodile|Rock Slide|p1a: Flappy fappy
|-resisted|p1a: Flappy fappy
|-damage|p1a: Flappy fappy|160\/271
|
|upkeep
|turn|28
|choice|move highjumpkick|switch 4
|
|switch|p2a: Mandibuzz|Mandibuzz, F|318\/424
|move|p1a: Flappy fappy|High Jump Kick|p2a: Mandibuzz
|-damage|p2a: Mandibuzz|119\/424
|-damage|p1a: Flappy fappy|115\/271|[from] item: Rocky Helmet|[of] p2a: Mandibuzz
|
|upkeep
|turn|29
|choice|move highjumpkick|move roost
|
|move|p1a: Flappy fappy|High Jump Kick|p2a: Mandibuzz
|-damage|p2a: Mandibuzz|0 fnt
|-damage|p1a: Flappy fappy|70\/271|[from] item: Rocky Helmet|[of] p2a: Mandibuzz
|faint|p2a: Mandibuzz
|
|upkeep
|choice||switch 4
|
|switch|p2a: Krookodile|Krookodile, F|142\/331
|-ability|p2a: Krookodile|Intimidate|boost
|-unboost|p1a: Flappy fappy|atk|1
|turn|30
|choice|move highjumpkick|switch 5
|
|switch|p2a: Celebi|Celebi|266\/342
|move|p1a: Flappy fappy|High Jump Kick|p2a: Celebi
|-resisted|p2a: Celebi
|-damage|p2a: Celebi|172\/342
|
|upkeep
|turn|31
|choice|switch 4|move calmmind
|
|switch|p1a: Thoty|Mandibuzz, F|347\/424
|move|p2a: Celebi|Calm Mind|p2a: Celebi
|-boost|p2a: Celebi|spa|1
|-boost|p2a: Celebi|spd|1
|
|-heal|p1a: Thoty|373\/424|[from] item: Leftovers
|upkeep
|turn|32
|choice|move toxic|move magiccoat
|
|move|p2a: Celebi|Magic Coat|p2a: Celebi
|-singleturn|p2a: Celebi|move: Magic Coat
|move|p1a: Thoty|Toxic|p2a: Celebi
|move|p2a: Celebi|Toxic|p1a: Thoty|[from]Magic Coat
|-status|p1a: Thoty|tox
|
|-heal|p1a: Thoty|399\/424 tox|[from] item: Leftovers
|-damage|p1a: Thoty|373\/424 tox|[from] psn
|upkeep
|turn|33
|choice|move toxic|move gigadrain
|
|move|p2a: Celebi|Giga Drain|p1a: Thoty
|-resisted|p1a: Thoty
|-damage|p1a: Thoty|252\/424 tox
|-heal|p2a: Celebi|233\/342|[from] drain|[of] p1a: Thoty
|-damage|p2a: Celebi|199\/342|[from] item: Life Orb
|move|p1a: Thoty|Toxic|p2a: Celebi
|-status|p2a: Celebi|tox
|
|-heal|p1a: Thoty|278\/424 tox|[from] item: Leftovers
|-damage|p2a: Celebi|178\/342 tox|[from] psn
|-damage|p1a: Thoty|226\/424 tox|[from] psn
|upkeep
|turn|34
|choice|move foulplay|move gigadrain
|
|move|p2a: Celebi|Giga Drain|p1a: Thoty
|-resisted|p1a: Thoty
|-damage|p1a: Thoty|92\/424 tox
|-heal|p2a: Celebi|245\/342 tox|[from] drain|[of] p1a: Thoty
|-damage|p2a: Celebi|211\/342 tox|[from] item: Life Orb
|move|p1a: Thoty|Foul Play|p2a: Celebi
|-supereffective|p2a: Celebi
|-damage|p2a: Celebi|41\/342 tox
|
|-heal|p1a: Thoty|118\/424 tox|[from] item: Leftovers
|-damage|p2a: Celebi|0 fnt|[from] psn
|-damage|p1a: Thoty|40\/424 tox|[from] psn
|upkeep
|faint|p2a: Celebi
|choice||switch 5
|
|switch|p2a: Krookodile|Krookodile, F|142\/331
|-ability|p2a: Krookodile|Intimidate|boost
|-unboost|p1a: Thoty|atk|1
|turn|35
|choice|move roost|move rockslide
|
|move|p2a: Krookodile|Rock Slide|p1a: Thoty
|-supereffective|p1a: Thoty
|-damage|p1a: Thoty|0 fnt
|faint|p1a: Thoty
|
|upkeep
|choice|switch 4|
|
|switch|p1a: Flappy fappy|Mienshao, F|70\/271
|turn|36
|c|☆Parnstar|Tense battle
|choice|move highjumpkick|move rockslide
|
|move|p1a: Flappy fappy|High Jump Kick|p2a: Krookodile|[miss]
|-miss|p1a: Flappy fappy|p2a: Krookodile
|-damage|p1a: Flappy fappy|0 fnt|[from] highjumpkick
|faint|p1a: Flappy fappy
|move|p2a: Krookodile|Rock Slide|p1: Flappy fappy|[notarget]
|-notarget
|
|upkeep
|choice|switch 3|
|
|switch|p1a: Vanessa Valentine'|Hydreigon, M|145\/325
|turn|37
|choice|move dracometeor|move rockslide
|
|move|p1a: Vanessa Valentine'|Draco Meteor|p2a: Krookodile
|-damage|p2a: Krookodile|0 fnt
|-unboost|p1a: Vanessa Valentine'|spa|2
|faint|p2a: Krookodile
|
|upkeep
|choice||switch 3
|
|switch|p2a: Blissey|Blissey, F|410\/714
|turn|38
|choice|switch 6|move wish
|
|switch|p1a: Gecko|Sceptile-Mega, M|196\/281 tox
|move|p2a: Blissey|Wish|p2a: Blissey
|
|-heal|p2a: Blissey|454\/714|[from] item: Leftovers
|-damage|p1a: Gecko|179\/281 tox|[from] psn
|upkeep
|turn|39
|choice|move leechseed|move seismictoss
|
|move|p1a: Gecko|Leech Seed|p2a: Blissey
|-start|p2a: Blissey|move: Leech Seed
|move|p2a: Blissey|Seismic Toss|p1a: Gecko
|-damage|p1a: Gecko|79\/281 tox
|
|-heal|p2a: Blissey|714\/714|[from] move: Wish|[wisher] Blissey
|-damage|p2a: Blissey|625\/714|[from] Leech Seed|[of] p1a: Gecko
|-heal|p1a: Gecko|168\/281 tox|[silent]
|-damage|p1a: Gecko|134\/281 tox|[from] psn
|upkeep
|turn|40
|choice|switch 5|move seismictoss
|
|switch|p1a: One move|Kyurem|405\/405
|-ability|p1a: One move|Pressure
|move|p2a: Blissey|Seismic Toss|p1a: One move
|-damage|p1a: One move|305\/405
|
|-heal|p2a: Blissey|669\/714|[from] item: Leftovers
|-damage|p2a: Blissey|580\/714|[from] Leech Seed|[of] p1a: One move
|-heal|p1a: One move|394\/405|[silent]
|upkeep
|turn|41
|choice|move toxic|move seismictoss
|
|move|p1a: One move|Toxic|p2a: Blissey
|-status|p2a: Blissey|tox
|move|p2a: Blissey|Seismic Toss|p1a: One move
|-damage|p1a: One move|294\/405
|
|-heal|p2a: Blissey|624\/714 tox|[from] item: Leftovers
|-damage|p2a: Blissey|535\/714 tox|[from] Leech Seed|[of] p1a: One move
|-heal|p1a: One move|383\/405|[silent]
|-damage|p2a: Blissey|491\/714 tox|[from] psn
|upkeep
|turn|42
|choice|switch 5|move healbell
|
|switch|p1a: Gecko|Sceptile-Mega, M|134\/281 tox
|move|p2a: Blissey|Heal Bell|p2a: Blissey
|-activate|p2a: Blissey|move: Heal Bell
|-curestatus|p2a: Blissey|tox|[msg]
|
|-heal|p2a: Blissey|535\/714|[from] item: Leftovers
|-damage|p2a: Blissey|446\/714|[from] Leech Seed|[of] p1a: Gecko
|-heal|p1a: Gecko|223\/281 tox|[silent]
|-damage|p1a: Gecko|206\/281 tox|[from] psn
|upkeep
|turn|43
|choice|move energyball|move wish
|
|move|p1a: Gecko|Energy Ball|p2a: Blissey
|-damage|p2a: Blissey|314\/714
|move|p2a: Blissey|Wish|p2a: Blissey
|
|-heal|p2a: Blissey|358\/714|[from] item: Leftovers
|-damage|p2a: Blissey|269\/714|[from] Leech Seed|[of] p1a: Gecko
|-heal|p1a: Gecko|281\/281 tox|[silent]
|-damage|p1a: Gecko|247\/281 tox|[from] psn
|upkeep
|turn|44
|choice|move energyball|move seismictoss
|
|move|p1a: Gecko|Energy Ball|p2a: Blissey
|-damage|p2a: Blissey|136\/714
|move|p2a: Blissey|Seismic Toss|p1a: Gecko
|-damage|p1a: Gecko|147\/281 tox
|
|-heal|p2a: Blissey|493\/714|[from] move: Wish|[wisher] Blissey
|-heal|p2a: Blissey|537\/714|[from] item: Leftovers
|-damage|p2a: Blissey|448\/714|[from] Leech Seed|[of] p1a: Gecko
|-heal|p1a: Gecko|236\/281 tox|[silent]
|-damage|p1a: Gecko|185\/281 tox|[from] psn
|upkeep
|turn|45
|choice|switch 5|move seismictoss
|
|switch|p1a: One move|Kyurem|383\/405
|-ability|p1a: One move|Pressure
|move|p2a: Blissey|Seismic Toss|p1a: One move
|-damage|p1a: One move|283\/405
|
|-heal|p2a: Blissey|492\/714|[from] item: Leftovers
|-damage|p2a: Blissey|403\/714|[from] Leech Seed|[of] p1a: One move
|-heal|p1a: One move|372\/405|[silent]
|upkeep
|turn|46
|choice|switch 5|move healbell
|
|switch|p1a: Gecko|Sceptile-Mega, M|185\/281 tox
|move|p2a: Blissey|Heal Bell|p2a: Blissey
|-activate|p2a: Blissey|move: Heal Bell
|
|-heal|p2a: Blissey|447\/714|[from] item: Leftovers
|-damage|p2a: Blissey|358\/714|[from] Leech Seed|[of] p1a: Gecko
|-heal|p1a: Gecko|274\/281 tox|[silent]
|-damage|p1a: Gecko|257\/281 tox|[from] psn
|upkeep
|turn|47
|choice|switch 6|move wish
|
|switch|p1a: Vanessa Valentine'|Hydreigon, M|145\/325
|move|p2a: Blissey|Wish|p2a: Blissey
|
|-heal|p2a: Blissey|402\/714|[from] item: Leftovers
|-damage|p2a: Blissey|313\/714|[from] Leech Seed|[of] p1a: Vanessa Valentine'
|-heal|p1a: Vanessa Valentine'|234\/325|[silent]
|upkeep
|turn|48
|choice|move irontail|move seismictoss
|
|move|p1a: Vanessa Valentine'|Iron Tail|p2a: Blissey|[miss]
|-miss|p1a: Vanessa Valentine'|p2a: Blissey
|move|p2a: Blissey|Seismic Toss|p1a: Vanessa Valentine'
|-damage|p1a: Vanessa Valentine'|134\/325
|
|-heal|p2a: Blissey|670\/714|[from] move: Wish|[wisher] Blissey
|-heal|p2a: Blissey|714\/714|[from] item: Leftovers
|-damage|p2a: Blissey|625\/714|[from] Leech Seed|[of] p1a: Vanessa Valentine'
|-heal|p1a: Vanessa Valentine'|223\/325|[silent]
|upkeep
|turn|49
|choice|switch 6|move toxic
|
|switch|p1a: Gecko|Sceptile-Mega, M|257\/281 tox
|move|p2a: Blissey|Toxic|p1a: Gecko
|-fail|p1a: Gecko|tox
|
|-heal|p2a: Blissey|669\/714|[from] item: Leftovers
|-damage|p2a: Blissey|580\/714|[from] Leech Seed|[of] p1a: Gecko
|-heal|p1a: Gecko|281\/281 tox|[silent]
|-damage|p1a: Gecko|264\/281 tox|[from] psn
|upkeep
|turn|50
|choice|move energyball|move seismictoss
|
|move|p1a: Gecko|Energy Ball|p2a: Blissey
|-damage|p2a: Blissey|457\/714
|move|p2a: Blissey|Seismic Toss|p1a: Gecko
|-damage|p1a: Gecko|164\/281 tox
|
|-heal|p2a: Blissey|501\/714|[from] item: Leftovers
|-damage|p2a: Blissey|412\/714|[from] Leech Seed|[of] p1a: Gecko
|-heal|p1a: Gecko|253\/281 tox|[silent]
|-damage|p1a: Gecko|219\/281 tox|[from] psn
|upkeep
|turn|51
|choice|switch 5|move seismictoss
|
|switch|p1a: One move|Kyurem|372\/405
|-ability|p1a: One move|Pressure
|move|p2a: Blissey|Seismic Toss|p1a: One move
|-damage|p1a: One move|272\/405
|
|-heal|p2a: Blissey|456\/714|[from] item: Leftovers
|-damage|p2a: Blissey|367\/714|[from] Leech Seed|[of] p1a: One move
|-heal|p1a: One move|361\/405|[silent]
|upkeep
|turn|52
|-message|vagita fajita forfeited.
|
|win|Parnstar
|player|p1
|player|p2
|l|vagita fajita
|raw|Parnstar's rating: 1269 &rarr; <strong>1285<\/strong><br \/>(+16 for winning)
|raw|vagita fajita's rating: 1145 &rarr; <strong>1128<\/strong><br \/>(-17 for losing)</script>
</div>
<div class="battle-log battle-log-inline"><div class="inner"><div class="battle-options"></div><div class="inner"><div class="chat"><small>Parnstar joined.</small></div><div class="chat"><small>vagita fajita joined.</small></div><div class=""><small>Format:</small> <br><strong>UU</strong></div><div class="rated"><strong>Rated battle</strong></div><div class=""><small><em>Sleep Clause Mod:</em> Limit one foe put to sleep</small></div><div class=""><small><em>Species Clause:</em> Limit one of each Pokémon</small></div><div class=""><small><em>OHKO Clause:</em> OHKO moves are banned</small></div><div class=""><small><em>Moody Clause:</em> Moody is banned</small></div><div class=""><small><em>Evasion Moves Clause:</em> Evasion moves are banned</small></div><div class=""><small><em>Endless Battle Clause:</em> Forcing endless battles is banned</small></div><div class=""><small><em>HP Percentage Mod:</em> HP is shown in percentages</small></div><div class=""><small><em>Swagger Clause:</em> Swagger is banned</small></div><div class=""><small><em>Baton Pass Clause:</em> Limit one Baton Passer, can't pass Spe and other stats simultaneously</small></div><div class="chat battle-history"><strong>Parnstar's team:</strong> <em style="color:#445566;display:block;">Sceptile / Mamoswine / Mandibuzz / Hydreigon / Mienshao / Kyurem</em></div><div class="chat battle-history"><strong>vagita fajita's team:</strong> <em style="color:#445566;display:block;">Krookodile / Celebi / Mandibuzz / Blissey / Sableye / Aggron</em></div><div class="spacer battle-history"><br></div><div class="battle-history">Battle started between Parnstar and vagita fajita!<br></div><div class="spacer battle-history"><br></div><div class="battle-history">Go! One move (<strong>Kyurem</strong>)!<br></div><div class="spacer battle-history"><br></div><div class="battle-history">vagita fajita sent out <strong>Sableye</strong>!<br></div><div class="battle-history"><small>[One move's Pressure]</small><br><small>One move is exerting its pressure!</small><br></div><div class="spacer battle-history"><br></div><h2 class="battle-history">Turn 1</h2><div class="spacer battle-history"><br></div><div class="battle-history">The opposing Sableye used <strong>Taunt</strong>!<br></div><div class="battle-history"><small>One move fell for the taunt!</small><br></div><div class="spacer battle-history"><br></div><div class="battle-history">One move used <strong>Ice Beam</strong>!<br></div><div class="battle-history"><small>(The opposing Sableye lost <abbr title="−291/304">95.7%</abbr> of its health!)</small><br></div><div class="spacer battle-history"><br></div><div class="battle-history"><small>The opposing Sableye restored a little HP using its Leftovers!</small><br></div><div class="spacer battle-history"><br></div><h2 class="battle-history">Turn 2</h2><div class="spacer battle-history"><br></div><div class="battle-history">vagita fajita withdrew Sableye!<br></div><div class="battle-history">vagita fajita sent out <strong>Blissey</strong>!<br></div><div class="spacer battle-history"><br></div><div class="battle-history">One move used <strong>Ice Beam</strong>!<br></div><div class="battle-history"><small>(The opposing Blissey lost <abbr title="−177/714">24.8%</abbr> of its health!)</small><br></div><div class="spacer battle-history"><br></div><div class="battle-history"><small>The opposing Blissey restored a little HP using its Leftovers!</small><br></div><div class="spacer battle-history"><br></div><h2 class="battle-history">Turn 3</h2><div class="spacer battle-history"><br></div><div class="battle-history">One move, come back!<br></div><div class="battle-history">Go! Stronk (<strong>Mamoswine</strong>)!<br></div><div class="spacer battle-history"><br></div><div class="battle-history">The opposing Blissey used <strong>Wish</strong>!<br></div><div class="spacer battle-history"><br></div><div class="battle-history"><small>The opposing Blissey restored a little HP using its Leftovers!</small><br></div><div class="spacer battle-history"><br></div><h2 class="battle-history">Turn 4</h2><div class="spacer battle-history"><br></div><div class="battle-history">vagita fajita withdrew Blissey!<br></div><div class="battle-history">vagita fajita sent out <strong>Sableye</strong>!<br></div><div class="spacer battle-history"><br></div><div class="battle-history">Stronk used <strong>Icicle Crash</strong>!<br></div><div class="battle-history"><small>(The opposing Sableye lost <abbr title="−32/304">10.5%</abbr> of its health!)</small><br></div><div class="battle-history"><small>Stronk lost some of its HP!</small><br></div><div class="spacer battle-history"><br></div><div class="battle-history">The opposing Sableye fainted!<br></div><div class="spacer battle-history"><br></div><div class="battle-history">vagita fajita sent out <strong>Aggron</strong>!<br></div><div class="spacer battle-history"><br></div><h2 class="battle-history">Turn 5</h2><div class="spacer battle-history"><br></div><div class="battle-history"><small>The opposing Aggron's Aggronite is reacting to vagita fajita's Mega Bracelet!</small><br>The opposing Aggron has Mega Evolved into Mega Aggron!<br></div><div class="spacer battle-history"><br></div><div class="battle-history">Stronk used <strong>Earthquake</strong>!<br></div><div class="battle-history"><small>It's super effective!</small><br></div><div class="battle-history"><small>(The opposing Aggron lost <abbr title="−146/343">42.6%</abbr> of its health!)</small><br></div><div class="battle-history"><small>Stronk lost some of its HP!</small><br></div><div class="spacer battle-history"><br></div><div class="battle-history">The opposing Aggron used <strong>Heavy Slam</strong>!<br></div><div class="battle-history"><small>It's super effective!</small><br></div><div class="battle-history"><small>(Stronk lost <abbr title="−198/361">54.8%</abbr> of its health!)</small><br></div><div class="spacer battle-history"><br></div><h2 class="battle-history">Turn 6</h2><div class="spacer battle-history"><br></div><div class="battle-history">Stronk used <strong>Endeavor</strong>!<br></div><div class="battle-history"><small>(The opposing Aggron lost <abbr title="−106/343">30.9%</abbr> of its health!)</small><br></div><div class="battle-history"><small>Stronk lost some of its HP!</small><br></div><div class="spacer battle-history"><br></div><div class="battle-history">The opposing Aggron used <strong>Heavy Slam</strong>!<br></div><div class="battle-history"><small>It's super effective!</small><br></div><div class="battle-history"><small>(Stronk lost <abbr title="−55/361">15.2%</abbr> of its health!)</small><br></div><div class="spacer battle-history"><br></div><div class="battle-history">Stronk fainted!<br></div><div class="spacer battle-history"><br></div><div class="battle-history">Go! One move (<strong>Kyurem</strong>)!<br></div><div class="battle-history"><small>[One move's Pressure]</small><br><small>One move is exerting its pressure!</small><br></div><div class="spacer battle-history"><br></div><h2 class="battle-history">Turn 7</h2><div class="spacer battle-history"><br></div><div class="battle-history">vagita fajita withdrew Aggron!<br></div><div class="battle-history">vagita fajita sent out <strong>Blissey</strong>!<br></div><div class="spacer battle-history"><br></div><div class="battle-history">One move used <strong>Ice Beam</strong>!<br></div><div class="battle-history"><small>(The opposing Blissey lost <abbr title="−163/714">22.8%</abbr> of its health!)</small><br></div><div class="spacer battle-history"><br></div><div class="battle-history"><small>The opposing Blissey restored a little HP using its Leftovers!</small><br></div><div class="spacer battle-history"><br></div><h2 class="battle-history">Turn 8</h2><div class="spacer battle-history"><br></div><div class="battle-history">One move, come back!<br></div><div class="battle-history">Go! Thoty (<strong>Mandibuzz</strong>)!<br></div><div class="spacer battle-history"><br></div><div class="battle-history">The opposing Blissey used <strong>Wish</strong>!<br></div><div class="spacer battle-history"><br></div><div class="battle-history"><small>The opposing Blissey restored a little HP using its Leftovers!</small><br></div><div class="spacer battle-history"><br></div><h2 class="battle-history">Turn 9</h2><div class="spacer battle-history"><br></div><div class="battle-history">vagita fajita withdrew Blissey!<br></div><div class="battle-history">vagita fajita sent out Aggron (<strong>Aggron-Mega</strong>)!<br></div><div class="spacer battle-history"><br></div><div class="battle-history">Thoty used <strong>Toxic</strong>!<br></div><div class="battle-history"><small>It doesn't affect the opposing Aggron...</small><br></div><div class="spacer battle-history"><br></div><div class="battle-history"><small>Blissey's wish came true!</small><br></div><div class="spacer battle-history"><br></div><h2 class="battle-history">Turn 10</h2><div class="spacer battle-history"><br></div><div class="battle-history">Thoty, come back!<br></div><div class="battle-history">Go! Vanessa Valentine' (<strong>Hydreigon</strong>)!<br></div><div class="spacer battle-history"><br></div><div class="battle-history">The opposing Aggron used <strong>Stealth Rock</strong>!<br></div><div class="battle-history"><small>Pointed stones float in the air around your team!</small><br></div><div class="spacer battle-history"><br></div><h2 class="battle-history">Turn 11</h2><div class="spacer battle-history"><br></div><div class="battle-history">vagita fajita withdrew Aggron!<br></div><div class="battle-history">vagita fajita sent out <strong>Blissey</strong>!<br></div><div class="spacer battle-history"><br></div><div class="battle-history">Vanessa Valentine' used <strong>Dark Pulse</strong>!<br></div><div class="battle-history"><small>(The opposing Blissey lost <abbr title="−111/714">15.5%</abbr> of its health!)</small><br></div><div class="spacer battle-history"><br></div><div class="battle-history"><small>The opposing Blissey restored a little HP using its Leftovers!</small><br></div><div class="spacer battle-history"><br></div><h2 class="battle-history">Turn 12</h2><div class="spacer battle-history"><br></div><div class="battle-history">Vanessa Valentine', come back!<br></div><div class="battle-history">Go! Gecko (<strong>Sceptile</strong>)!<br></div><div class="battle-history"><small>Pointed stones dug into Gecko!</small><br></div><div class="spacer battle-history"><br></div><div class="battle-history">The opposing Blissey used <strong>Toxic</strong>!<br></div><div class="battle-history"><small>Gecko was badly poisoned!</small><br></div><div class="spacer battle-history"><br></div><div class="battle-history"><small>The opposing Blissey restored a little HP using its Leftovers!</small><br></div><div class="battle-history"><small>Gecko was hurt by poison!</small><br></div><div class="spacer battle-history"><br></div><h2 class="battle-history">Turn 13</h2><div class="spacer battle-history"><br></div><div class="battle-history">vagita fajita withdrew Blissey!<br></div><div class="battle-history">vagita fajita sent out <strong>Mandibuzz</strong>!<br></div><div class="spacer battle-history"><br></div><div class="battle-history"><small>Gecko's Sceptilite is reacting to Parnstar's Mega Bracelet!</small><br>Gecko has Mega Evolved into Mega Sceptile!<br></div><div class="spacer battle-history"><br></div><div class="battle-history">Gecko used <strong>Leech Seed</strong>!<br></div><div class="battle-history"><small>The opposing Mandibuzz was seeded!</small><br></div><div class="spacer battle-history"><br></div><div class="battle-history"><small>The opposing Mandibuzz's health is sapped by Leech Seed!</small><br></div><div class="battle-history"><small>Gecko was hurt by poison!</small><br></div><div class="spacer battle-history"><br></div><h2 class="battle-history">Turn 14</h2><div class="spacer battle-history"><br></div><div class="battle-history">Gecko, come back!<br></div><div class="battle-history">Go! Flappy fappy (<strong>Mienshao</strong>)!<br></div><div class="battle-history"><small>Pointed stones dug into Flappy fappy!</small><br></div><div class="spacer battle-history"><br></div><div class="battle-history">The opposing Mandibuzz used <strong>Whirlwind</strong>!<br></div><div class="spacer battle-history"><br></div><div class="battle-history">Thoty (<strong>Mandibuzz</strong>) was dragged out!<br></div><div class="battle-history"><small>Pointed stones dug into Thoty!</small><br></div><div class="spacer battle-history"><br></div><div class="battle-history"><small>Thoty restored a little HP using its Leftovers!</small><br></div><div class="battle-history"><small>The opposing Mandibuzz's health is sapped by Leech Seed!</small><br></div><div class="spacer battle-history"><br></div><h2 class="battle-history">Turn 15</h2><div class="spacer battle-history"><br></div><div class="battle-history">vagita fajita withdrew Mandibuzz!<br></div><div class="battle-history">vagita fajita sent out Aggron (<strong>Aggron-Mega</strong>)!<br></div><div class="spacer battle-history"><br></div><div class="battle-history">Thoty used <strong>Defog</strong>!<br></div><div class="battle-history"><small>The opposing Aggron's evasiveness fell!</small><br></div><div class="battle-history"><small>The pointed stones disappeared from around your team!</small><br></div><div class="spacer battle-history"><br></div><div class="battle-history"><small>Thoty restored a little HP using its Leftovers!</small><br></div><div class="spacer battle-history"><br></div><h2 class="battle-history">Turn 16</h2><div class="spacer battle-history"><br></div><div class="battle-history">Thoty used <strong>Foul Play</strong>!<br></div><div class="battle-history"><small>(The opposing Aggron lost <abbr title="−85/343">24.8%</abbr> of its health!)</small><br></div><div class="spacer battle-history"><br></div><div class="battle-history">The opposing Aggron used <strong>Heavy Slam</strong>!<br></div><div class="battle-history"><small>(Thoty lost <abbr title="−162/424">38.2%</abbr> of its health!)</small><br></div><div class="spacer battle-history"><br></div><div class="battle-history"><small>Thoty restored a little HP using its Leftovers!</small><br></div><div class="spacer battle-history"><br></div><h2 class="battle-history">Turn 17</h2><div class="spacer battle-history"><br></div><div class="battle-history">Thoty, come back!<br></div><div class="battle-history">Go! Vanessa Valentine' (<strong>Hydreigon</strong>)!<br></div><div class="spacer battle-history"><br></div><div class="battle-history">The opposing Aggron used <strong>Roar</strong>!<br></div><div class="spacer battle-history"><br></div><div class="battle-history">Flappy fappy (<strong>Mienshao</strong>) was dragged out!<br></div><div class="spacer battle-history"><br></div><h2 class="battle-history">Turn 18</h2><div class="spacer battle-history"><br></div><div class="battle-history">Flappy fappy used <strong>High Jump Kick</strong>!<br></div><div class="battle-history"><small>It's super effective!</small><br></div><div class="battle-history"><small>(The opposing Aggron lost <abbr title="−189/343">55.1%</abbr> of its health!)</small><br></div><div class="spacer battle-history"><br></div><div class="battle-history">The opposing Aggron used <strong>Roar</strong>!<br></div><div class="spacer battle-history"><br></div><div class="battle-history">One move (<strong>Kyurem</strong>) was dragged out!<br></div><div class="battle-history"><small>[One move's Pressure]</small><br><small>One move is exerting its pressure!</small><br></div><div class="spacer battle-history"><br></div><h2 class="battle-history">Turn 19</h2><div class="spacer battle-history"><br></div><div class="battle-history">vagita fajita withdrew Aggron!<br></div><div class="battle-history">vagita fajita sent out <strong>Blissey</strong>!<br></div><div class="spacer battle-history"><br></div><div class="battle-history">One move used <strong>Draco Meteor</strong>!<br></div><div class="battle-history"><small>(The opposing Blissey lost <abbr title="−205/714">28.7%</abbr> of its health!)</small><br></div><div class="battle-history"><small>One move's Special Attack fell harshly!</small><br></div><div class="spacer battle-history"><br></div><div class="battle-history"><small>The opposing Blissey restored a little HP using its Leftovers!</small><br></div><div class="spacer battle-history"><br></div><h2 class="battle-history">Turn 20</h2><div class="spacer battle-history"><br></div><div class="battle-history">One move, come back!<br></div><div class="battle-history">Go! Gecko (<strong>Sceptile-Mega</strong>)!<br></div><div class="spacer battle-history"><br></div><div class="battle-history">The opposing Blissey used <strong>Wish</strong>!<br></div><div class="spacer battle-history"><br></div><div class="battle-history"><small>The opposing Blissey restored a little HP using its Leftovers!</small><br></div><div class="battle-history"><small>Gecko was hurt by poison!</small><br></div><div class="spacer battle-history"><br></div><h2 class="battle-history">Turn 21</h2><div class="spacer battle-history"><br></div><div class="battle-history">vagita fajita withdrew Blissey!<br></div><div class="battle-history">vagita fajita sent out Aggron (<strong>Aggron-Mega</strong>)!<br></div><div class="spacer battle-history"><br></div><div class="battle-history">Gecko used <strong>Dragon Pulse</strong>!<br></div><div class="battle-history"><small>It's not very effective...</small><br></div><div class="battle-history"><small>(The opposing Aggron lost <abbr title="−69/343">20.1%</abbr> of its health!)</small><br></div><div class="spacer battle-history"><br></div><div class="battle-history">The opposing Aggron fainted!<br></div><div class="spacer battle-history"><br></div><div class="battle-history"><small>Gecko was hurt by poison!</small><br></div><div class="spacer battle-history"><br></div><div class="battle-history">vagita fajita sent out <strong>Celebi</strong>!<br></div><div class="spacer battle-history"><br></div><h2 class="battle-history">Turn 22</h2><div class="spacer battle-history"><br></div><div class="battle-history">Gecko, come back!<br></div><div class="battle-history">Go! Thoty (<strong>Mandibuzz</strong>)!<br></div><div class="spacer battle-history"><br></div><div class="battle-history">The opposing Celebi used <strong>Calm Mind</strong>!<br></div><div class="battle-history"><small>The opposing Celebi's Special Attack rose!</small><br></div><div class="battle-history"><small>The opposing Celebi's Special Defense rose!</small><br></div><div class="spacer battle-history"><br></div><div class="battle-history"><small>Thoty restored a little HP using its Leftovers!</small><br></div><div class="spacer battle-history"><br></div><h2 class="battle-history">Turn 23</h2><div class="spacer battle-history"><br></div><div class="battle-history">The opposing Celebi used <strong>Giga Drain</strong>!<br></div><div class="battle-history"><small>It's not very effective...</small><br></div><div class="battle-history"><small>(Thoty lost <abbr title="−125/424">29.5%</abbr> of its health!)</small><br></div><div class="battle-history"><small>The opposing Celebi lost some of its HP!</small><br></div><div class="spacer battle-history"><br></div><div class="battle-history">Thoty used <strong>Toxic</strong>!<br></div><div class="battle-history"><small>The opposing Celebi was badly poisoned!</small><br></div><div class="spacer battle-history"><br></div><div class="battle-history"><small>Thoty restored a little HP using its Leftovers!</small><br></div><div class="battle-history"><small>The opposing Celebi was hurt by poison!</small><br></div><div class="spacer battle-history"><br></div><h2 class="battle-history">Turn 24</h2><div class="spacer battle-history"><br></div><div class="battle-history">The opposing Celebi used <strong>Giga Drain</strong>!<br></div><div class="battle-history"><small>It's not very effective...</small><br></div><div class="battle-history"><small>(Thoty lost <abbr title="−131/424">30.9%</abbr> of its health!)</small><br></div><div class="battle-history"><small>Thoty had its energy drained!</small><br></div><div class="battle-history"><small>The opposing Celebi lost some of its HP!</small><br></div><div class="spacer battle-history"><br></div><div class="battle-history">Thoty used <strong>Roost</strong>!<br></div><div class="battle-history"><small>Thoty restored its HP.</small><br></div><div class="spacer battle-history"><br></div><div class="battle-history"><small>Thoty restored a little HP using its Leftovers!</small><br></div><div class="battle-history"><small>The opposing Celebi was hurt by poison!</small><br></div><div class="spacer battle-history"><br></div><h2 class="battle-history">Turn 25</h2><div class="spacer battle-history"><br></div><div class="battle-history"><small>(The opposing Celebi is cured by its Natural Cure!)</small><br></div><div class="battle-history">vagita fajita withdrew Celebi!<br></div><div class="battle-history">vagita fajita sent out <strong>Krookodile</strong>!<br></div><div class="battle-history"><small>[The opposing Krookodile's Intimidate]</small><br></div><div class="battle-history"><small>Thoty's Attack fell!</small><br></div><div class="spacer battle-history"><br></div><div class="battle-history">Thoty used <strong>Foul Play</strong>!<br></div><div class="battle-history"><small>It's not very effective...</small><br></div><div class="battle-history"><small>(The opposing Krookodile lost <abbr title="−77/331">23.3%</abbr> of its health!)</small><br></div><div class="spacer battle-history"><br></div><div class="battle-history"><small>Thoty restored a little HP using its Leftovers!</small><br></div><div class="spacer battle-history"><br></div><h2 class="battle-history">Turn 26</h2><div class="spacer battle-history"><br></div><div class="battle-history">Thoty, come back!<br></div><div class="battle-history">Go! Vanessa Valentine' (<strong>Hydreigon</strong>)!<br></div><div class="spacer battle-history"><br></div><div class="battle-history">The opposing Krookodile used <strong>Rock Slide</strong>!<br></div><div class="battle-history"><small>(Vanessa Valentine' lost <abbr title="−180/325">55.4%</abbr> of its health!)</small><br></div><div class="spacer battle-history"><br></div><h2 class="battle-history">Turn 27</h2><div class="spacer battle-history"><br></div><div class="battle-history">Vanessa Valentine' used <strong>U-turn</strong>!<br></div><div class="battle-history"><small>It's super effective!</small><br></div><div class="battle-history"><small>(The opposing Krookodile lost <abbr title="−112/331">33.8%</abbr> of its health!)</small><br></div><div class="spacer battle-history"><br></div><div class="battle-history">Vanessa Valentine' went back to Parnstar!<br></div><div class="battle-history">Go! Flappy fappy (<strong>Mienshao</strong>)!<br></div><div class="spacer battle-history"><br></div><div class="battle-history">The opposing Krookodile used <strong>Rock Slide</strong>!<br></div><div class="battle-history"><small>It's not very effective...</small><br></div><div class="battle-history"><small>(Flappy fappy lost <abbr title="−95/271">35.1%</abbr> of its health!)</small><br></div><div class="spacer battle-history"><br></div><h2 class="battle-history">Turn 28</h2><div class="spacer battle-history"><br></div><div class="battle-history">vagita fajita withdrew Krookodile!<br></div><div class="battle-history">vagita fajita sent out <strong>Mandibuzz</strong>!<br></div><div class="spacer battle-history"><br></div><div class="battle-history">Flappy fappy used <strong>High Jump Kick</strong>!<br></div><div class="battle-history"><small>(The opposing Mandibuzz lost <abbr title="−199/424">46.9%</abbr> of its health!)</small><br></div><div class="battle-history"><small>Flappy fappy was hurt by the Rocky Helmet!</small><br></div><div class="spacer battle-history"><br></div><h2 class="battle-history">Turn 29</h2><div class="spacer battle-history"><br></div><div class="battle-history">Flappy fappy used <strong>High Jump Kick</strong>!<br></div><div class="battle-history"><small>(The opposing Mandibuzz lost <abbr title="−119/424">28.1%</abbr> of its health!)</small><br></div><div class="battle-history"><small>Flappy fappy was hurt by the Rocky Helmet!</small><br></div><div class="spacer battle-history"><br></div><div class="battle-history">The opposing Mandibuzz fainted!<br></div><div class="spacer battle-history"><br></div><div class="battle-history">vagita fajita sent out <strong>Krookodile</strong>!<br></div><div class="battle-history"><small>[The opposing Krookodile's Intimidate]</small><br></div><div class="battle-history"><small>Flappy fappy's Attack fell!</small><br></div><div class="spacer battle-history"><br></div><h2 class="battle-history">Turn 30</h2><div class="spacer battle-history"><br></div><div class="battle-history">vagita fajita withdrew Krookodile!<br></div><div class="battle-history">vagita fajita sent out <strong>Celebi</strong>!<br></div><div class="spacer battle-history"><br></div><div class="battle-history">Flappy fappy used <strong>High Jump Kick</strong>!<br></div><div class="battle-history"><small>It's not very effective...</small><br></div><div class="battle-history"><small>(The opposing Celebi lost <abbr title="−94/342">27.5%</abbr> of its health!)</small><br></div><div class="spacer battle-history"><br></div><h2 class="battle-history">Turn 31</h2><div class="spacer battle-history"><br></div><div class="battle-history">Flappy fappy, come back!<br></div><div class="battle-history">Go! Thoty (<strong>Mandibuzz</strong>)!<br></div><div class="spacer battle-history"><br></div><div class="battle-history">The opposing Celebi used <strong>Calm Mind</strong>!<br></div><div class="battle-history"><small>The opposing Celebi's Special Attack rose!</small><br></div><div class="battle-history"><small>The opposing Celebi's Special Defense rose!</small><br></div><div class="spacer battle-history"><br></div><div class="battle-history"><small>Thoty restored a little HP using its Leftovers!</small><br></div><div class="spacer battle-history"><br></div><h2 class="battle-history">Turn 32</h2><div class="spacer battle-history"><br></div><div class="battle-history">The opposing Celebi used <strong>Magic Coat</strong>!<br></div><div class="battle-history"><small>The opposing Celebi shrouded itself with Magic Coat!</small><br></div><div class="spacer battle-history"><br></div><div class="battle-history">Thoty used <strong>Toxic</strong>!<br></div><div class="spacer battle-history"><br></div><div class="battle-history">The opposing Celebi bounced the Toxic back!<br></div><div class="battle-history"><small>Thoty was badly poisoned!</small><br></div><div class="spacer battle-history"><br></div><div class="battle-history"><small>Thoty restored a little HP using its Leftovers!</small><br></div><div class="battle-history"><small>Thoty was hurt by poison!</small><br></div><div class="spacer battle-history"><br></div><h2 class="battle-history">Turn 33</h2><div class="spacer battle-history"><br></div><div class="battle-history">The opposing Celebi used <strong>Giga Drain</strong>!<br></div><div class="battle-history"><small>It's not very effective...</small><br></div><div class="battle-history"><small>(Thoty lost <abbr title="−121/424">28.5%</abbr> of its health!)</small><br></div><div class="battle-history"><small>Thoty had its energy drained!</small><br></div><div class="battle-history"><small>The opposing Celebi lost some of its HP!</small><br></div><div class="spacer battle-history"><br></div><div class="battle-history">Thoty used <strong>Toxic</strong>!<br></div><div class="battle-history"><small>The opposing Celebi was badly poisoned!</small><br></div><div class="spacer battle-history"><br></div><div class="battle-history"><small>Thoty restored a little HP using its Leftovers!</small><br></div><div class="battle-history"><small>The opposing Celebi was hurt by poison!</small><br></div><div class="battle-history"><small>Thoty was hurt by poison!</small><br></div><div class="spacer battle-history"><br></div><h2 class="battle-history">Turn 34</h2><div class="spacer battle-history"><br></div><div class="battle-history">The opposing Celebi used <strong>Giga Drain</strong>!<br></div><div class="battle-history"><small>It's not very effective...</small><br></div><div class="battle-history"><small>(Thoty lost <abbr title="−134/424">31.6%</abbr> of its health!)</small><br></div><div class="battle-history"><small>Thoty had its energy drained!</small><br></div><div class="battle-history"><small>The opposing Celebi lost some of its HP!</small><br></div><div class="spacer battle-history"><br></div><div class="battle-history">Thoty used <strong>Foul Play</strong>!<br></div><div class="battle-history"><small>It's super effective!</small><br></div><div class="battle-history"><small>(The opposing Celebi lost <abbr title="−170/342">49.7%</abbr> of its health!)</small><br></div><div class="spacer battle-history"><br></div><div class="battle-history"><small>Thoty restored a little HP using its Leftovers!</small><br></div><div class="battle-history"><small>The opposing Celebi was hurt by poison!</small><br></div><div class="battle-history"><small>Thoty was hurt by poison!</small><br></div><div class="spacer battle-history"><br></div><div class="battle-history">The opposing Celebi fainted!<br></div><div class="spacer battle-history"><br></div><div class="battle-history">vagita fajita sent out <strong>Krookodile</strong>!<br></div><div class="battle-history"><small>[The opposing Krookodile's Intimidate]</small><br></div><div class="battle-history"><small>Thoty's Attack fell!</small><br></div><div class="spacer battle-history"><br></div><h2 class="battle-history">Turn 35</h2><div class="spacer battle-history"><br></div><div class="battle-history">The opposing Krookodile used <strong>Rock Slide</strong>!<br></div><div class="battle-history"><small>It's super effective!</small><br></div><div class="battle-history"><small>(Thoty lost <abbr title="−40/424">9.4%</abbr> of its health!)</small><br></div><div class="spacer battle-history"><br></div><div class="battle-history">Thoty fainted!<br></div><div class="spacer battle-history"><br></div><div class="battle-history">Go! Flappy fappy (<strong>Mienshao</strong>)!<br></div><div class="spacer battle-history"><br></div><h2 class="battle-history">Turn 36</h2><div class="chat chatmessage-parnstar"><strong style="color:hsl(41,84%,41.163999978976825%)"><small>☆</small><span class="username" data-name="Parnstar">Parnstar</span>:</strong> <em>Tense battle</em></div><div class="spacer battle-history"><br></div><div class="battle-history">Flappy fappy used <strong>High Jump Kick</strong>!<br></div><div class="battle-history"><small>The opposing Krookodile avoided the attack!</small><br></div><div class="battle-history"><small>Flappy fappy kept going and crashed!</small><br></div><div class="spacer battle-history"><br></div><div class="battle-history">Flappy fappy fainted!<br></div><div class="battle-history">The opposing Krookodile used <strong>Rock Slide</strong>!<br></div><div class="battle-history"><small>But there was no target...</small><br></div><div class="spacer battle-history"><br></div><div class="battle-history">Go! Vanessa Valentine' (<strong>Hydreigon</strong>)!<br></div><div class="spacer battle-history"><br></div><h2 class="battle-history">Turn 37</h2><div class="spacer battle-history"><br></div><div class="battle-history">Vanessa Valentine' used <strong>Draco Meteor</strong>!<br></div><div class="battle-history"><small>(The opposing Krookodile lost <abbr title="−142/331">42.9%</abbr> of its health!)</small><br></div><div class="battle-history"><small>Vanessa Valentine''s Special Attack fell harshly!</small><br></div><div class="spacer battle-history"><br></div><div class="battle-history">The opposing Krookodile fainted!<br></div><div class="spacer battle-history"><br></div><div class="battle-history">vagita fajita sent out <strong>Blissey</strong>!<br></div><div class="spacer battle-history"><br></div><h2 class="battle-history">Turn 38</h2><div class="spacer battle-history"><br></div><div class="battle-history">Vanessa Valentine', come back!<br></div><div class="battle-history">Go! Gecko (<strong>Sceptile-Mega</strong>)!<br></div><div class="spacer battle-history"><br></div><div class="battle-history">The opposing Blissey used <strong>Wish</strong>!<br></div><div class="spacer battle-history"><br></div><div class="battle-history"><small>The opposing Blissey restored a little HP using its Leftovers!</small><br></div><div class="battle-history"><small>Gecko was hurt by poison!</small><br></div><div class="spacer battle-history"><br></div><h2 class="battle-history">Turn 39</h2><div class="spacer battle-history"><br></div><div class="battle-history">Gecko used <strong>Leech Seed</strong>!<br></div><div class="battle-history"><small>The opposing Blissey was seeded!</small><br></div><div class="spacer battle-history"><br></div><div class="battle-history">The opposing Blissey used <strong>Seismic Toss</strong>!<br></div><div class="battle-history"><small>(Gecko lost <abbr title="−100/281">35.6%</abbr> of its health!)</small><br></div><div class="spacer battle-history"><br></div><div class="battle-history"><small>Blissey's wish came true!</small><br></div><div class="battle-history"><small>The opposing Blissey's health is sapped by Leech Seed!</small><br></div><div class="battle-history"><small>Gecko was hurt by poison!</small><br></div><div class="spacer battle-history"><br></div><h2 class="battle-history">Turn 40</h2><div class="spacer battle-history"><br></div><div class="battle-history">Gecko, come back!<br></div><div class="battle-history">Go! One move (<strong>Kyurem</strong>)!<br></div><div class="battle-history"><small>[One move's Pressure]</small><br><small>One move is exerting its pressure!</small><br></div><div class="spacer battle-history"><br></div><div class="battle-history">The opposing Blissey used <strong>Seismic Toss</strong>!<br></div><div class="battle-history"><small>(One move lost <abbr title="−100/405">24.7%</abbr> of its health!)</small><br></div><div class="spacer battle-history"><br></div><div class="battle-history"><small>The opposing Blissey restored a little HP using its Leftovers!</small><br></div><div class="battle-history"><small>The opposing Blissey's health is sapped by Leech Seed!</small><br></div><div class="spacer battle-history"><br></div><h2 class="battle-history">Turn 41</h2><div class="spacer battle-history"><br></div><div class="battle-history">One move used <strong>Toxic</strong>!<br></div><div class="battle-history"><small>The opposing Blissey was badly poisoned!</small><br></div><div class="spacer battle-history"><br></div><div class="battle-history">The opposing Blissey used <strong>Seismic Toss</strong>!<br></div><div class="battle-history"><small>(One move lost <abbr title="−100/405">24.7%</abbr> of its health!)</small><br></div><div class="spacer battle-history"><br></div><div class="battle-history"><small>The opposing Blissey restored a little HP using its Leftovers!</small><br></div><div class="battle-history"><small>The opposing Blissey's health is sapped by Leech Seed!</small><br></div><div class="battle-history"><small>The opposing Blissey was hurt by poison!</small><br></div><div class="spacer battle-history"><br></div><h2 class="battle-history">Turn 42</h2><div class="spacer battle-history"><br></div><div class="battle-history">One move, come back!<br></div><div class="battle-history">Go! Gecko (<strong>Sceptile-Mega</strong>)!<br></div><div class="spacer battle-history"><br></div><div class="battle-history">The opposing Blissey used <strong>Heal Bell</strong>!<br></div><div class="battle-history"><small>A bell chimed!</small><br></div><div class="battle-history"><small>The opposing Blissey was cured of its poisoning.</small><br></div><div class="spacer battle-history"><br></div><div class="battle-history"><small>The opposing Blissey restored a little HP using its Leftovers!</small><br></div><div class="battle-history"><small>The opposing Blissey's health is sapped by Leech Seed!</small><br></div><div class="battle-history"><small>Gecko was hurt by poison!</small><br></div><div class="spacer battle-history"><br></div><h2 class="battle-history">Turn 43</h2><div class="spacer battle-history"><br></div><div class="battle-history">Gecko used <strong>Energy Ball</strong>!<br></div><div class="battle-history"><small>(The opposing Blissey lost <abbr title="−132/714">18.5%</abbr> of its health!)</small><br></div><div class="spacer battle-history"><br></div><div class="battle-history">The opposing Blissey used <strong>Wish</strong>!<br></div><div class="spacer battle-history"><br></div><div class="battle-history"><small>The opposing Blissey restored a little HP using its Leftovers!</small><br></div><div class="battle-history"><small>The opposing Blissey's health is sapped by Leech Seed!</small><br></div><div class="battle-history"><small>Gecko was hurt by poison!</small><br></div><div class="spacer battle-history"><br></div><h2 class="battle-history">Turn 44</h2><div class="spacer battle-history"><br></div><div class="battle-history">Gecko used <strong>Energy Ball</strong>!<br></div><div class="battle-history"><small>(The opposing Blissey lost <abbr title="−133/714">18.6%</abbr> of its health!)</small><br></div><div class="spacer battle-history"><br></div><div class="battle-history">The opposing Blissey used <strong>Seismic Toss</strong>!<br></div><div class="battle-history"><small>(Gecko lost <abbr title="−100/281">35.6%</abbr> of its health!)</small><br></div><div class="spacer battle-history"><br></div><div class="battle-history"><small>Blissey's wish came true!</small><br></div><div class="battle-history"><small>The opposing Blissey restored a little HP using its Leftovers!</small><br></div><div class="battle-history"><small>The opposing Blissey's health is sapped by Leech Seed!</small><br></div><div class="battle-history"><small>Gecko was hurt by poison!</small><br></div><div class="spacer battle-history"><br></div><h2 class="battle-history">Turn 45</h2><div class="spacer battle-history"><br></div><div class="battle-history">Gecko, come back!<br></div><div class="battle-history">Go! One move (<strong>Kyurem</strong>)!<br></div><div class="battle-history"><small>[One move's Pressure]</small><br><small>One move is exerting its pressure!</small><br></div><div class="spacer battle-history"><br></div><div class="battle-history">The opposing Blissey used <strong>Seismic Toss</strong>!<br></div><div class="battle-history"><small>(One move lost <abbr title="−100/405">24.7%</abbr> of its health!)</small><br></div><div class="spacer battle-history"><br></div><div class="battle-history"><small>The opposing Blissey restored a little HP using its Leftovers!</small><br></div><div class="battle-history"><small>The opposing Blissey's health is sapped by Leech Seed!</small><br></div><div class="spacer battle-history"><br></div><h2 class="battle-history">Turn 46</h2><div class="spacer battle-history"><br></div><div class="battle-history">One move, come back!<br></div><div class="battle-history">Go! Gecko (<strong>Sceptile-Mega</strong>)!<br></div><div class="spacer battle-history"><br></div><div class="battle-history">The opposing Blissey used <strong>Heal Bell</strong>!<br></div><div class="battle-history"><small>A bell chimed!</small><br></div><div class="spacer battle-history"><br></div><div class="battle-history"><small>The opposing Blissey restored a little HP using its Leftovers!</small><br></div><div class="battle-history"><small>The opposing Blissey's health is sapped by Leech Seed!</small><br></div><div class="battle-history"><small>Gecko was hurt by poison!</small><br></div><div class="spacer battle-history"><br></div><h2 class="battle-history">Turn 47</h2><div class="spacer battle-history"><br></div><div class="battle-history">Gecko, come back!<br></div><div class="battle-history">Go! Vanessa Valentine' (<strong>Hydreigon</strong>)!<br></div><div class="spacer battle-history"><br></div><div class="battle-history">The opposing Blissey used <strong>Wish</strong>!<br></div><div class="spacer battle-history"><br></div><div class="battle-history"><small>The opposing Blissey restored a little HP using its Leftovers!</small><br></div><div class="battle-history"><small>The opposing Blissey's health is sapped by Leech Seed!</small><br></div><div class="spacer battle-history"><br></div><h2 class="battle-history">Turn 48</h2><div class="spacer battle-history"><br></div><div class="battle-history">Vanessa Valentine' used <strong>Iron Tail</strong>!<br></div><div class="battle-history"><small>The opposing Blissey avoided the attack!</small><br></div><div class="spacer battle-history"><br></div><div class="battle-history">The opposing Blissey used <strong>Seismic Toss</strong>!<br></div><div class="battle-history"><small>(Vanessa Valentine' lost <abbr title="−100/325">30.8%</abbr> of its health!)</small><br></div><div class="spacer battle-history"><br></div><div class="battle-history"><small>Blissey's wish came true!</small><br></div><div class="battle-history"><small>The opposing Blissey restored a little HP using its Leftovers!</small><br></div><div class="battle-history"><small>The opposing Blissey's health is sapped by Leech Seed!</small><br></div><div class="spacer battle-history"><br></div><h2 class="battle-history">Turn 49</h2><div class="spacer battle-history"><br></div><div class="battle-history">Vanessa Valentine', come back!<br></div><div class="battle-history">Go! Gecko (<strong>Sceptile-Mega</strong>)!<br></div><div class="spacer battle-history"><br></div><div class="battle-history">The opposing Blissey used <strong>Toxic</strong>!<br></div><div class="battle-history"><small>But it failed!</small><br></div><div class="spacer battle-history"><br></div><div class="battle-history"><small>The opposing Blissey restored a little HP using its Leftovers!</small><br></div><div class="battle-history"><small>The opposing Blissey's health is sapped by Leech Seed!</small><br></div><div class="battle-history"><small>Gecko was hurt by poison!</small><br></div><div class="spacer battle-history"><br></div><h2 class="battle-history">Turn 50</h2><div class="spacer battle-history"><br></div><div class="battle-history">Gecko used <strong>Energy Ball</strong>!<br></div><div class="battle-history"><small>(The opposing Blissey lost <abbr title="−123/714">17.2%</abbr> of its health!)</small><br></div><div class="spacer battle-history"><br></div><div class="battle-history">The opposing Blissey used <strong>Seismic Toss</strong>!<br></div><div class="battle-history"><small>(Gecko lost <abbr title="−100/281">35.6%</abbr> of its health!)</small><br></div><div class="spacer battle-history"><br></div><div class="battle-history"><small>The opposing Blissey restored a little HP using its Leftovers!</small><br></div><div class="battle-history"><small>The opposing Blissey's health is sapped by Leech Seed!</small><br></div><div class="battle-history"><small>Gecko was hurt by poison!</small><br></div><div class="spacer battle-history"><br></div><h2 class="battle-history">Turn 51</h2><div class="spacer battle-history"><br></div><div class="battle-history">Gecko, come back!<br></div><div class="battle-history">Go! One move (<strong>Kyurem</strong>)!<br></div><div class="battle-history"><small>[One move's Pressure]</small><br><small>One move is exerting its pressure!</small><br></div><div class="spacer battle-history"><br></div><div class="battle-history">The opposing Blissey used <strong>Seismic Toss</strong>!<br></div><div class="battle-history"><small>(One move lost <abbr title="−100/405">24.7%</abbr> of its health!)</small><br></div><div class="spacer battle-history"><br></div><div class="battle-history"><small>The opposing Blissey restored a little HP using its Leftovers!</small><br></div><div class="battle-history"><small>The opposing Blissey's health is sapped by Leech Seed!</small><br></div><div class="spacer battle-history"><br></div><h2 class="battle-history">Turn 52</h2><div class="spacer battle-history"><br></div><div class="battle-history"><small>vagita fajita forfeited.</small><br></div><div class="spacer battle-history"><br></div><div class="battle-history"><strong>Parnstar</strong> won the battle!<br></div><div class="chat"><small>vagita fajita left.</small></div><div class="chat">Parnstar's rating: 1269 → <strong>1285</strong><br>(+16 for winning)</div><div class="chat">vagita fajita's rating: 1145 → <strong>1128</strong><br>(-17 for losing)</div></div><div class="inner-preempt"></div></div></div>
</div>
<script>
let daily = Math.floor(Date.now()/1000/60/60/24);document.write('<script src="https://play.pokemonshowdown.com/js/replay-embed.js?version'+daily+'"></'+'script>');
</script>
