<!DOCTYPE html>
<meta charset="utf-8" />
<!-- version 1 -->
<title>UU replay: Geekary vs. Krooknotch</title>
<style>
html,body {font-family:Verdana, sans-serif;font-size:10pt;margin:0;padding:0;}body{padding:12px 0;} .battle-log {font-family:Verdana, sans-serif;font-size:10pt;} .battle-log-inline {border:1px solid #AAAAAA;background:#EEF2F5;color:black;max-width:640px;margin:0 auto 80px;padding-bottom:5px;} .battle-log .inner {padding:4px 8px 0px 8px;} .battle-log .inner-preempt {padding:0 8px 4px 8px;} .battle-log .inner-after {margin-top:0.5em;} .battle-log h2 {margin:0.5em -8px;padding:4px 8px;border:1px solid #AAAAAA;background:#E0E7EA;border-left:0;border-right:0;font-family:Verdana, sans-serif;font-size:13pt;} .battle-log .chat {vertical-align:middle;padding:3px 0 3px 0;font-size:8pt;} .battle-log .chat strong {color:#40576A;} .battle-log .chat em {padding:1px 4px 1px 3px;color:#000000;font-style:normal;} .chat.mine {background:rgba(0,0,0,0.05);margin-left:-8px;margin-right:-8px;padding-left:8px;padding-right:8px;} .spoiler {color:#BBBBBB;background:#BBBBBB;padding:0px 3px;} .spoiler:hover, .spoiler:active, .spoiler-shown {color:#000000;background:#E2E2E2;padding:0px 3px;} .spoiler a {color:#BBBBBB;} .spoiler:hover a, .spoiler:active a, .spoiler-shown a {color:#2288CC;} .chat code, .chat .spoiler:hover code, .chat .spoiler:active code, .chat .spoiler-shown code {border:1px solid #C0C0C0;background:#EEEEEE;color:black;padding:0 2px;} .chat .spoiler code {border:1px solid #CCCCCC;background:#CCCCCC;color:#CCCCCC;} .battle-log .rated {padding:3px 4px;} .battle-log .rated strong {color:white;background:#89A;padding:1px 4px;border-radius:4px;} .spacer {margin-top:0.5em;} .message-announce {background:#6688AA;color:white;padding:1px 4px 2px;} .message-announce a, .broadcast-green a, .broadcast-blue a, .broadcast-red a {color:#DDEEFF;} .broadcast-green {background-color:#559955;color:white;padding:2px 4px;} .broadcast-blue {background-color:#6688AA;color:white;padding:2px 4px;} .infobox {border:1px solid #6688AA;padding:2px 4px;} .infobox-limited {max-height:200px;overflow:auto;overflow-x:hidden;} .broadcast-red {background-color:#AA5544;color:white;padding:2px 4px;} .message-learn-canlearn {font-weight:bold;color:#228822;text-decoration:underline;} .message-learn-cannotlearn {font-weight:bold;color:#CC2222;text-decoration:underline;} .message-effect-weak {font-weight:bold;color:#CC2222;} .message-effect-resist {font-weight:bold;color:#6688AA;} .message-effect-immune {font-weight:bold;color:#666666;} .message-learn-list {margin-top:0;margin-bottom:0;} .message-throttle-notice, .message-error {color:#992222;} .message-overflow, .chat small.message-overflow {font-size:0pt;} .message-overflow::before {font-size:9pt;content:'...';} .subtle {color:#3A4A66;}
</style>
<div class="wrapper replay-wrapper" style="max-width:1180px;margin:0 auto">
<input type="hidden" name="replayid" value="uu-536626445" />
<div class="battle"></div><div class="battle-log"></div><div class="replay-controls"></div><div class="replay-controls-2"></div>
<h1 style="font-weight:normal;text-align:center"><strong>UU</strong><br /><a href="http://pokemonshowdown.com/users/geekary" class="subtle" target="_blank">Geekary</a> vs. <a href="http://pokemonshowdown.com/users/krooknotch" class="subtle" target="_blank">Krooknotch</a></h1>
<script type="text/plain" class="battle-log-data">|j|Geekary
|j|Krooknotch
|player|p1|Geekary|23
|player|p2|Krooknotch|161
|gametype|singles
|gen|6
|tier|UU
|rated
|seed|17851,25799,25645,62864
|rule|Sleep Clause Mod: Limit one foe put to sleep
|rule|Species Clause: Limit one of each Pokémon
|rule|OHKO Clause: OHKO moves are banned
|rule|Moody Clause: Moody is banned
|rule|Evasion Moves Clause: Evasion moves are banned
|rule|Endless Battle Clause: Forcing endless battles is banned
|rule|HP Percentage Mod: HP is shown in percentages
|clearpoke
|poke|p1|Yanmega, M, shiny|item
|poke|p1|Steelix, M|item
|poke|p1|Cradily, M, shiny|item
|poke|p1|Ludicolo, M, shiny|item
|poke|p1|Gardevoir, M, shiny|item
|poke|p1|Dusknoir, F|item
|poke|p2|Jellicent, M|item
|poke|p2|Chandelure, M|item
|poke|p2|Haunter, F|item
|poke|p2|Golurk|item
|poke|p2|Shedinja|item
|poke|p2|Banette, F|item
|rule|Swagger Clause: Swagger is banned
|rule|Baton Pass Clause: Limit one Baton Passer, can't pass Spe and other stats simultaneously
|teampreview
|choice|team 2, team 1, team 3, team 4, team 5, team 6|team 6, team 2, team 3, team 4, team 5, team 1
|
|start
|switch|p1a: Steelix|Steelix, M|354\/354
|switch|p2a: Banette|Banette, F|332\/332
|turn|1
|choice|move stealthrock|move magiccoat mega
|
|detailschange|p2a: Banette|Banette-Mega, F
|-mega|p2a: Banette|Banette|Banettite
|move|p2a: Banette|Magic Coat|p2a: Banette
|-singleturn|p2a: Banette|move: Magic Coat
|move|p1a: Steelix|Stealth Rock|p2a: Banette
|move|p2a: Banette|Stealth Rock|p1a: Steelix|[from]Magic Coat
|-sidestart|p1: Geekary|move: Stealth Rock
|
|upkeep
|turn|2
|choice|move earthquake|move disable
|
|move|p2a: Banette|Disable|p1a: Steelix
|-start|p1a: Steelix|Disable|Stealth Rock
|move|p1a: Steelix|Earthquake|p2a: Banette
|-damage|p2a: Banette|209\/332
|
|upkeep
|turn|3
|choice|move dragontail|switch 3
|
|switch|p2a: Haunter|Haunter, F|231\/231
|move|p1a: Steelix|Dragon Tail|p2a: Haunter
|-damage|p2a: Haunter|158\/231
|drag|p2a: Chandelure|Chandelure, M|261\/261
|
|upkeep
|turn|4
|choice|move earthquake|move flamethrower
|
|move|p2a: Chandelure|Flamethrower|p1a: Steelix
|-supereffective|p1a: Steelix
|-damage|p1a: Steelix|4\/354
|move|p1a: Steelix|Earthquake|p2a: Chandelure
|-supereffective|p2a: Chandelure
|-damage|p2a: Chandelure|43\/261
|
|-heal|p2a: Chandelure|59\/261|[from] item: Leftovers
|upkeep
|turn|5
|choice|move earthquake|move flamethrower
|
|move|p2a: Chandelure|Flamethrower|p1a: Steelix
|-supereffective|p1a: Steelix
|-damage|p1a: Steelix|0 fnt
|faint|p1a: Steelix
|
|-heal|p2a: Chandelure|75\/261|[from] item: Leftovers
|upkeep
|choice|switch 3|
|
|switch|p1a: Cradily|Cradily, M, shiny|376\/376
|-damage|p1a: Cradily|329\/376|[from] Stealth Rock
|turn|6
|choice|move ancientpower|move painsplit
|
|move|p2a: Chandelure|Pain Split|p1a: Cradily
|-sethp|p1a: Cradily|202\/376|p2a: Chandelure|202\/261|[from] move: Pain Split
|move|p1a: Cradily|Ancient Power|p2a: Chandelure
|-supereffective|p2a: Chandelure
|-damage|p2a: Chandelure|28\/261
|
|-heal|p2a: Chandelure|44\/261|[from] item: Leftovers
|-heal|p1a: Cradily|225\/376|[from] item: Leftovers
|upkeep
|turn|7
|choice|move ancientpower|move painsplit
|
|move|p2a: Chandelure|Pain Split|p1a: Cradily
|-sethp|p1a: Cradily|134\/376|p2a: Chandelure|134\/261|[from] move: Pain Split
|move|p1a: Cradily|Ancient Power|p2a: Chandelure
|-supereffective|p2a: Chandelure
|-crit|p2a: Chandelure
|-damage|p2a: Chandelure|0 fnt
|faint|p2a: Chandelure
|
|-heal|p1a: Cradily|157\/376|[from] item: Leftovers
|upkeep
|choice||switch 4
|
|switch|p2a: Golurk|Golurk|382\/382
|turn|8
|choice|move gigadrain|move earthquake
|
|move|p2a: Golurk|Earthquake|p1a: Cradily
|-damage|p1a: Cradily|0 fnt
|faint|p1a: Cradily
|
|upkeep
|choice|switch 4|
|
|switch|p1a: Ludicolo|Ludicolo, M, shiny|302\/302
|-damage|p1a: Ludicolo|265\/302|[from] Stealth Rock
|turn|9
|choice|move raindance|switch 6
|
|switch|p2a: Jellicent|Jellicent, M|404\/404
|move|p1a: Ludicolo|Rain Dance|p1a: Ludicolo
|-weather|RainDance
|
|-weather|RainDance|[upkeep]
|upkeep
|turn|10
|choice|move gigadrain|move icebeam
|
|move|p1a: Ludicolo|Giga Drain|p2a: Jellicent
|-supereffective|p2a: Jellicent
|-damage|p2a: Jellicent|123\/404
|-heal|p1a: Ludicolo|302\/302|[from] drain|[of] p2a: Jellicent
|-enditem|p2a: Jellicent|Weakness Policy
|-boost|p2a: Jellicent|atk|2
|-boost|p2a: Jellicent|spa|2
|-damage|p1a: Ludicolo|272\/302|[from] item: Life Orb
|move|p2a: Jellicent|Ice Beam|p1a: Ludicolo
|-damage|p1a: Ludicolo|110\/302
|
|-weather|RainDance|[upkeep]
|upkeep
|turn|11
|choice|move gigadrain|switch 5
|
|switch|p2a: Shedinja|Shedinja|1\/1
|move|p1a: Ludicolo|Giga Drain|p2a: Shedinja
|-immune|p2a: Shedinja|[msg]|[from] ability: Wonder Guard
|
|-weather|RainDance|[upkeep]
|upkeep
|turn|12
|choice|switch 6|move swordsdance
|
|switch|p1a: Dusknoir|Dusknoir, F|232\/232
|-damage|p1a: Dusknoir|203\/232|[from] Stealth Rock
|-ability|p1a: Dusknoir|Pressure
|move|p2a: Shedinja|Swords Dance|p2a: Shedinja
|-boost|p2a: Shedinja|atk|2
|
|-weather|RainDance|[upkeep]
|upkeep
|turn|13
|choice|move shadowsneak|move shadowsneak
|
|move|p2a: Shedinja|Shadow Sneak|p1a: Dusknoir
|-supereffective|p1a: Dusknoir
|-damage|p1a: Dusknoir|21\/232
|move|p1a: Dusknoir|Shadow Sneak|p2a: Shedinja
|-supereffective|p2a: Shedinja
|-enditem|p2a: Shedinja|Focus Sash
|-damage|p2a: Shedinja|1\/1
|
|-weather|none
|upkeep
|turn|14
|choice|move firepunch|move shadowsneak
|
|move|p2a: Shedinja|Shadow Sneak|p1a: Dusknoir
|-supereffective|p1a: Dusknoir
|-damage|p1a: Dusknoir|0 fnt
|faint|p1a: Dusknoir
|
|upkeep
|choice|switch 2|
|
|switch|p1a: Yanmega|Yanmega, M, shiny|313\/313
|-damage|p1a: Yanmega|157\/313|[from] Stealth Rock
|turn|15
|choice|move protect|move shadowsneak
|
|move|p1a: Yanmega|Protect|p1a: Yanmega
|-singleturn|p1a: Yanmega|Protect
|move|p2a: Shedinja|Shadow Sneak|p1a: Yanmega
|-activate|p1a: Yanmega|move: Protect
|
|-ability|p1a: Yanmega|Speed Boost|boost
|-boost|p1a: Yanmega|spe|1
|upkeep
|turn|16
|choice|move airslash|move shadowsneak
|
|move|p2a: Shedinja|Shadow Sneak|p1a: Yanmega
|-damage|p1a: Yanmega|28\/313
|move|p1a: Yanmega|Air Slash|p2a: Shedinja
|-supereffective|p2a: Shedinja
|-damage|p2a: Shedinja|0 fnt
|faint|p2a: Shedinja
|
|-ability|p1a: Yanmega|Speed Boost|boost
|-boost|p1a: Yanmega|spe|1
|upkeep
|choice||switch 3
|
|switch|p2a: Banette|Banette-Mega, F|209\/332
|turn|17
|choice|move airslash|move shadowsneak
|
|move|p2a: Banette|Shadow Sneak|p1a: Yanmega
|-damage|p1a: Yanmega|0 fnt
|faint|p1a: Yanmega
|
|upkeep
|choice|switch 6|
|
|switch|p1a: Ludicolo|Ludicolo, M, shiny|110\/302
|-damage|p1a: Ludicolo|73\/302|[from] Stealth Rock
|turn|18
|choice|move raindance|move shadowsneak
|
|move|p2a: Banette|Shadow Sneak|p1a: Ludicolo
|-damage|p1a: Ludicolo|0 fnt
|faint|p1a: Ludicolo
|
|upkeep
|choice|switch 5|
|
|switch|p1a: Gardevoir|Gardevoir, M, shiny|278\/278
|-damage|p1a: Gardevoir|244\/278|[from] Stealth Rock
|-ability|p1a: Gardevoir|[object Object]|[from] ability: Trace|[of] p2a: Banette
|turn|19
|choice|move psyshock|move destinybond
|
|move|p2a: Banette|Destiny Bond|p2a: Banette
|-singlemove|p2a: Banette|Destiny Bond
|move|p1a: Gardevoir|Psyshock|p2a: Banette
|-damage|p2a: Banette|35\/332
|
|-heal|p1a: Gardevoir|261\/278|[from] item: Leftovers
|upkeep
|turn|20
|choice|move calmmind|move destinybond
|
|move|p1a: Gardevoir|Calm Mind|p1a: Gardevoir
|-boost|p1a: Gardevoir|spa|1
|-boost|p1a: Gardevoir|spd|1
|move|p2a: Banette|Destiny Bond|p2a: Banette
|-singlemove|p2a: Banette|Destiny Bond
|
|-heal|p1a: Gardevoir|278\/278|[from] item: Leftovers
|upkeep
|turn|21
|choice|move calmmind|move destinybond
|
|move|p1a: Gardevoir|Calm Mind|p1a: Gardevoir
|-boost|p1a: Gardevoir|spa|1
|-boost|p1a: Gardevoir|spd|1
|move|p2a: Banette|Destiny Bond|p2a: Banette
|-singlemove|p2a: Banette|Destiny Bond
|
|upkeep
|turn|22
|choice|move calmmind|move shadowsneak
|
|move|p1a: Gardevoir|Calm Mind|p1a: Gardevoir
|-boost|p1a: Gardevoir|spa|1
|-boost|p1a: Gardevoir|spd|1
|move|p2a: Banette|Shadow Sneak|p1a: Gardevoir
|-supereffective|p1a: Gardevoir
|-damage|p1a: Gardevoir|62\/278
|
|-heal|p1a: Gardevoir|79\/278|[from] item: Leftovers
|upkeep
|turn|23
|choice|move psyshock|move shadowsneak
|
|move|p2a: Banette|Shadow Sneak|p1a: Gardevoir
|-supereffective|p1a: Gardevoir
|-damage|p1a: Gardevoir|0 fnt
|faint|p1a: Gardevoir
|
|win|Krooknotch
|player|p1
|player|p2
|raw|Geekary's rating: 1140 &rarr; <strong>1112<\/strong><br \/>(-28 for losing)
|raw|Krooknotch's rating: 1098 &rarr; <strong>1126<\/strong><br \/>(+28 for winning)
|l|Geekary</script>
</div>
<div class="battle-log battle-log-inline"><div class="inner"><div class="battle-options"></div><div class="inner"><div class="chat"><small>Geekary joined.</small></div><div class="chat"><small>Krooknotch joined.</small></div><div class=""><small>Format:</small> <br><strong>UU</strong></div><div class="rated"><strong>Rated battle</strong></div><div class=""><small><em>Sleep Clause Mod:</em> Limit one foe put to sleep</small></div><div class=""><small><em>Species Clause:</em> Limit one of each Pokémon</small></div><div class=""><small><em>OHKO Clause:</em> OHKO moves are banned</small></div><div class=""><small><em>Moody Clause:</em> Moody is banned</small></div><div class=""><small><em>Evasion Moves Clause:</em> Evasion moves are banned</small></div><div class=""><small><em>Endless Battle Clause:</em> Forcing endless battles is banned</small></div><div class=""><small><em>HP Percentage Mod:</em> HP is shown in percentages</small></div><div class=""><small><em>Swagger Clause:</em> Swagger is banned</small></div><div class=""><small><em>Baton Pass Clause:</em> Limit one Baton Passer, can't pass Spe and other stats simultaneously</small></div><div class="chat battle-history"><strong>Geekary's team:</strong> <em style="color:#445566;display:block;">Yanmega / Steelix / Cradily / Ludicolo / Gardevoir / Dusknoir</em></div><div class="chat battle-history"><strong>Krooknotch's team:</strong> <em style="color:#445566;display:block;">Jellicent / Chandelure / Haunter / Golurk / Shedinja / Banette</em></div><div class="spacer battle-history"><br></div><div class="battle-history">Battle started between Geekary and Krooknotch!<br></div><div class="spacer battle-history"><br></div><div class="battle-history">Go! <strong>Steelix</strong>!<br></div><div class="spacer battle-history"><br></div><div class="battle-history">Krooknotch sent out <strong>Banette</strong>!<br></div><div class="spacer battle-history"><br></div><h2 class="battle-history">Turn 1</h2><div class="spacer battle-history"><br></div><div class="battle-history"><small>The opposing Banette's Banettite is reacting to Krooknotch's Mega Bracelet!</small><br>The opposing Banette has Mega Evolved into Mega Banette!<br></div><div class="spacer battle-history"><br></div><div class="battle-history">The opposing Banette used <strong>Magic Coat</strong>!<br></div><div class="battle-history"><small>The opposing Banette shrouded itself with Magic Coat!</small><br></div><div class="spacer battle-history"><br></div><div class="battle-history">Steelix used <strong>Stealth Rock</strong>!<br></div><div class="spacer battle-history"><br></div><div class="battle-history">The opposing Banette bounced the Stealth Rock back!<br></div><div class="battle-history"><small>Pointed stones float in the air around your team!</small><br></div><div class="spacer battle-history"><br></div><h2 class="battle-history">Turn 2</h2><div class="spacer battle-history"><br></div><div class="battle-history">The opposing Banette used <strong>Disable</strong>!<br></div><div class="battle-history"><small>Steelix's Stealth Rock was disabled!</small><br></div><div class="spacer battle-history"><br></div><div class="battle-history">Steelix used <strong>Earthquake</strong>!<br></div><div class="battle-history"><small>(The opposing Banette lost <abbr title="−123/332">37.0%</abbr> of its health!)</small><br></div><div class="spacer battle-history"><br></div><h2 class="battle-history">Turn 3</h2><div class="spacer battle-history"><br></div><div class="battle-history">Krooknotch withdrew Banette!<br></div><div class="battle-history">Krooknotch sent out <strong>Haunter</strong>!<br></div><div class="spacer battle-history"><br></div><div class="battle-history">Steelix used <strong>Dragon Tail</strong>!<br></div><div class="battle-history"><small>(The opposing Haunter lost <abbr title="−73/231">31.6%</abbr> of its health!)</small><br></div><div class="spacer battle-history"><br></div><div class="battle-history"><strong>Chandelure</strong> was dragged out!<br></div><div class="spacer battle-history"><br></div><h2 class="battle-history">Turn 4</h2><div class="spacer battle-history"><br></div><div class="battle-history">The opposing Chandelure used <strong>Flamethrower</strong>!<br></div><div class="battle-history"><small>It's super effective!</small><br></div><div class="battle-history"><small>(Steelix lost <abbr title="−350/354">98.9%</abbr> of its health!)</small><br></div><div class="spacer battle-history"><br></div><div class="battle-history">Steelix used <strong>Earthquake</strong>!<br></div><div class="battle-history"><small>It's super effective!</small><br></div><div class="battle-history"><small>(The opposing Chandelure lost <abbr title="−218/261">83.5%</abbr> of its health!)</small><br></div><div class="spacer battle-history"><br></div><div class="battle-history"><small>The opposing Chandelure restored a little HP using its Leftovers!</small><br></div><div class="spacer battle-history"><br></div><h2 class="battle-history">Turn 5</h2><div class="spacer battle-history"><br></div><div class="battle-history">The opposing Chandelure used <strong>Flamethrower</strong>!<br></div><div class="battle-history"><small>It's super effective!</small><br></div><div class="battle-history"><small>(Steelix lost <abbr title="−4/354">1.1%</abbr> of its health!)</small><br></div><div class="spacer battle-history"><br></div><div class="battle-history">Steelix fainted!<br></div><div class="spacer battle-history"><br></div><div class="battle-history"><small>The opposing Chandelure restored a little HP using its Leftovers!</small><br></div><div class="spacer battle-history"><br></div><div class="battle-history">Go! <strong>Cradily</strong>!<br></div><div class="battle-history"><small>Pointed stones dug into Cradily!</small><br></div><div class="spacer battle-history"><br></div><h2 class="battle-history">Turn 6</h2><div class="spacer battle-history"><br></div><div class="battle-history">The opposing Chandelure used <strong>Pain Split</strong>!<br></div><div class="battle-history"><small>The battlers shared their pain!</small><br></div><div class="spacer battle-history"><br></div><div class="battle-history">Cradily used <strong>Ancient Power</strong>!<br></div><div class="battle-history"><small>It's super effective!</small><br></div><div class="battle-history"><small>(The opposing Chandelure lost <abbr title="−174/261">66.7%</abbr> of its health!)</small><br></div><div class="spacer battle-history"><br></div><div class="battle-history"><small>The opposing Chandelure restored a little HP using its Leftovers!</small><br></div><div class="battle-history"><small>Cradily restored a little HP using its Leftovers!</small><br></div><div class="spacer battle-history"><br></div><h2 class="battle-history">Turn 7</h2><div class="spacer battle-history"><br></div><div class="battle-history">The opposing Chandelure used <strong>Pain Split</strong>!<br></div><div class="battle-history"><small>The battlers shared their pain!</small><br></div><div class="spacer battle-history"><br></div><div class="battle-history">Cradily used <strong>Ancient Power</strong>!<br></div><div class="battle-history"><small>It's super effective!</small><br></div><div class="battle-history"><small>A critical hit!</small><br></div><div class="battle-history"><small>(The opposing Chandelure lost <abbr title="−134/261">51.3%</abbr> of its health!)</small><br></div><div class="spacer battle-history"><br></div><div class="battle-history">The opposing Chandelure fainted!<br></div><div class="spacer battle-history"><br></div><div class="battle-history"><small>Cradily restored a little HP using its Leftovers!</small><br></div><div class="spacer battle-history"><br></div><div class="battle-history">Krooknotch sent out <strong>Golurk</strong>!<br></div><div class="spacer battle-history"><br></div><h2 class="battle-history">Turn 8</h2><div class="spacer battle-history"><br></div><div class="battle-history">The opposing Golurk used <strong>Earthquake</strong>!<br></div><div class="battle-history"><small>(Cradily lost <abbr title="−157/376">41.8%</abbr> of its health!)</small><br></div><div class="spacer battle-history"><br></div><div class="battle-history">Cradily fainted!<br></div><div class="spacer battle-history"><br></div><div class="battle-history">Go! <strong>Ludicolo</strong>!<br></div><div class="battle-history"><small>Pointed stones dug into Ludicolo!</small><br></div><div class="spacer battle-history"><br></div><h2 class="battle-history">Turn 9</h2><div class="spacer battle-history"><br></div><div class="battle-history">Krooknotch withdrew Golurk!<br></div><div class="battle-history">Krooknotch sent out <strong>Jellicent</strong>!<br></div><div class="spacer battle-history"><br></div><div class="battle-history">Ludicolo used <strong>Rain Dance</strong>!<br></div><div class="battle-history"><small>It started to rain!</small><br></div><div class="spacer battle-history"><br></div><div class="battle-history"><small>(Rain continues to fall!)</small><br></div><div class="spacer battle-history"><br></div><h2 class="battle-history">Turn 10</h2><div class="spacer battle-history"><br></div><div class="battle-history">Ludicolo used <strong>Giga Drain</strong>!<br></div><div class="battle-history"><small>It's super effective!</small><br></div><div class="battle-history"><small>(The opposing Jellicent lost <abbr title="−281/404">69.6%</abbr> of its health!)</small><br></div><div class="battle-history"><small>The opposing Jellicent had its energy drained!</small><br></div><div class="battle-history"><small>(The opposing Jellicent used its Weakness Policy!)</small><br></div><div class="battle-history"><small>The opposing Jellicent's Attack rose sharply!</small><br></div><div class="battle-history"><small>The opposing Jellicent's Special Attack rose sharply!</small><br></div><div class="battle-history"><small>Ludicolo lost some of its HP!</small><br></div><div class="spacer battle-history"><br></div><div class="battle-history">The opposing Jellicent used <strong>Ice Beam</strong>!<br></div><div class="battle-history"><small>(Ludicolo lost <abbr title="−162/302">53.6%</abbr> of its health!)</small><br></div><div class="spacer battle-history"><br></div><div class="battle-history"><small>(Rain continues to fall!)</small><br></div><div class="spacer battle-history"><br></div><h2 class="battle-history">Turn 11</h2><div class="spacer battle-history"><br></div><div class="battle-history">Krooknotch withdrew Jellicent!<br></div><div class="battle-history">Krooknotch sent out <strong>Shedinja</strong>!<br></div><div class="spacer battle-history"><br></div><div class="battle-history">Ludicolo used <strong>Giga Drain</strong>!<br></div><div class="battle-history"><small>[The opposing Shedinja's Wonder Guard]</small><br><small>It doesn't affect the opposing Shedinja...</small><br></div><div class="spacer battle-history"><br></div><div class="battle-history"><small>(Rain continues to fall!)</small><br></div><div class="spacer battle-history"><br></div><h2 class="battle-history">Turn 12</h2><div class="spacer battle-history"><br></div><div class="battle-history">Ludicolo, come back!<br></div><div class="battle-history">Go! <strong>Dusknoir</strong>!<br></div><div class="battle-history"><small>Pointed stones dug into Dusknoir!</small><br></div><div class="battle-history"><small>[Dusknoir's Pressure]</small><br><small>Dusknoir is exerting its pressure!</small><br></div><div class="spacer battle-history"><br></div><div class="battle-history">The opposing Shedinja used <strong>Swords Dance</strong>!<br></div><div class="battle-history"><small>The opposing Shedinja's Attack rose sharply!</small><br></div><div class="spacer battle-history"><br></div><div class="battle-history"><small>(Rain continues to fall!)</small><br></div><div class="spacer battle-history"><br></div><h2 class="battle-history">Turn 13</h2><div class="spacer battle-history"><br></div><div class="battle-history">The opposing Shedinja used <strong>Shadow Sneak</strong>!<br></div><div class="battle-history"><small>It's super effective!</small><br></div><div class="battle-history"><small>(Dusknoir lost <abbr title="−182/232">78.4%</abbr> of its health!)</small><br></div><div class="spacer battle-history"><br></div><div class="battle-history">Dusknoir used <strong>Shadow Sneak</strong>!<br></div><div class="battle-history"><small>It's super effective!</small><br></div><div class="battle-history"><small>The opposing Shedinja hung on using its Focus Sash!</small><br></div><div class="battle-history"><small>(The opposing Shedinja lost <abbr title="0/1">0%</abbr> of its health!)</small><br></div><div class="spacer battle-history"><br></div><div class="battle-history"><small>The rain stopped.</small><br></div><div class="spacer battle-history"><br></div><h2 class="battle-history">Turn 14</h2><div class="spacer battle-history"><br></div><div class="battle-history">The opposing Shedinja used <strong>Shadow Sneak</strong>!<br></div><div class="battle-history"><small>It's super effective!</small><br></div><div class="battle-history"><small>(Dusknoir lost <abbr title="−21/232">9.1%</abbr> of its health!)</small><br></div><div class="spacer battle-history"><br></div><div class="battle-history">Dusknoir fainted!<br></div><div class="spacer battle-history"><br></div><div class="battle-history">Go! <strong>Yanmega</strong>!<br></div><div class="battle-history"><small>Pointed stones dug into Yanmega!</small><br></div><div class="spacer battle-history"><br></div><h2 class="battle-history">Turn 15</h2><div class="spacer battle-history"><br></div><div class="battle-history">Yanmega used <strong>Protect</strong>!<br></div><div class="battle-history"><small>Yanmega protected itself!</small><br></div><div class="spacer battle-history"><br></div><div class="battle-history">The opposing Shedinja used <strong>Shadow Sneak</strong>!<br></div><div class="battle-history"><small>Yanmega protected itself!</small><br></div><div class="spacer battle-history"><br></div><div class="battle-history"><small>[Yanmega's Speed Boost]</small><br></div><div class="battle-history"><small>Yanmega's Speed rose!</small><br></div><div class="spacer battle-history"><br></div><h2 class="battle-history">Turn 16</h2><div class="spacer battle-history"><br></div><div class="battle-history">The opposing Shedinja used <strong>Shadow Sneak</strong>!<br></div><div class="battle-history"><small>(Yanmega lost <abbr title="−129/313">41.2%</abbr> of its health!)</small><br></div><div class="spacer battle-history"><br></div><div class="battle-history">Yanmega used <strong>Air Slash</strong>!<br></div><div class="battle-history"><small>It's super effective!</small><br></div><div class="battle-history"><small>(The opposing Shedinja lost <abbr title="−1/1">100%</abbr> of its health!)</small><br></div><div class="spacer battle-history"><br></div><div class="battle-history">The opposing Shedinja fainted!<br></div><div class="spacer battle-history"><br></div><div class="battle-history"><small>[Yanmega's Speed Boost]</small><br></div><div class="battle-history"><small>Yanmega's Speed rose!</small><br></div><div class="spacer battle-history"><br></div><div class="battle-history">Krooknotch sent out Banette (<strong>Banette-Mega</strong>)!<br></div><div class="spacer battle-history"><br></div><h2 class="battle-history">Turn 17</h2><div class="spacer battle-history"><br></div><div class="battle-history">The opposing Banette used <strong>Shadow Sneak</strong>!<br></div><div class="battle-history"><small>(Yanmega lost <abbr title="−28/313">8.9%</abbr> of its health!)</small><br></div><div class="spacer battle-history"><br></div><div class="battle-history">Yanmega fainted!<br></div><div class="spacer battle-history"><br></div><div class="battle-history">Go! <strong>Ludicolo</strong>!<br></div><div class="battle-history"><small>Pointed stones dug into Ludicolo!</small><br></div><div class="spacer battle-history"><br></div><h2 class="battle-history">Turn 18</h2><div class="spacer battle-history"><br></div><div class="battle-history">The opposing Banette used <strong>Shadow Sneak</strong>!<br></div><div class="battle-history"><small>(Ludicolo lost <abbr title="−73/302">24.2%</abbr> of its health!)</small><br></div><div class="spacer battle-history"><br></div><div class="battle-history">Ludicolo fainted!<br></div><div class="spacer battle-history"><br></div><div class="battle-history">Go! <strong>Gardevoir</strong>!<br></div><div class="battle-history"><small>Pointed stones dug into Gardevoir!</small><br></div><div class="battle-history"><small>[Gardevoir's Trace]</small><br><small>Gardevoir traced the opposing Banette's !</small><br></div><div class="spacer battle-history"><br></div><h2 class="battle-history">Turn 19</h2><div class="spacer battle-history"><br></div><div class="battle-history">The opposing Banette used <strong>Destiny Bond</strong>!<br></div><div class="battle-history">The opposing Banette is hoping to take its attacker down with it!<br></div><div class="spacer battle-history"><br></div><div class="battle-history">Gardevoir used <strong>Psyshock</strong>!<br></div><div class="battle-history"><small>(The opposing Banette lost <abbr title="−174/332">52.4%</abbr> of its health!)</small><br></div><div class="spacer battle-history"><br></div><div class="battle-history"><small>Gardevoir restored a little HP using its Leftovers!</small><br></div><div class="spacer battle-history"><br></div><h2 class="battle-history">Turn 20</h2><div class="spacer battle-history"><br></div><div class="battle-history">Gardevoir used <strong>Calm Mind</strong>!<br></div><div class="battle-history"><small>Gardevoir's Special Attack rose!</small><br></div><div class="battle-history"><small>Gardevoir's Special Defense rose!</small><br></div><div class="spacer battle-history"><br></div><div class="battle-history">The opposing Banette used <strong>Destiny Bond</strong>!<br></div><div class="battle-history">The opposing Banette is hoping to take its attacker down with it!<br></div><div class="spacer battle-history"><br></div><div class="battle-history"><small>Gardevoir restored a little HP using its Leftovers!</small><br></div><div class="spacer battle-history"><br></div><h2 class="battle-history">Turn 21</h2><div class="spacer battle-history"><br></div><div class="battle-history">Gardevoir used <strong>Calm Mind</strong>!<br></div><div class="battle-history"><small>Gardevoir's Special Attack rose!</small><br></div><div class="battle-history"><small>Gardevoir's Special Defense rose!</small><br></div><div class="spacer battle-history"><br></div><div class="battle-history">The opposing Banette used <strong>Destiny Bond</strong>!<br></div><div class="battle-history">The opposing Banette is hoping to take its attacker down with it!<br></div><div class="spacer battle-history"><br></div><h2 class="battle-history">Turn 22</h2><div class="spacer battle-history"><br></div><div class="battle-history">Gardevoir used <strong>Calm Mind</strong>!<br></div><div class="battle-history"><small>Gardevoir's Special Attack rose!</small><br></div><div class="battle-history"><small>Gardevoir's Special Defense rose!</small><br></div><div class="spacer battle-history"><br></div><div class="battle-history">The opposing Banette used <strong>Shadow Sneak</strong>!<br></div><div class="battle-history"><small>It's super effective!</small><br></div><div class="battle-history"><small>(Gardevoir lost <abbr title="−216/278">77.7%</abbr> of its health!)</small><br></div><div class="spacer battle-history"><br></div><div class="battle-history"><small>Gardevoir restored a little HP using its Leftovers!</small><br></div><div class="spacer battle-history"><br></div><h2 class="battle-history">Turn 23</h2><div class="spacer battle-history"><br></div><div class="battle-history">The opposing Banette used <strong>Shadow Sneak</strong>!<br></div><div class="battle-history"><small>It's super effective!</small><br></div><div class="battle-history"><small>(Gardevoir lost <abbr title="−79/278">28.4%</abbr> of its health!)</small><br></div><div class="spacer battle-history"><br></div><div class="battle-history">Gardevoir fainted!<br></div><div class="spacer battle-history"><br></div><div class="battle-history"><strong>Krooknotch</strong> won the battle!<br></div><div class="chat">Geekary's rating: 1140 → <strong>1112</strong><br>(-28 for losing)</div><div class="chat">Krooknotch's rating: 1098 → <strong>1126</strong><br>(+28 for winning)</div><div class="chat"><small>Geekary left.</small></div></div><div class="inner-preempt"></div></div></div>
</div>
<script>
let daily = Math.floor(Date.now()/1000/60/60/24);document.write('<script src="https://play.pokemonshowdown.com/js/replay-embed.js?version'+daily+'"></'+'script>');
</script>
