<!DOCTYPE html>
<meta charset="utf-8" />
<!-- version 1 -->
<title>UU replay: gastrocavities vs. kenzao</title>
<style>
html,body {font-family:Verdana, sans-serif;font-size:10pt;margin:0;padding:0;}body{padding:12px 0;} .battle-log {font-family:Verdana, sans-serif;font-size:10pt;} .battle-log-inline {border:1px solid #AAAAAA;background:#EEF2F5;color:black;max-width:640px;margin:0 auto 80px;padding-bottom:5px;} .battle-log .inner {padding:4px 8px 0px 8px;} .battle-log .inner-preempt {padding:0 8px 4px 8px;} .battle-log .inner-after {margin-top:0.5em;} .battle-log h2 {margin:0.5em -8px;padding:4px 8px;border:1px solid #AAAAAA;background:#E0E7EA;border-left:0;border-right:0;font-family:Verdana, sans-serif;font-size:13pt;} .battle-log .chat {vertical-align:middle;padding:3px 0 3px 0;font-size:8pt;} .battle-log .chat strong {color:#40576A;} .battle-log .chat em {padding:1px 4px 1px 3px;color:#000000;font-style:normal;} .chat.mine {background:rgba(0,0,0,0.05);margin-left:-8px;margin-right:-8px;padding-left:8px;padding-right:8px;} .spoiler {color:#BBBBBB;background:#BBBBBB;padding:0px 3px;} .spoiler:hover, .spoiler:active, .spoiler-shown {color:#000000;background:#E2E2E2;padding:0px 3px;} .spoiler a {color:#BBBBBB;} .spoiler:hover a, .spoiler:active a, .spoiler-shown a {color:#2288CC;} .chat code, .chat .spoiler:hover code, .chat .spoiler:active code, .chat .spoiler-shown code {border:1px solid #C0C0C0;background:#EEEEEE;color:black;padding:0 2px;} .chat .spoiler code {border:1px solid #CCCCCC;background:#CCCCCC;color:#CCCCCC;} .battle-log .rated {padding:3px 4px;} .battle-log .rated strong {color:white;background:#89A;padding:1px 4px;border-radius:4px;} .spacer {margin-top:0.5em;} .message-announce {background:#6688AA;color:white;padding:1px 4px 2px;} .message-announce a, .broadcast-green a, .broadcast-blue a, .broadcast-red a {color:#DDEEFF;} .broadcast-green {background-color:#559955;color:white;padding:2px 4px;} .broadcast-blue {background-color:#6688AA;color:white;padding:2px 4px;} .infobox {border:1px solid #6688AA;padding:2px 4px;} .infobox-limited {max-height:200px;overflow:auto;overflow-x:hidden;} .broadcast-red {background-color:#AA5544;color:white;padding:2px 4px;} .message-learn-canlearn {font-weight:bold;color:#228822;text-decoration:underline;} .message-learn-cannotlearn {font-weight:bold;color:#CC2222;text-decoration:underline;} .message-effect-weak {font-weight:bold;color:#CC2222;} .message-effect-resist {font-weight:bold;color:#6688AA;} .message-effect-immune {font-weight:bold;color:#666666;} .message-learn-list {margin-top:0;margin-bottom:0;} .message-throttle-notice, .message-error {color:#992222;} .message-overflow, .chat small.message-overflow {font-size:0pt;} .message-overflow::before {font-size:9pt;content:'...';} .subtle {color:#3A4A66;}
</style>
<div class="wrapper replay-wrapper" style="max-width:1180px;margin:0 auto">
<input type="hidden" name="replayid" value="uu-559911145" />
<div class="battle"></div><div class="battle-log"></div><div class="replay-controls"></div><div class="replay-controls-2"></div>
<h1 style="font-weight:normal;text-align:center"><strong>UU</strong><br /><a href="http://pokemonshowdown.com/users/gastrocavities" class="subtle" target="_blank">gastrocavities</a> vs. <a href="http://pokemonshowdown.com/users/kenzao" class="subtle" target="_blank">kenzao</a></h1>
<script type="text/plain" class="battle-log-data">|j|gastrocavities
|j|kenzao
|player|p1|gastrocavities|192
|player|p2|kenzao|4
|gametype|singles
|gen|6
|tier|UU
|seed|6921,48337,61648,26596
|rule|Sleep Clause Mod: Limit one foe put to sleep
|rule|Species Clause: Limit one of each Pokémon
|rule|OHKO Clause: OHKO moves are banned
|rule|Moody Clause: Moody is banned
|rule|Evasion Moves Clause: Evasion moves are banned
|rule|Endless Battle Clause: Forcing endless battles is banned
|rule|HP Percentage Mod: HP is shown in percentages
|clearpoke
|poke|p1|Suicune, shiny|item
|poke|p1|Absol, F|item
|poke|p1|Chandelure, M|item
|poke|p1|Conkeldurr, M|item
|poke|p1|Nidoking, M|item
|poke|p1|Chesnaught, M, shiny|item
|poke|p2|Aerodactyl, M|item
|poke|p2|Heliolisk, F|item
|poke|p2|Mienshao, F|item
|poke|p2|Hydreigon, M|item
|poke|p2|Cresselia, F|item
|poke|p2|Arcanine, F|item
|rule|Swagger Clause: Swagger is banned
|rule|Baton Pass Clause: Limit one Baton Passer, can't pass Spe and other stats simultaneously
|teampreview
|choice|team 5, team 2, team 3, team 4, team 1, team 6|team 5, team 2, team 3, team 4, team 1, team 6
|
|start
|switch|p1a: The King is here|Nidoking, M|303\/303
|switch|p2a: Cresselia|Cresselia, F|441\/441
|turn|1
|choice|switch 2|move calmmind
|
|switch|p1a: Angeless|Absol, F|271\/271
|move|p2a: Cresselia|Calm Mind|p2a: Cresselia
|-boost|p2a: Cresselia|spa|1
|-boost|p2a: Cresselia|spd|1
|
|upkeep
|turn|2
|choice|move knockoff mega|switch 4
|
|switch|p2a: Hydreigon|Hydreigon, M|325\/325
|detailschange|p1a: Angeless|Absol-Mega, F
|-mega|p1a: Angeless|Absol|Absolite
|move|p1a: Angeless|Knock Off|p2a: Hydreigon
|-resisted|p2a: Hydreigon
|-damage|p2a: Hydreigon|209\/325
|-enditem|p2a: Hydreigon|Life Orb|[from] move: Knock Off|[of] p1a: Angeless
|
|upkeep
|turn|3
|choice|move superpower|move roost
|
|move|p1a: Angeless|Superpower|p2a: Hydreigon
|-supereffective|p2a: Hydreigon
|-damage|p2a: Hydreigon|0 fnt
|-unboost|p1a: Angeless|atk|1
|-unboost|p1a: Angeless|def|1
|faint|p2a: Hydreigon
|
|upkeep
|choice||switch 5
|
|switch|p2a: Aerodactyl|Aerodactyl, M|301\/301
|-ability|p2a: Aerodactyl|Unnerve|p1: gastrocavities
|turn|4
|choice|switch 5|move earthquake mega
|
|switch|p1a: SwoCune|Suicune, shiny|404\/404
|-ability|p1a: SwoCune|Pressure
|detailschange|p2a: Aerodactyl|Aerodactyl-Mega, M
|-mega|p2a: Aerodactyl|Aerodactyl|Aerodactylite
|move|p2a: Aerodactyl|Earthquake|p1a: SwoCune
|-damage|p1a: SwoCune|320\/404
|
|-heal|p1a: SwoCune|345\/404|[from] item: Leftovers
|upkeep
|turn|5
|choice|move scald|switch 2
|
|switch|p2a: Heliolisk|Heliolisk, F|265\/265
|move|p1a: SwoCune|Scald|p2a: Heliolisk
|-immune|p2a: Heliolisk|[msg]|[from] ability: Dry Skin
|
|-heal|p1a: SwoCune|370\/404|[from] item: Leftovers
|upkeep
|turn|6
|choice|switch 2|move thunderbolt
|
|switch|p1a: The King is here|Nidoking, M|303\/303
|move|p2a: Heliolisk|Thunderbolt|p1a: The King is here
|-immune|p1a: The King is here|[msg]
|
|upkeep
|turn|7
|choice|move icebeam|move grassknot
|
|move|p2a: Heliolisk|Grass Knot|p1a: The King is here
|-damage|p1a: The King is here|161\/303
|-damage|p2a: Heliolisk|239\/265|[from] item: Life Orb
|move|p1a: The King is here|Ice Beam|p2a: Heliolisk
|-damage|p2a: Heliolisk|73\/265
|
|upkeep
|turn|8
|choice|move icebeam|switch 6
|
|switch|p2a: Arcanine|Arcanine, F|383\/383
|-ability|p2a: Arcanine|Intimidate|boost
|-unboost|p1a: The King is here|atk|1
|move|p1a: The King is here|Ice Beam|p2a: Arcanine
|-resisted|p2a: Arcanine
|-damage|p2a: Arcanine|295\/383
|
|upkeep
|turn|9
|choice|move earthpower|move flareblitz
|
|move|p1a: The King is here|Earth Power|p2a: Arcanine
|-supereffective|p2a: Arcanine
|-damage|p2a: Arcanine|0 fnt
|faint|p2a: Arcanine
|
|upkeep
|choice||switch 4
|
|switch|p2a: Cresselia|Cresselia, F|441\/441
|turn|10
|choice|switch 5|move psyshock
|
|switch|p1a: Angeless|Absol-Mega, F|271\/271
|move|p2a: Cresselia|Psyshock|p1a: Angeless
|-immune|p1a: Angeless|[msg]
|
|upkeep
|turn|11
|choice|move knockoff|move moonblast
|
|move|p1a: Angeless|Knock Off|p2a: Cresselia
|-supereffective|p2a: Cresselia
|-damage|p2a: Cresselia|195\/441
|-enditem|p2a: Cresselia|Leftovers|[from] move: Knock Off|[of] p1a: Angeless
|move|p2a: Cresselia|Moonblast|p1a: Angeless
|-supereffective|p1a: Angeless
|-damage|p1a: Angeless|95\/271
|
|upkeep
|turn|12
|choice|move suckerpunch|switch 3
|
|switch|p2a: Mienshao|Mienshao, F|271\/271
|move|p1a: Angeless|Sucker Punch|p2a: Mienshao|[still]
|-fail|p1a: Angeless
|
|upkeep
|turn|13
|choice|switch 3|move highjumpkick
|
|switch|p1a: My Chandelier|Chandelure, M|261\/261
|move|p2a: Mienshao|High Jump Kick|p1a: My Chandelier
|-immune|p1a: My Chandelier|[msg]
|-damage|p2a: Mienshao|136\/271|[from] highjumpkick
|
|upkeep
|turn|14
|choice|move shadowball|switch 2
|
|switch|p2a: Aerodactyl|Aerodactyl-Mega, M|301\/301
|move|p1a: My Chandelier|Shadow Ball|p2a: Aerodactyl
|-damage|p2a: Aerodactyl|135\/301
|
|upkeep
|turn|15
|choice|move shadowball|move aerialace
|
|move|p2a: Aerodactyl|Aerial Ace|p1a: My Chandelier
|-damage|p1a: My Chandelier|113\/261
|move|p1a: My Chandelier|Shadow Ball|p2a: Aerodactyl
|-damage|p2a: Aerodactyl|0 fnt
|faint|p2a: Aerodactyl
|
|upkeep
|choice||switch 2
|
|switch|p2a: Mienshao|Mienshao, F|136\/271
|turn|16
|choice|move shadowball|move knockoff
|
|move|p2a: Mienshao|Knock Off|p1a: My Chandelier
|-supereffective|p1a: My Chandelier
|-crit|p1a: My Chandelier
|-damage|p1a: My Chandelier|0 fnt
|-enditem|p1a: My Chandelier|Choice Scarf|[from] move: Knock Off|[of] p2a: Mienshao
|faint|p1a: My Chandelier
|
|upkeep
|choice|switch 3|
|
|switch|p1a: Angeless|Absol-Mega, F|95\/271
|turn|17
|choice|move swordsdance|move knockoff
|
|move|p2a: Mienshao|Knock Off|p1a: Angeless
|-resisted|p1a: Angeless
|-damage|p1a: Angeless|34\/271
|move|p1a: Angeless|Swords Dance|p1a: Angeless
|-boost|p1a: Angeless|atk|2
|
|upkeep
|turn|18
|choice|move suckerpunch|switch 3
|
|switch|p2a: Cresselia|Cresselia, F|195\/441
|move|p1a: Angeless|Sucker Punch|p2a: Cresselia|[still]
|-fail|p1a: Angeless
|
|upkeep
|turn|19
|choice|move knockoff|move substitute
|
|move|p1a: Angeless|Knock Off|p2a: Cresselia
|-supereffective|p2a: Cresselia
|-damage|p2a: Cresselia|0 fnt
|faint|p2a: Cresselia
|
|upkeep
|choice||switch 3
|
|switch|p2a: Mienshao|Mienshao, F|136\/271
|turn|20
|choice|switch 5|move highjumpkick
|
|switch|p1a: The King is here|Nidoking, M|161\/303
|move|p2a: Mienshao|High Jump Kick|p1a: The King is here
|-resisted|p1a: The King is here
|-damage|p1a: The King is here|0 fnt
|faint|p1a: The King is here
|
|upkeep
|choice|switch 6|
|
|switch|p1a: The Shell|Chesnaught, M, shiny|380\/380
|turn|21
|choice|move spikyshield|move highjumpkick
|
|move|p1a: The Shell|Spiky Shield|p1a: The Shell
|-singleturn|p1a: The Shell|move: Protect
|move|p2a: Mienshao|High Jump Kick|p1a: The Shell
|-activate|p1a: The Shell|move: Protect
|-damage|p2a: Mienshao|103\/271|[from] Spiky Shield|[of] p1a: The Shell
|-damage|p2a: Mienshao|0 fnt|[from] highjumpkick
|faint|p2a: Mienshao
|
|upkeep
|choice||switch 6
|
|switch|p2a: Heliolisk|Heliolisk, F|73\/265
|turn|22
|choice|move drainpunch|move hypervoice
|
|move|p2a: Heliolisk|Hyper Voice|p1a: The Shell
|-damage|p1a: The Shell|166\/380
|-damage|p2a: Heliolisk|47\/265|[from] item: Life Orb
|move|p1a: The Shell|Drain Punch|p2a: Heliolisk
|-supereffective|p2a: Heliolisk
|-damage|p2a: Heliolisk|0 fnt
|-heal|p1a: The Shell|190\/380|[from] drain|[of] p2a: Heliolisk
|faint|p2a: Heliolisk
|
|win|gastrocavities
|l|kenzao</script>
</div>
<div class="battle-log battle-log-inline"><div class="inner"><div class="battle-options"></div><div class="inner"><div class="chat"><small>gastrocavities joined.</small></div><div class="chat"><small>kenzao joined.</small></div><div class=""><small>Format:</small> <br><strong>UU</strong></div><div class=""><small><em>Sleep Clause Mod:</em> Limit one foe put to sleep</small></div><div class=""><small><em>Species Clause:</em> Limit one of each Pokémon</small></div><div class=""><small><em>OHKO Clause:</em> OHKO moves are banned</small></div><div class=""><small><em>Moody Clause:</em> Moody is banned</small></div><div class=""><small><em>Evasion Moves Clause:</em> Evasion moves are banned</small></div><div class=""><small><em>Endless Battle Clause:</em> Forcing endless battles is banned</small></div><div class=""><small><em>HP Percentage Mod:</em> HP is shown in percentages</small></div><div class=""><small><em>Swagger Clause:</em> Swagger is banned</small></div><div class=""><small><em>Baton Pass Clause:</em> Limit one Baton Passer, can't pass Spe and other stats simultaneously</small></div><div class="chat battle-history"><strong>gastrocavities's team:</strong> <em style="color:#445566;display:block;">Suicune / Absol / Chandelure / Conkeldurr / Nidoking / Chesnaught</em></div><div class="chat battle-history"><strong>kenzao's team:</strong> <em style="color:#445566;display:block;">Aerodactyl / Heliolisk / Mienshao / Hydreigon / Cresselia / Arcanine</em></div><div class="spacer battle-history"><br></div><div class="battle-history">Battle started between gastrocavities and kenzao!<br></div><div class="spacer battle-history"><br></div><div class="battle-history">Go! The King is here (<strong>Nidoking</strong>)!<br></div><div class="spacer battle-history"><br></div><div class="battle-history">kenzao sent out <strong>Cresselia</strong>!<br></div><div class="spacer battle-history"><br></div><h2 class="battle-history">Turn 1</h2><div class="spacer battle-history"><br></div><div class="battle-history">The King is here, come back!<br></div><div class="battle-history">Go! Angeless (<strong>Absol</strong>)!<br></div><div class="spacer battle-history"><br></div><div class="battle-history">The opposing Cresselia used <strong>Calm Mind</strong>!<br></div><div class="battle-history"><small>The opposing Cresselia's Special Attack rose!</small><br></div><div class="battle-history"><small>The opposing Cresselia's Special Defense rose!</small><br></div><div class="spacer battle-history"><br></div><h2 class="battle-history">Turn 2</h2><div class="spacer battle-history"><br></div><div class="battle-history">kenzao withdrew Cresselia!<br></div><div class="battle-history">kenzao sent out <strong>Hydreigon</strong>!<br></div><div class="spacer battle-history"><br></div><div class="battle-history"><small>Angeless's Absolite is reacting to gastrocavities's Mega Bracelet!</small><br>Angeless has Mega Evolved into Mega Absol!<br></div><div class="spacer battle-history"><br></div><div class="battle-history">Angeless used <strong>Knock Off</strong>!<br></div><div class="battle-history"><small>It's not very effective...</small><br></div><div class="battle-history"><small>(The opposing Hydreigon lost <abbr title="−116/325">35.7%</abbr> of its health!)</small><br></div><div class="battle-history"><small>Angeless knocked off the opposing Hydreigon's Life Orb!</small><br></div><div class="spacer battle-history"><br></div><h2 class="battle-history">Turn 3</h2><div class="spacer battle-history"><br></div><div class="battle-history">Angeless used <strong>Superpower</strong>!<br></div><div class="battle-history"><small>It's super effective!</small><br></div><div class="battle-history"><small>(The opposing Hydreigon lost <abbr title="−209/325">64.3%</abbr> of its health!)</small><br></div><div class="battle-history"><small>Angeless's Attack fell!</small><br></div><div class="battle-history"><small>Angeless's Defense fell!</small><br></div><div class="spacer battle-history"><br></div><div class="battle-history">The opposing Hydreigon fainted!<br></div><div class="spacer battle-history"><br></div><div class="battle-history">kenzao sent out <strong>Aerodactyl</strong>!<br></div><div class="battle-history"><small>[The opposing Aerodactyl's Unnerve]</small><br><small>Your team is too nervous to eat Berries!</small><br></div><div class="spacer battle-history"><br></div><h2 class="battle-history">Turn 4</h2><div class="spacer battle-history"><br></div><div class="battle-history">Angeless, come back!<br></div><div class="battle-history">Go! SwoCune (<strong>Suicune</strong>)!<br></div><div class="battle-history"><small>[SwoCune's Pressure]</small><br><small>SwoCune is exerting its pressure!</small><br></div><div class="spacer battle-history"><br></div><div class="battle-history"><small>The opposing Aerodactyl's Aerodactylite is reacting to kenzao's Mega Bracelet!</small><br>The opposing Aerodactyl has Mega Evolved into Mega Aerodactyl!<br></div><div class="spacer battle-history"><br></div><div class="battle-history">The opposing Aerodactyl used <strong>Earthquake</strong>!<br></div><div class="battle-history"><small>(SwoCune lost <abbr title="−84/404">20.8%</abbr> of its health!)</small><br></div><div class="spacer battle-history"><br></div><div class="battle-history"><small>SwoCune restored a little HP using its Leftovers!</small><br></div><div class="spacer battle-history"><br></div><h2 class="battle-history">Turn 5</h2><div class="spacer battle-history"><br></div><div class="battle-history">kenzao withdrew Aerodactyl!<br></div><div class="battle-history">kenzao sent out <strong>Heliolisk</strong>!<br></div><div class="spacer battle-history"><br></div><div class="battle-history">SwoCune used <strong>Scald</strong>!<br></div><div class="battle-history"><small>[The opposing Heliolisk's Dry Skin]</small><br><small>It doesn't affect the opposing Heliolisk...</small><br></div><div class="spacer battle-history"><br></div><div class="battle-history"><small>SwoCune restored a little HP using its Leftovers!</small><br></div><div class="spacer battle-history"><br></div><h2 class="battle-history">Turn 6</h2><div class="spacer battle-history"><br></div><div class="battle-history">SwoCune, come back!<br></div><div class="battle-history">Go! The King is here (<strong>Nidoking</strong>)!<br></div><div class="spacer battle-history"><br></div><div class="battle-history">The opposing Heliolisk used <strong>Thunderbolt</strong>!<br></div><div class="battle-history"><small>It doesn't affect The King is here...</small><br></div><div class="spacer battle-history"><br></div><h2 class="battle-history">Turn 7</h2><div class="spacer battle-history"><br></div><div class="battle-history">The opposing Heliolisk used <strong>Grass Knot</strong>!<br></div><div class="battle-history"><small>(The King is here lost <abbr title="−142/303">46.9%</abbr> of its health!)</small><br></div><div class="battle-history"><small>The opposing Heliolisk lost some of its HP!</small><br></div><div class="spacer battle-history"><br></div><div class="battle-history">The King is here used <strong>Ice Beam</strong>!<br></div><div class="battle-history"><small>(The opposing Heliolisk lost <abbr title="−166/265">62.6%</abbr> of its health!)</small><br></div><div class="spacer battle-history"><br></div><h2 class="battle-history">Turn 8</h2><div class="spacer battle-history"><br></div><div class="battle-history">kenzao withdrew Heliolisk!<br></div><div class="battle-history">kenzao sent out <strong>Arcanine</strong>!<br></div><div class="battle-history"><small>[The opposing Arcanine's Intimidate]</small><br></div><div class="battle-history"><small>The King is here's Attack fell!</small><br></div><div class="spacer battle-history"><br></div><div class="battle-history">The King is here used <strong>Ice Beam</strong>!<br></div><div class="battle-history"><small>It's not very effective...</small><br></div><div class="battle-history"><small>(The opposing Arcanine lost <abbr title="−88/383">23.0%</abbr> of its health!)</small><br></div><div class="spacer battle-history"><br></div><h2 class="battle-history">Turn 9</h2><div class="spacer battle-history"><br></div><div class="battle-history">The King is here used <strong>Earth Power</strong>!<br></div><div class="battle-history"><small>It's super effective!</small><br></div><div class="battle-history"><small>(The opposing Arcanine lost <abbr title="−295/383">77.0%</abbr> of its health!)</small><br></div><div class="spacer battle-history"><br></div><div class="battle-history">The opposing Arcanine fainted!<br></div><div class="spacer battle-history"><br></div><div class="battle-history">kenzao sent out <strong>Cresselia</strong>!<br></div><div class="spacer battle-history"><br></div><h2 class="battle-history">Turn 10</h2><div class="spacer battle-history"><br></div><div class="battle-history">The King is here, come back!<br></div><div class="battle-history">Go! Angeless (<strong>Absol-Mega</strong>)!<br></div><div class="spacer battle-history"><br></div><div class="battle-history">The opposing Cresselia used <strong>Psyshock</strong>!<br></div><div class="battle-history"><small>It doesn't affect Angeless...</small><br></div><div class="spacer battle-history"><br></div><h2 class="battle-history">Turn 11</h2><div class="spacer battle-history"><br></div><div class="battle-history">Angeless used <strong>Knock Off</strong>!<br></div><div class="battle-history"><small>It's super effective!</small><br></div><div class="battle-history"><small>(The opposing Cresselia lost <abbr title="−246/441">55.8%</abbr> of its health!)</small><br></div><div class="battle-history"><small>Angeless knocked off the opposing Cresselia's Leftovers!</small><br></div><div class="spacer battle-history"><br></div><div class="battle-history">The opposing Cresselia used <strong>Moonblast</strong>!<br></div><div class="battle-history"><small>It's super effective!</small><br></div><div class="battle-history"><small>(Angeless lost <abbr title="−176/271">64.9%</abbr> of its health!)</small><br></div><div class="spacer battle-history"><br></div><h2 class="battle-history">Turn 12</h2><div class="spacer battle-history"><br></div><div class="battle-history">kenzao withdrew Cresselia!<br></div><div class="battle-history">kenzao sent out <strong>Mienshao</strong>!<br></div><div class="spacer battle-history"><br></div><div class="battle-history">Angeless used <strong>Sucker Punch</strong>!<br></div><div class="battle-history"><small>But it failed!</small><br></div><div class="spacer battle-history"><br></div><h2 class="battle-history">Turn 13</h2><div class="spacer battle-history"><br></div><div class="battle-history">Angeless, come back!<br></div><div class="battle-history">Go! My Chandelier (<strong>Chandelure</strong>)!<br></div><div class="spacer battle-history"><br></div><div class="battle-history">The opposing Mienshao used <strong>High Jump Kick</strong>!<br></div><div class="battle-history"><small>It doesn't affect My Chandelier...</small><br></div><div class="battle-history"><small>The opposing Mienshao kept going and crashed!</small><br></div><div class="spacer battle-history"><br></div><h2 class="battle-history">Turn 14</h2><div class="spacer battle-history"><br></div><div class="battle-history">kenzao withdrew Mienshao!<br></div><div class="battle-history">kenzao sent out Aerodactyl (<strong>Aerodactyl-Mega</strong>)!<br></div><div class="spacer battle-history"><br></div><div class="battle-history">My Chandelier used <strong>Shadow Ball</strong>!<br></div><div class="battle-history"><small>(The opposing Aerodactyl lost <abbr title="−166/301">55.1%</abbr> of its health!)</small><br></div><div class="spacer battle-history"><br></div><h2 class="battle-history">Turn 15</h2><div class="spacer battle-history"><br></div><div class="battle-history">The opposing Aerodactyl used <strong>Aerial Ace</strong>!<br></div><div class="battle-history"><small>(My Chandelier lost <abbr title="−148/261">56.7%</abbr> of its health!)</small><br></div><div class="spacer battle-history"><br></div><div class="battle-history">My Chandelier used <strong>Shadow Ball</strong>!<br></div><div class="battle-history"><small>(The opposing Aerodactyl lost <abbr title="−135/301">44.9%</abbr> of its health!)</small><br></div><div class="spacer battle-history"><br></div><div class="battle-history">The opposing Aerodactyl fainted!<br></div><div class="spacer battle-history"><br></div><div class="battle-history">kenzao sent out <strong>Mienshao</strong>!<br></div><div class="spacer battle-history"><br></div><h2 class="battle-history">Turn 16</h2><div class="spacer battle-history"><br></div><div class="battle-history">The opposing Mienshao used <strong>Knock Off</strong>!<br></div><div class="battle-history"><small>It's super effective!</small><br></div><div class="battle-history"><small>A critical hit!</small><br></div><div class="battle-history"><small>(My Chandelier lost <abbr title="−113/261">43.3%</abbr> of its health!)</small><br></div><div class="battle-history"><small>The opposing Mienshao knocked off My Chandelier's Choice Scarf!</small><br></div><div class="spacer battle-history"><br></div><div class="battle-history">My Chandelier fainted!<br></div><div class="spacer battle-history"><br></div><div class="battle-history">Go! Angeless (<strong>Absol-Mega</strong>)!<br></div><div class="spacer battle-history"><br></div><h2 class="battle-history">Turn 17</h2><div class="spacer battle-history"><br></div><div class="battle-history">The opposing Mienshao used <strong>Knock Off</strong>!<br></div><div class="battle-history"><small>It's not very effective...</small><br></div><div class="battle-history"><small>(Angeless lost <abbr title="−61/271">22.5%</abbr> of its health!)</small><br></div><div class="spacer battle-history"><br></div><div class="battle-history">Angeless used <strong>Swords Dance</strong>!<br></div><div class="battle-history"><small>Angeless's Attack rose sharply!</small><br></div><div class="spacer battle-history"><br></div><h2 class="battle-history">Turn 18</h2><div class="spacer battle-history"><br></div><div class="battle-history">kenzao withdrew Mienshao!<br></div><div class="battle-history">kenzao sent out <strong>Cresselia</strong>!<br></div><div class="spacer battle-history"><br></div><div class="battle-history">Angeless used <strong>Sucker Punch</strong>!<br></div><div class="battle-history"><small>But it failed!</small><br></div><div class="spacer battle-history"><br></div><h2 class="battle-history">Turn 19</h2><div class="spacer battle-history"><br></div><div class="battle-history">Angeless used <strong>Knock Off</strong>!<br></div><div class="battle-history"><small>It's super effective!</small><br></div><div class="battle-history"><small>(The opposing Cresselia lost <abbr title="−195/441">44.2%</abbr> of its health!)</small><br></div><div class="spacer battle-history"><br></div><div class="battle-history">The opposing Cresselia fainted!<br></div><div class="spacer battle-history"><br></div><div class="battle-history">kenzao sent out <strong>Mienshao</strong>!<br></div><div class="spacer battle-history"><br></div><h2 class="battle-history">Turn 20</h2><div class="spacer battle-history"><br></div><div class="battle-history">Angeless, come back!<br></div><div class="battle-history">Go! The King is here (<strong>Nidoking</strong>)!<br></div><div class="spacer battle-history"><br></div><div class="battle-history">The opposing Mienshao used <strong>High Jump Kick</strong>!<br></div><div class="battle-history"><small>It's not very effective...</small><br></div><div class="battle-history"><small>(The King is here lost <abbr title="−161/303">53.1%</abbr> of its health!)</small><br></div><div class="spacer battle-history"><br></div><div class="battle-history">The King is here fainted!<br></div><div class="spacer battle-history"><br></div><div class="battle-history">Go! The Shell (<strong>Chesnaught</strong>)!<br></div><div class="spacer battle-history"><br></div><h2 class="battle-history">Turn 21</h2><div class="spacer battle-history"><br></div><div class="battle-history">The Shell used <strong>Spiky Shield</strong>!<br></div><div class="battle-history"><small>The Shell protected itself!</small><br></div><div class="spacer battle-history"><br></div><div class="battle-history">The opposing Mienshao used <strong>High Jump Kick</strong>!<br></div><div class="battle-history"><small>The Shell protected itself!</small><br></div><div class="battle-history"><small>The opposing Mienshao was hurt!</small><br></div><div class="battle-history"><small>The opposing Mienshao kept going and crashed!</small><br></div><div class="spacer battle-history"><br></div><div class="battle-history">The opposing Mienshao fainted!<br></div><div class="spacer battle-history"><br></div><div class="battle-history">kenzao sent out <strong>Heliolisk</strong>!<br></div><div class="spacer battle-history"><br></div><h2 class="battle-history">Turn 22</h2><div class="spacer battle-history"><br></div><div class="battle-history">The opposing Heliolisk used <strong>Hyper Voice</strong>!<br></div><div class="battle-history"><small>(The Shell lost <abbr title="−214/380">56.3%</abbr> of its health!)</small><br></div><div class="battle-history"><small>The opposing Heliolisk lost some of its HP!</small><br></div><div class="spacer battle-history"><br></div><div class="battle-history">The Shell used <strong>Drain Punch</strong>!<br></div><div class="battle-history"><small>It's super effective!</small><br></div><div class="battle-history"><small>(The opposing Heliolisk lost <abbr title="−47/265">17.7%</abbr> of its health!)</small><br></div><div class="battle-history"><small>The opposing Heliolisk had its energy drained!</small><br></div><div class="spacer battle-history"><br></div><div class="battle-history">The opposing Heliolisk fainted!<br></div><div class="spacer battle-history"><br></div><div class="battle-history"><strong>gastrocavities</strong> won the battle!<br></div><div class="chat"><small>kenzao left.</small></div></div><div class="inner-preempt"></div></div></div>
</div>
<script>
let daily = Math.floor(Date.now()/1000/60/60/24);document.write('<script src="https://play.pokemonshowdown.com/js/replay-embed.js?version'+daily+'"></'+'script>');
</script>
