<!DOCTYPE html>
<meta charset="utf-8" />
<!-- version 1 -->
<title>UU replay: megabaenette vs. The Welsh Wall</title>
<style>
html,body {font-family:Verdana, sans-serif;font-size:10pt;margin:0;padding:0;}body{padding:12px 0;} .battle-log {font-family:Verdana, sans-serif;font-size:10pt;} .battle-log-inline {border:1px solid #AAAAAA;background:#EEF2F5;color:black;max-width:640px;margin:0 auto 80px;padding-bottom:5px;} .battle-log .inner {padding:4px 8px 0px 8px;} .battle-log .inner-preempt {padding:0 8px 4px 8px;} .battle-log .inner-after {margin-top:0.5em;} .battle-log h2 {margin:0.5em -8px;padding:4px 8px;border:1px solid #AAAAAA;background:#E0E7EA;border-left:0;border-right:0;font-family:Verdana, sans-serif;font-size:13pt;} .battle-log .chat {vertical-align:middle;padding:3px 0 3px 0;font-size:8pt;} .battle-log .chat strong {color:#40576A;} .battle-log .chat em {padding:1px 4px 1px 3px;color:#000000;font-style:normal;} .chat.mine {background:rgba(0,0,0,0.05);margin-left:-8px;margin-right:-8px;padding-left:8px;padding-right:8px;} .spoiler {color:#BBBBBB;background:#BBBBBB;padding:0px 3px;} .spoiler:hover, .spoiler:active, .spoiler-shown {color:#000000;background:#E2E2E2;padding:0px 3px;} .spoiler a {color:#BBBBBB;} .spoiler:hover a, .spoiler:active a, .spoiler-shown a {color:#2288CC;} .chat code, .chat .spoiler:hover code, .chat .spoiler:active code, .chat .spoiler-shown code {border:1px solid #C0C0C0;background:#EEEEEE;color:black;padding:0 2px;} .chat .spoiler code {border:1px solid #CCCCCC;background:#CCCCCC;color:#CCCCCC;} .battle-log .rated {padding:3px 4px;} .battle-log .rated strong {color:white;background:#89A;padding:1px 4px;border-radius:4px;} .spacer {margin-top:0.5em;} .message-announce {background:#6688AA;color:white;padding:1px 4px 2px;} .message-announce a, .broadcast-green a, .broadcast-blue a, .broadcast-red a {color:#DDEEFF;} .broadcast-green {background-color:#559955;color:white;padding:2px 4px;} .broadcast-blue {background-color:#6688AA;color:white;padding:2px 4px;} .infobox {border:1px solid #6688AA;padding:2px 4px;} .infobox-limited {max-height:200px;overflow:auto;overflow-x:hidden;} .broadcast-red {background-color:#AA5544;color:white;padding:2px 4px;} .message-learn-canlearn {font-weight:bold;color:#228822;text-decoration:underline;} .message-learn-cannotlearn {font-weight:bold;color:#CC2222;text-decoration:underline;} .message-effect-weak {font-weight:bold;color:#CC2222;} .message-effect-resist {font-weight:bold;color:#6688AA;} .message-effect-immune {font-weight:bold;color:#666666;} .message-learn-list {margin-top:0;margin-bottom:0;} .message-throttle-notice, .message-error {color:#992222;} .message-overflow, .chat small.message-overflow {font-size:0pt;} .message-overflow::before {font-size:9pt;content:'...';} .subtle {color:#3A4A66;}
</style>
<div class="wrapper replay-wrapper" style="max-width:1180px;margin:0 auto">
<input type="hidden" name="replayid" value="uu-570109352" />
<div class="battle"></div><div class="battle-log"></div><div class="replay-controls"></div><div class="replay-controls-2"></div>
<h1 style="font-weight:normal;text-align:center"><strong>UU</strong><br /><a href="http://pokemonshowdown.com/users/megabaenette" class="subtle" target="_blank">megabaenette</a> vs. <a href="http://pokemonshowdown.com/users/thewelshwall" class="subtle" target="_blank">The Welsh Wall</a></h1>
<script type="text/plain" class="battle-log-data">|j|megabaenette
|j|The Welsh Wall
|player|p1|megabaenette|266
|player|p2|The Welsh Wall|236
|gametype|singles
|gen|6
|tier|UU
|seed|30728,1077,41070,47480
|rule|Sleep Clause Mod: Limit one foe put to sleep
|rule|Species Clause: Limit one of each Pokémon
|rule|OHKO Clause: OHKO moves are banned
|rule|Moody Clause: Moody is banned
|rule|Evasion Moves Clause: Evasion moves are banned
|rule|Endless Battle Clause: Forcing endless battles is banned
|rule|HP Percentage Mod: HP is shown in percentages
|clearpoke
|poke|p1|Trevenant, M|item
|poke|p1|Aerodactyl, M|item
|poke|p1|Empoleon, M|item
|poke|p1|Rotom-Heat|item
|poke|p1|Sylveon, F|item
|poke|p1|Krookodile, F|item
|poke|p2|Bronzong|item
|poke|p2|Sylveon, F|item
|poke|p2|Suicune|item
|poke|p2|Crobat, M|item
|poke|p2|Sceptile, M|item
|poke|p2|Snorlax, M|item
|rule|Swagger Clause: Swagger is banned
|rule|Baton Pass Clause: Limit one Baton Passer, can't pass Spe and other stats simultaneously
|teampreview
|j|Stats Bot
|l|Stats Bot
|c|☆The Welsh Wall|hf :)
|j|rick2004
|c|☆The Welsh Wall|is that cathy! o.o
|c|☆megabaenette|hey
|l|rick2004
|c|☆The Welsh Wall|*?
|j|MarcoYolo2 (>'_')>
|c| MarcoYolo2 (>'_')>|\/\/\/\/\/
|c|☆megabaenette|you have fun too
|inactive|Battle timer is ON: inactive players will automatically lose when time's up. (requested by megabaenette)
|choice|team 1, team 2, team 3, team 4, team 5, team 6|team 3, team 2, team 1, team 4, team 5, team 6
|
|start
|switch|p1a: Trevenant|Trevenant, M|311\/311
|switch|p2a: Tsunami|Suicune|401\/401
|-ability|p2a: Tsunami|Pressure
|turn|1
|choice|move woodhammer|switch 3
|
|switch|p2a: Liberty|Bronzong|337\/337
|move|p1a: Trevenant|Wood Hammer|p2a: Liberty
|-resisted|p2a: Liberty
|-damage|p2a: Liberty|215\/337
|-damage|p1a: Trevenant|271\/311|[from] recoil|[of] p2a: Liberty
|
|-heal|p2a: Liberty|236\/337|[from] item: Leftovers
|upkeep
|turn|2
|j|6LAZE
|choice|switch 6|move toxic
|
|switch|p1a: Krookodile|Krookodile, F|331\/331
|-ability|p1a: Krookodile|Intimidate|boost
|-unboost|p2a: Liberty|atk|1
|move|p2a: Liberty|Toxic|p1a: Krookodile
|-status|p1a: Krookodile|tox
|
|-heal|p2a: Liberty|257\/337|[from] item: Leftovers
|-damage|p1a: Krookodile|311\/331 tox|[from] psn
|upkeep
|turn|3
|choice|move knockoff|switch 2
|
|switch|p2a: Charlotte|Sylveon, F|393\/393
|move|p1a: Krookodile|Knock Off|p2a: Charlotte
|-resisted|p2a: Charlotte
|-damage|p2a: Charlotte|303\/393
|-enditem|p2a: Charlotte|Pixie Plate|[from] move: Knock Off|[of] p1a: Krookodile
|
|-damage|p1a: Krookodile|271\/331 tox|[from] psn
|upkeep
|turn|4
|choice|move stealthrock|move wish
|
|move|p1a: Krookodile|Stealth Rock|p2a: Charlotte
|-sidestart|p2: The Welsh Wall|move: Stealth Rock
|move|p2a: Charlotte|Wish|p2a: Charlotte
|
|-damage|p1a: Krookodile|211\/331 tox|[from] psn
|upkeep
|turn|5
|choice|move earthquake|switch 5
|
|switch|p2a: Evergreen|Sceptile, M|281\/281
|-damage|p2a: Evergreen|246\/281|[from] Stealth Rock
|move|p1a: Krookodile|Earthquake|p2a: Evergreen
|-resisted|p2a: Evergreen
|-damage|p2a: Evergreen|132\/281
|
|-heal|p2a: Evergreen|281\/281|[from] move: Wish|[wisher] Charlotte
|-damage|p1a: Krookodile|131\/331 tox|[from] psn
|upkeep
|turn|6
|j|GaryAjax
|choice|switch 5|move gigadrain mega
|
|switch|p1a: Sylveon|Sylveon, F|391\/391
|detailschange|p2a: Evergreen|Sceptile-Mega, M
|-mega|p2a: Evergreen|Sceptile|Sceptilite
|move|p2a: Evergreen|Giga Drain|p1a: Sylveon
|-damage|p1a: Sylveon|259\/391
|
|-heal|p1a: Sylveon|283\/391|[from] item: Leftovers
|upkeep
|turn|7
|choice|switch 4|switch 2
|
|switch|p2a: Liberty|Bronzong|257\/337
|-damage|p2a: Liberty|236\/337|[from] Stealth Rock
|switch|p1a: Rotom|Rotom-Heat|303\/303
|
|-heal|p2a: Liberty|257\/337|[from] item: Leftovers
|upkeep
|turn|8
|choice|move overheat|move stealthrock
|
|move|p1a: Rotom|Overheat|p2a: Liberty
|-supereffective|p2a: Liberty
|-damage|p2a: Liberty|45\/337
|-unboost|p1a: Rotom|spa|2
|move|p2a: Liberty|Stealth Rock|p1a: Rotom
|-sidestart|p1: megabaenette|move: Stealth Rock
|
|-heal|p2a: Liberty|66\/337|[from] item: Leftovers
|upkeep
|turn|9
|choice|move overheat|move earthquake
|
|move|p1a: Rotom|Overheat|p2a: Liberty
|-supereffective|p2a: Liberty
|-damage|p2a: Liberty|0 fnt
|-unboost|p1a: Rotom|spa|2
|faint|p2a: Liberty
|
|upkeep
|choice||switch 6
|
|switch|p2a: Master Zhen|Snorlax, M|497\/497
|-damage|p2a: Master Zhen|435\/497|[from] Stealth Rock
|turn|10
|choice|move willowisp|switch 5
|
|switch|p2a: Charlotte|Sylveon, F|303\/393
|-damage|p2a: Charlotte|254\/393|[from] Stealth Rock
|move|p1a: Rotom|Will-O-Wisp|p2a: Charlotte
|-status|p2a: Charlotte|brn
|
|-damage|p2a: Charlotte|205\/393 brn|[from] brn
|upkeep
|turn|11
|choice|move voltswitch|move wish
|
|move|p1a: Rotom|Volt Switch|p2a: Charlotte
|-damage|p2a: Charlotte|180\/393 brn
|j|TOAOKilgrave
|choice|switch 3|
|
|switch|p1a: Empoleon|Empoleon, M|372\/372
|-damage|p1a: Empoleon|349\/372|[from] Stealth Rock
|move|p2a: Charlotte|Wish|p2a: Charlotte
|
|-heal|p1a: Empoleon|372\/372|[from] item: Leftovers
|-damage|p2a: Charlotte|131\/393 brn|[from] brn
|upkeep
|turn|12
|choice|move roar|move healbell
|
|move|p2a: Charlotte|Heal Bell|p2a: Charlotte
|-activate|p2a: Charlotte|move: Heal Bell
|-curestatus|p2a: Charlotte|brn|[msg]
|move|p1a: Empoleon|Roar|p2a: Charlotte
|drag|p2a: Tsunami|Suicune|401\/401
|-damage|p2a: Tsunami|351\/401|[from] Stealth Rock
|-ability|p2a: Tsunami|Pressure
|
|-heal|p2a: Tsunami|401\/401|[from] move: Wish|[wisher] Charlotte
|upkeep
|turn|13
|choice|move roar|move scald
|
|move|p2a: Tsunami|Scald|p1a: Empoleon
|-resisted|p1a: Empoleon
|-damage|p1a: Empoleon|341\/372
|-status|p1a: Empoleon|brn
|move|p1a: Empoleon|Roar|p2a: Tsunami
|drag|p2a: Master Zhen|Snorlax, M|435\/497
|-damage|p2a: Master Zhen|373\/497|[from] Stealth Rock
|
|-heal|p1a: Empoleon|364\/372 brn|[from] item: Leftovers
|-heal|p2a: Master Zhen|404\/497|[from] item: Leftovers
|-damage|p1a: Empoleon|318\/372 brn|[from] brn
|upkeep
|turn|14
|choice|move scald|move bodyslam
|
|move|p1a: Empoleon|Scald|p2a: Master Zhen
|-damage|p2a: Master Zhen|329\/497
|move|p2a: Master Zhen|Body Slam|p1a: Empoleon
|-resisted|p1a: Empoleon
|-damage|p1a: Empoleon|253\/372 brn
|
|-heal|p1a: Empoleon|276\/372 brn|[from] item: Leftovers
|-heal|p2a: Master Zhen|360\/497|[from] item: Leftovers
|-damage|p1a: Empoleon|230\/372 brn|[from] brn
|upkeep
|turn|15
|choice|move scald|move bodyslam
|
|move|p1a: Empoleon|Scald|p2a: Master Zhen
|-damage|p2a: Master Zhen|281\/497
|-status|p2a: Master Zhen|brn
|move|p2a: Master Zhen|Body Slam|p1a: Empoleon
|-resisted|p1a: Empoleon
|-damage|p1a: Empoleon|201\/372 brn
|
|-heal|p1a: Empoleon|224\/372 brn|[from] item: Leftovers
|-heal|p2a: Master Zhen|312\/497 brn|[from] item: Leftovers
|-damage|p1a: Empoleon|178\/372 brn|[from] brn
|-damage|p2a: Master Zhen|250\/497 brn|[from] brn
|upkeep
|turn|16
|choice|switch 6|move rest
|
|switch|p1a: Trevenant|Trevenant, M|271\/311
|-damage|p1a: Trevenant|233\/311|[from] Stealth Rock
|move|p2a: Master Zhen|Rest|p2a: Master Zhen
|-status|p2a: Master Zhen|slp
|-heal|p2a: Master Zhen|497\/497 slp|[silent]
|-status|p2a: Master Zhen|slp|[from] move: Rest
|
|upkeep
|turn|17
|choice|move trick|switch 4
|
|switch|p2a: Count Cro.|Crobat, M|353\/353
|-damage|p2a: Count Cro.|265\/353|[from] Stealth Rock
|move|p1a: Trevenant|Trick|p2a: Count Cro.
|-activate|p1a: Trevenant|move: Trick|[of] p2a: Count Cro.
|-item|p2a: Count Cro.|Choice Band|[from] move: Trick
|-item|p1a: Trevenant|Black Sludge|[from] move: Trick
|
|-damage|p1a: Trevenant|195\/311|[from] item: Black Sludge
|upkeep
|turn|18
|choice|switch 5|move bravebird
|
|switch|p1a: Krookodile|Krookodile, F|131\/331 tox
|-damage|p1a: Krookodile|111\/331 tox|[from] Stealth Rock
|-ability|p1a: Krookodile|Intimidate|boost
|-unboost|p2a: Count Cro.|atk|1
|move|p2a: Count Cro.|Brave Bird|p1a: Krookodile
|-damage|p1a: Krookodile|0 fnt
|-damage|p2a: Count Cro.|228\/353|[from] recoil|[of] p1a: Krookodile
|faint|p1a: Krookodile
|
|upkeep
|choice|switch 2|
|
|switch|p1a: Aerodactyl|Aerodactyl, M|301\/301
|-ability|p1a: Aerodactyl|Unnerve|p2: The Welsh Wall
|-damage|p1a: Aerodactyl|226\/301|[from] Stealth Rock
|turn|19
|choice|move pursuit mega|switch 5
|
|-activate|p2a: Count Cro.|move: Pursuit
|detailschange|p1a: Aerodactyl|Aerodactyl-Mega, M
|-mega|p1a: Aerodactyl|Aerodactyl|Aerodactylite
|move|p1a: Aerodactyl|Pursuit|p2a: Count Cro.|[from]Pursuit
|-damage|p2a: Count Cro.|90\/353
|switch|p2a: Tsunami|Suicune|401\/401
|-damage|p2a: Tsunami|351\/401|[from] Stealth Rock
|-ability|p2a: Tsunami|Pressure
|
|-heal|p2a: Tsunami|376\/401|[from] item: Leftovers
|upkeep
|turn|20
|choice|switch 6|move scald
|
|switch|p1a: Empoleon|Empoleon, M|178\/372 brn
|-damage|p1a: Empoleon|155\/372 brn|[from] Stealth Rock
|move|p2a: Tsunami|Scald|p1a: Empoleon
|-resisted|p1a: Empoleon
|-damage|p1a: Empoleon|125\/372 brn
|
|-heal|p2a: Tsunami|401\/401|[from] item: Leftovers
|-heal|p1a: Empoleon|148\/372 brn|[from] item: Leftovers
|-damage|p1a: Empoleon|102\/372 brn|[from] brn
|upkeep
|turn|21
|choice|move roar|move roar
|
|move|p2a: Tsunami|Roar|p1a: Empoleon
|drag|p1a: Sylveon|Sylveon, F|283\/391
|-damage|p1a: Sylveon|235\/391|[from] Stealth Rock
|
|-heal|p1a: Sylveon|259\/391|[from] item: Leftovers
|upkeep
|turn|22
|c|☆The Welsh Wall|;)
|choice|move wish|move calmmind
|
|move|p2a: Tsunami|Calm Mind|p2a: Tsunami
|-boost|p2a: Tsunami|spa|1
|-boost|p2a: Tsunami|spd|1
|move|p1a: Sylveon|Wish|p1a: Sylveon
|
|-heal|p1a: Sylveon|283\/391|[from] item: Leftovers
|upkeep
|turn|23
|choice|move calmmind|move roar
|
|move|p1a: Sylveon|Calm Mind|p1a: Sylveon
|-boost|p1a: Sylveon|spa|1
|-boost|p1a: Sylveon|spd|1
|move|p2a: Tsunami|Roar|p1a: Sylveon
|drag|p1a: Aerodactyl|Aerodactyl-Mega, M|226\/301
|-damage|p1a: Aerodactyl|151\/301|[from] Stealth Rock
|
|-heal|p1a: Aerodactyl|301\/301|[from] move: Wish|[wisher] Sylveon
|upkeep
|turn|24
|choice|switch 4|move scald
|
|switch|p1a: Empoleon|Empoleon, M|102\/372 brn
|-damage|p1a: Empoleon|79\/372 brn|[from] Stealth Rock
|move|p2a: Tsunami|Scald|p1a: Empoleon
|-resisted|p1a: Empoleon
|-damage|p1a: Empoleon|30\/372 brn
|
|-heal|p1a: Empoleon|53\/372 brn|[from] item: Leftovers
|-damage|p1a: Empoleon|7\/372 brn|[from] brn
|upkeep
|turn|25
|choice|move scald|move scald
|
|move|p2a: Tsunami|Scald|p1a: Empoleon
|-resisted|p1a: Empoleon
|-damage|p1a: Empoleon|0 fnt
|faint|p1a: Empoleon
|
|upkeep
|choice|switch 5|
|
|switch|p1a: Trevenant|Trevenant, M|195\/311
|-damage|p1a: Trevenant|157\/311|[from] Stealth Rock
|turn|26
|choice|move woodhammer|switch 3
|
|switch|p2a: Charlotte|Sylveon, F|131\/393
|-damage|p2a: Charlotte|82\/393|[from] Stealth Rock
|move|p1a: Trevenant|Wood Hammer|p2a: Charlotte
|-crit|p2a: Charlotte
|-damage|p2a: Charlotte|0 fnt
|-damage|p1a: Trevenant|130\/311|[from] recoil|[of] p2a: Charlotte
|faint|p2a: Charlotte
|
|-damage|p1a: Trevenant|92\/311|[from] item: Black Sludge
|upkeep
|choice||switch 5
|
|switch|p2a: Count Cro.|Crobat, M|90\/353
|-damage|p2a: Count Cro.|2\/353|[from] Stealth Rock
|turn|27
|choice|switch 3|move bravebird
|
|switch|p1a: Rotom|Rotom-Heat|303\/303
|-damage|p1a: Rotom|228\/303|[from] Stealth Rock
|move|p2a: Count Cro.|Brave Bird|p1a: Rotom
|-resisted|p1a: Rotom
|-damage|p1a: Rotom|157\/303
|-damage|p2a: Count Cro.|0 fnt|[from] recoil|[of] p1a: Rotom
|faint|p2a: Count Cro.
|
|-heal|p1a: Rotom|175\/303|[from] item: Leftovers
|upkeep
|choice||switch 4
|
|switch|p2a: Master Zhen|Snorlax, M|497\/497 slp
|-damage|p2a: Master Zhen|435\/497 slp|[from] Stealth Rock
|turn|28
|choice|move painsplit|move sleeptalk
|
|move|p1a: Rotom|Pain Split|p2a: Master Zhen
|-sethp|p2a: Master Zhen|305\/497 slp|p1a: Rotom|303\/303|[from] move: Pain Split
|cant|p2a: Master Zhen|slp
|move|p2a: Master Zhen|Sleep Talk|p2a: Master Zhen
|move|p2a: Master Zhen|Rest|p2a: Master Zhen|[from]Sleep Talk
|-fail|p2a: Master Zhen
|
|-heal|p2a: Master Zhen|336\/497 slp|[from] item: Leftovers
|upkeep
|turn|29
|choice|move voltswitch|move sleeptalk
|
|move|p1a: Rotom|Volt Switch|p2a: Master Zhen
|-damage|p2a: Master Zhen|270\/497 slp
|choice|switch 3|
|
|switch|p1a: Trevenant|Trevenant, M|92\/311
|-damage|p1a: Trevenant|54\/311|[from] Stealth Rock
|cant|p2a: Master Zhen|slp
|move|p2a: Master Zhen|Sleep Talk|p2a: Master Zhen
|move|p2a: Master Zhen|Rest|p2a: Master Zhen|[from]Sleep Talk
|-fail|p2a: Master Zhen
|
|-damage|p1a: Trevenant|16\/311|[from] item: Black Sludge
|-heal|p2a: Master Zhen|301\/497 slp|[from] item: Leftovers
|upkeep
|turn|30
|choice|move drainpunch|move rest
|
|move|p1a: Trevenant|Drain Punch|p2a: Master Zhen
|-supereffective|p2a: Master Zhen
|-damage|p2a: Master Zhen|137\/497 slp
|-heal|p1a: Trevenant|98\/311|[from] drain|[of] p2a: Master Zhen
|-curestatus|p2a: Master Zhen|slp|[msg]
|move|p2a: Master Zhen|Rest|p2a: Master Zhen
|-status|p2a: Master Zhen|slp
|-heal|p2a: Master Zhen|497\/497 slp|[silent]
|-status|p2a: Master Zhen|slp|[from] move: Rest
|
|-damage|p1a: Trevenant|60\/311|[from] item: Black Sludge
|upkeep
|turn|31
|choice|move drainpunch|switch 2
|
|switch|p2a: Evergreen|Sceptile-Mega, M|281\/281
|-damage|p2a: Evergreen|246\/281|[from] Stealth Rock
|move|p1a: Trevenant|Drain Punch|p2a: Evergreen
|-damage|p2a: Evergreen|151\/281
|-heal|p1a: Trevenant|108\/311|[from] drain|[of] p2a: Evergreen
|
|-damage|p1a: Trevenant|70\/311|[from] item: Black Sludge
|upkeep
|turn|32
|choice|switch 6|move gigadrain
|
|switch|p1a: Sylveon|Sylveon, F|283\/391
|-damage|p1a: Sylveon|235\/391|[from] Stealth Rock
|move|p2a: Evergreen|Giga Drain|p1a: Sylveon
|-crit|p1a: Sylveon
|-damage|p1a: Sylveon|58\/391
|-heal|p2a: Evergreen|240\/281|[from] drain|[of] p1a: Sylveon
|
|-heal|p1a: Sylveon|82\/391|[from] item: Leftovers
|upkeep
|turn|33
|choice|move hypervoice|move gigadrain
|
|move|p2a: Evergreen|Giga Drain|p1a: Sylveon
|-damage|p1a: Sylveon|0 fnt
|-heal|p2a: Evergreen|281\/281|[from] drain|[of] p1a: Sylveon
|faint|p1a: Sylveon
|
|upkeep
|choice|switch 4|
|
|switch|p1a: Aerodactyl|Aerodactyl-Mega, M|301\/301
|-damage|p1a: Aerodactyl|226\/301|[from] Stealth Rock
|turn|34
|choice|move stoneedge|switch 3
|
|switch|p2a: Tsunami|Suicune|401\/401
|-damage|p2a: Tsunami|351\/401|[from] Stealth Rock
|-ability|p2a: Tsunami|Pressure
|move|p1a: Aerodactyl|Stone Edge|p2a: Tsunami
|-damage|p2a: Tsunami|230\/401
|
|-heal|p2a: Tsunami|255\/401|[from] item: Leftovers
|upkeep
|turn|35
|choice|move stoneedge|move roar
|
|move|p1a: Aerodactyl|Stone Edge|p2a: Tsunami
|-damage|p2a: Tsunami|123\/401
|move|p2a: Tsunami|Roar|p1a: Aerodactyl
|drag|p1a: Rotom|Rotom-Heat|303\/303
|-damage|p1a: Rotom|228\/303|[from] Stealth Rock
|
|-heal|p1a: Rotom|246\/303|[from] item: Leftovers
|-heal|p2a: Tsunami|148\/401|[from] item: Leftovers
|upkeep
|turn|36
|choice|move voltswitch|switch 3
|
|switch|p2a: Evergreen|Sceptile-Mega, M|281\/281
|-damage|p2a: Evergreen|246\/281|[from] Stealth Rock
|move|p1a: Rotom|Volt Switch|p2a: Evergreen
|-ability|p2a: Evergreen|Lightning Rod|boost
|-boost|p2a: Evergreen|spa|1
|
|-heal|p1a: Rotom|264\/303|[from] item: Leftovers
|upkeep
|turn|37
|choice|move overheat|move dragonpulse
|
|move|p2a: Evergreen|Dragon Pulse|p1a: Rotom
|-damage|p1a: Rotom|30\/303
|move|p1a: Rotom|Overheat|p2a: Evergreen
|-damage|p2a: Evergreen|60\/281
|-unboost|p1a: Rotom|spa|2
|
|-heal|p1a: Rotom|48\/303|[from] item: Leftovers
|upkeep
|turn|38
|choice|move overheat|move dragonpulse
|
|move|p2a: Evergreen|Dragon Pulse|p1a: Rotom
|-damage|p1a: Rotom|0 fnt
|faint|p1a: Rotom
|
|upkeep
|choice|switch 3|
|
|switch|p1a: Aerodactyl|Aerodactyl-Mega, M|226\/301
|-damage|p1a: Aerodactyl|151\/301|[from] Stealth Rock
|turn|39
|choice|move pursuit|move dragonpulse
|
|move|p1a: Aerodactyl|Pursuit|p2a: Evergreen
|-damage|p2a: Evergreen|0 fnt
|faint|p2a: Evergreen
|
|upkeep
|choice||switch 2
|
|switch|p2a: Master Zhen|Snorlax, M|497\/497 slp
|-damage|p2a: Master Zhen|435\/497 slp|[from] Stealth Rock
|turn|40
|choice|move stoneedge|move sleeptalk
|
|move|p1a: Aerodactyl|Stone Edge|p2a: Master Zhen
|-damage|p2a: Master Zhen|228\/497 slp
|cant|p2a: Master Zhen|slp
|move|p2a: Master Zhen|Sleep Talk|p2a: Master Zhen
|move|p2a: Master Zhen|Body Slam|p1a: Aerodactyl|[from]Sleep Talk
|-resisted|p1a: Aerodactyl
|-damage|p1a: Aerodactyl|91\/301
|
|-heal|p2a: Master Zhen|259\/497 slp|[from] item: Leftovers
|upkeep
|turn|41
|choice|move stoneedge|move sleeptalk
|
|move|p1a: Aerodactyl|Stone Edge|p2a: Master Zhen
|-damage|p2a: Master Zhen|61\/497 slp
|cant|p2a: Master Zhen|slp
|move|p2a: Master Zhen|Sleep Talk|p2a: Master Zhen
|move|p2a: Master Zhen|Body Slam|p1a: Aerodactyl|[from]Sleep Talk
|-resisted|p1a: Aerodactyl
|-damage|p1a: Aerodactyl|33\/301
|
|-heal|p2a: Master Zhen|92\/497 slp|[from] item: Leftovers
|upkeep
|turn|42
|choice|move aerialace|move rest
|
|move|p1a: Aerodactyl|Aerial Ace|p2a: Master Zhen
|-damage|p2a: Master Zhen|0 fnt
|faint|p2a: Master Zhen
|
|upkeep
|choice||switch 3
|
|switch|p2a: Tsunami|Suicune|148\/401
|-damage|p2a: Tsunami|98\/401|[from] Stealth Rock
|-ability|p2a: Tsunami|Pressure
|turn|43
|c|☆megabaenette|gg imma miss lmao
|l|megabaenette
|player|p1|
|c|☆The Welsh Wall|???
|j|megabaenette
|player|p1|megabaenette|266
|choice|move stoneedge|move rest
|
|move|p1a: Aerodactyl|Stone Edge|p2a: Tsunami
|-damage|p2a: Tsunami|0 fnt
|faint|p2a: Tsunami
|
|win|megabaenette
|c|☆The Welsh Wall|gg lol
|c| MarcoYolo2 (>'_')>|THE COMEBACK
|c| MarcoYolo2 (>'_')>|LOL
|c|☆megabaenette|nevermind lol
|l|MarcoYolo2 (>'_')>
|l|The Welsh Wall</script>
</div>
<div class="battle-log battle-log-inline"><div class="inner"><div class="battle-options"></div><div class="inner"><div class="chat"><small>megabaenette joined.</small></div><div class="chat"><small>The Welsh Wall joined.</small></div><div class=""><small>Format:</small> <br><strong>UU</strong></div><div class=""><small><em>Sleep Clause Mod:</em> Limit one foe put to sleep</small></div><div class=""><small><em>Species Clause:</em> Limit one of each Pokémon</small></div><div class=""><small><em>OHKO Clause:</em> OHKO moves are banned</small></div><div class=""><small><em>Moody Clause:</em> Moody is banned</small></div><div class=""><small><em>Evasion Moves Clause:</em> Evasion moves are banned</small></div><div class=""><small><em>Endless Battle Clause:</em> Forcing endless battles is banned</small></div><div class=""><small><em>HP Percentage Mod:</em> HP is shown in percentages</small></div><div class=""><small><em>Swagger Clause:</em> Swagger is banned</small></div><div class=""><small><em>Baton Pass Clause:</em> Limit one Baton Passer, can't pass Spe and other stats simultaneously</small></div><div class="chat battle-history"><strong>megabaenette's team:</strong> <em style="color:#445566;display:block;">Trevenant / Aerodactyl / Empoleon / Rotom-Heat / Sylveon / Krookodile</em></div><div class="chat battle-history"><strong>The Welsh Wall's team:</strong> <em style="color:#445566;display:block;">Bronzong / Sylveon / Suicune / Crobat / Sceptile / Snorlax</em></div><div class="chat"><small>Stats Bot joined.</small></div><div class="chat"><small>Stats Bot left.</small></div><div class="chat chatmessage-thewelshwall"><strong style="color:hsl(358,87%,41.640571185818075%)"><small>☆</small><span class="username" data-name="The Welsh Wall">The Welsh Wall</span>:</strong> <em>hf :)</em></div><div class="chat"><small>rick2004 joined.</small></div><div class="chat chatmessage-thewelshwall"><strong style="color:hsl(358,87%,41.640571185818075%)"><small>☆</small><span class="username" data-name="The Welsh Wall">The Welsh Wall</span>:</strong> <em>is that cathy! o.o</em></div><div class="chat chatmessage-megabaenette"><strong style="color:hsl(149,82%,35.59070336591219%)"><small>☆</small><span class="username" data-name="megabaenette">megabaenette</span>:</strong> <em>hey</em></div><div class="chat"><small>rick2004 left.</small></div><div class="chat chatmessage-thewelshwall"><strong style="color:hsl(358,87%,41.640571185818075%)"><small>☆</small><span class="username" data-name="The Welsh Wall">The Welsh Wall</span>:</strong> <em>*?</em></div><div class="chat"><small>MarcoYolo2 (&gt;'_')&gt; joined.</small></div><div class="chat chatmessage-marcoyolo2"><strong style="color:hsl(294,86%,45%)"><small> </small><span class="username" data-name="MarcoYolo2 (>'_')>">MarcoYolo2 (&gt;'_')&gt;</span>:</strong> <em>////</em></div><div class="chat chatmessage-megabaenette"><strong style="color:hsl(149,82%,35.59070336591219%)"><small>☆</small><span class="username" data-name="megabaenette">megabaenette</span>:</strong> <em>you have fun too</em></div><div class="chat message-error">Battle timer is ON: inactive players will automatically lose when time's up. (requested by megabaenette)</div><div class="spacer battle-history"><br></div><div class="battle-history">Battle started between megabaenette and The Welsh Wall!<br></div><div class="spacer battle-history"><br></div><div class="battle-history">Go! <strong>Trevenant</strong>!<br></div><div class="spacer battle-history"><br></div><div class="battle-history">The Welsh Wall sent out Tsunami (<strong>Suicune</strong>)!<br></div><div class="battle-history"><small>[The opposing Tsunami's Pressure]</small><br><small>The opposing Tsunami is exerting its pressure!</small><br></div><div class="spacer battle-history"><br></div><h2 class="battle-history">Turn 1</h2><div class="spacer battle-history"><br></div><div class="battle-history">The Welsh Wall withdrew Tsunami!<br></div><div class="battle-history">The Welsh Wall sent out Liberty (<strong>Bronzong</strong>)!<br></div><div class="spacer battle-history"><br></div><div class="battle-history">Trevenant used <strong>Wood Hammer</strong>!<br></div><div class="battle-history"><small>It's not very effective...</small><br></div><div class="battle-history"><small>(The opposing Liberty lost <abbr title="−122/337">36.2%</abbr> of its health!)</small><br></div><div class="battle-history"><small>Trevenant is damaged by the recoil!</small><br></div><div class="spacer battle-history"><br></div><div class="battle-history"><small>The opposing Liberty restored a little HP using its Leftovers!</small><br></div><div class="spacer battle-history"><br></div><h2 class="battle-history">Turn 2</h2><div class="chat"><small>6LAZE joined.</small></div><div class="spacer battle-history"><br></div><div class="battle-history">Trevenant, come back!<br></div><div class="battle-history">Go! <strong>Krookodile</strong>!<br></div><div class="battle-history"><small>[Krookodile's Intimidate]</small><br></div><div class="battle-history"><small>The opposing Liberty's Attack fell!</small><br></div><div class="spacer battle-history"><br></div><div class="battle-history">The opposing Liberty used <strong>Toxic</strong>!<br></div><div class="battle-history"><small>Krookodile was badly poisoned!</small><br></div><div class="spacer battle-history"><br></div><div class="battle-history"><small>The opposing Liberty restored a little HP using its Leftovers!</small><br></div><div class="battle-history"><small>Krookodile was hurt by poison!</small><br></div><div class="spacer battle-history"><br></div><h2 class="battle-history">Turn 3</h2><div class="spacer battle-history"><br></div><div class="battle-history">The Welsh Wall withdrew Liberty!<br></div><div class="battle-history">The Welsh Wall sent out Charlotte (<strong>Sylveon</strong>)!<br></div><div class="spacer battle-history"><br></div><div class="battle-history">Krookodile used <strong>Knock Off</strong>!<br></div><div class="battle-history"><small>It's not very effective...</small><br></div><div class="battle-history"><small>(The opposing Charlotte lost <abbr title="−90/393">22.9%</abbr> of its health!)</small><br></div><div class="battle-history"><small>Krookodile knocked off the opposing Charlotte's Pixie Plate!</small><br></div><div class="spacer battle-history"><br></div><div class="battle-history"><small>Krookodile was hurt by poison!</small><br></div><div class="spacer battle-history"><br></div><h2 class="battle-history">Turn 4</h2><div class="spacer battle-history"><br></div><div class="battle-history">Krookodile used <strong>Stealth Rock</strong>!<br></div><div class="battle-history"><small>Pointed stones float in the air around the opposing team!</small><br></div><div class="spacer battle-history"><br></div><div class="battle-history">The opposing Charlotte used <strong>Wish</strong>!<br></div><div class="spacer battle-history"><br></div><div class="battle-history"><small>Krookodile was hurt by poison!</small><br></div><div class="spacer battle-history"><br></div><h2 class="battle-history">Turn 5</h2><div class="spacer battle-history"><br></div><div class="battle-history">The Welsh Wall withdrew Charlotte!<br></div><div class="battle-history">The Welsh Wall sent out Evergreen (<strong>Sceptile</strong>)!<br></div><div class="battle-history"><small>Pointed stones dug into the opposing Evergreen!</small><br></div><div class="spacer battle-history"><br></div><div class="battle-history">Krookodile used <strong>Earthquake</strong>!<br></div><div class="battle-history"><small>It's not very effective...</small><br></div><div class="battle-history"><small>(The opposing Evergreen lost <abbr title="−114/281">40.6%</abbr> of its health!)</small><br></div><div class="spacer battle-history"><br></div><div class="battle-history"><small>Charlotte's wish came true!</small><br></div><div class="battle-history"><small>Krookodile was hurt by poison!</small><br></div><div class="spacer battle-history"><br></div><h2 class="battle-history">Turn 6</h2><div class="chat"><small>GaryAjax joined.</small></div><div class="spacer battle-history"><br></div><div class="battle-history">Krookodile, come back!<br></div><div class="battle-history">Go! <strong>Sylveon</strong>!<br></div><div class="spacer battle-history"><br></div><div class="battle-history"><small>The opposing Evergreen's Sceptilite is reacting to The Welsh Wall's Mega Bracelet!</small><br>The opposing Evergreen has Mega Evolved into Mega Sceptile!<br></div><div class="spacer battle-history"><br></div><div class="battle-history">The opposing Evergreen used <strong>Giga Drain</strong>!<br></div><div class="battle-history"><small>(Sylveon lost <abbr title="−132/391">33.8%</abbr> of its health!)</small><br></div><div class="spacer battle-history"><br></div><div class="battle-history"><small>Sylveon restored a little HP using its Leftovers!</small><br></div><div class="spacer battle-history"><br></div><h2 class="battle-history">Turn 7</h2><div class="spacer battle-history"><br></div><div class="battle-history">The Welsh Wall withdrew Evergreen!<br></div><div class="battle-history">The Welsh Wall sent out Liberty (<strong>Bronzong</strong>)!<br></div><div class="battle-history"><small>Pointed stones dug into the opposing Liberty!</small><br></div><div class="spacer battle-history"><br></div><div class="battle-history">Sylveon, come back!<br></div><div class="battle-history">Go! Rotom (<strong>Rotom-Heat</strong>)!<br></div><div class="spacer battle-history"><br></div><div class="battle-history"><small>The opposing Liberty restored a little HP using its Leftovers!</small><br></div><div class="spacer battle-history"><br></div><h2 class="battle-history">Turn 8</h2><div class="spacer battle-history"><br></div><div class="battle-history">Rotom used <strong>Overheat</strong>!<br></div><div class="battle-history"><small>It's super effective!</small><br></div><div class="battle-history"><small>(The opposing Liberty lost <abbr title="−212/337">62.9%</abbr> of its health!)</small><br></div><div class="battle-history"><small>Rotom's Special Attack fell harshly!</small><br></div><div class="spacer battle-history"><br></div><div class="battle-history">The opposing Liberty used <strong>Stealth Rock</strong>!<br></div><div class="battle-history"><small>Pointed stones float in the air around your team!</small><br></div><div class="spacer battle-history"><br></div><div class="battle-history"><small>The opposing Liberty restored a little HP using its Leftovers!</small><br></div><div class="spacer battle-history"><br></div><h2 class="battle-history">Turn 9</h2><div class="spacer battle-history"><br></div><div class="battle-history">Rotom used <strong>Overheat</strong>!<br></div><div class="battle-history"><small>It's super effective!</small><br></div><div class="battle-history"><small>(The opposing Liberty lost <abbr title="−66/337">19.6%</abbr> of its health!)</small><br></div><div class="battle-history"><small>Rotom's Special Attack fell harshly!</small><br></div><div class="spacer battle-history"><br></div><div class="battle-history">The opposing Liberty fainted!<br></div><div class="spacer battle-history"><br></div><div class="battle-history">The Welsh Wall sent out Master Zhen (<strong>Snorlax</strong>)!<br></div><div class="battle-history"><small>Pointed stones dug into the opposing Master Zhen!</small><br></div><div class="spacer battle-history"><br></div><h2 class="battle-history">Turn 10</h2><div class="spacer battle-history"><br></div><div class="battle-history">The Welsh Wall withdrew Master Zhen!<br></div><div class="battle-history">The Welsh Wall sent out Charlotte (<strong>Sylveon</strong>)!<br></div><div class="battle-history"><small>Pointed stones dug into the opposing Charlotte!</small><br></div><div class="spacer battle-history"><br></div><div class="battle-history">Rotom used <strong>Will-O-Wisp</strong>!<br></div><div class="battle-history"><small>The opposing Charlotte was burned!</small><br></div><div class="spacer battle-history"><br></div><div class="battle-history"><small>The opposing Charlotte was hurt by its burn!</small><br></div><div class="spacer battle-history"><br></div><h2 class="battle-history">Turn 11</h2><div class="spacer battle-history"><br></div><div class="battle-history">Rotom used <strong>Volt Switch</strong>!<br></div><div class="battle-history"><small>(The opposing Charlotte lost <abbr title="−25/393">6.4%</abbr> of its health!)</small><br></div><div class="chat"><small>TOAOKilgrave joined.</small></div><div class="spacer battle-history"><br></div><div class="battle-history">Rotom went back to megabaenette!<br></div><div class="battle-history">Go! <strong>Empoleon</strong>!<br></div><div class="battle-history"><small>Pointed stones dug into Empoleon!</small><br></div><div class="spacer battle-history"><br></div><div class="battle-history">The opposing Charlotte used <strong>Wish</strong>!<br></div><div class="spacer battle-history"><br></div><div class="battle-history"><small>Empoleon restored a little HP using its Leftovers!</small><br></div><div class="battle-history"><small>The opposing Charlotte was hurt by its burn!</small><br></div><div class="spacer battle-history"><br></div><h2 class="battle-history">Turn 12</h2><div class="spacer battle-history"><br></div><div class="battle-history">The opposing Charlotte used <strong>Heal Bell</strong>!<br></div><div class="battle-history"><small>A bell chimed!</small><br></div><div class="battle-history"><small>The opposing Charlotte's burn was healed.</small><br></div><div class="spacer battle-history"><br></div><div class="battle-history">Empoleon used <strong>Roar</strong>!<br></div><div class="spacer battle-history"><br></div><div class="battle-history">Tsunami (<strong>Suicune</strong>) was dragged out!<br></div><div class="battle-history"><small>Pointed stones dug into the opposing Tsunami!</small><br></div><div class="battle-history"><small>[The opposing Tsunami's Pressure]</small><br><small>The opposing Tsunami is exerting its pressure!</small><br></div><div class="spacer battle-history"><br></div><div class="battle-history"><small>Charlotte's wish came true!</small><br></div><div class="spacer battle-history"><br></div><h2 class="battle-history">Turn 13</h2><div class="spacer battle-history"><br></div><div class="battle-history">The opposing Tsunami used <strong>Scald</strong>!<br></div><div class="battle-history"><small>It's not very effective...</small><br></div><div class="battle-history"><small>(Empoleon lost <abbr title="−31/372">8.3%</abbr> of its health!)</small><br></div><div class="battle-history"><small>Empoleon was burned!</small><br></div><div class="spacer battle-history"><br></div><div class="battle-history">Empoleon used <strong>Roar</strong>!<br></div><div class="spacer battle-history"><br></div><div class="battle-history">Master Zhen (<strong>Snorlax</strong>) was dragged out!<br></div><div class="battle-history"><small>Pointed stones dug into the opposing Master Zhen!</small><br></div><div class="spacer battle-history"><br></div><div class="battle-history"><small>Empoleon restored a little HP using its Leftovers!</small><br></div><div class="battle-history"><small>The opposing Master Zhen restored a little HP using its Leftovers!</small><br></div><div class="battle-history"><small>Empoleon was hurt by its burn!</small><br></div><div class="spacer battle-history"><br></div><h2 class="battle-history">Turn 14</h2><div class="spacer battle-history"><br></div><div class="battle-history">Empoleon used <strong>Scald</strong>!<br></div><div class="battle-history"><small>(The opposing Master Zhen lost <abbr title="−75/497">15.1%</abbr> of its health!)</small><br></div><div class="spacer battle-history"><br></div><div class="battle-history">The opposing Master Zhen used <strong>Body Slam</strong>!<br></div><div class="battle-history"><small>It's not very effective...</small><br></div><div class="battle-history"><small>(Empoleon lost <abbr title="−65/372">17.5%</abbr> of its health!)</small><br></div><div class="spacer battle-history"><br></div><div class="battle-history"><small>Empoleon restored a little HP using its Leftovers!</small><br></div><div class="battle-history"><small>The opposing Master Zhen restored a little HP using its Leftovers!</small><br></div><div class="battle-history"><small>Empoleon was hurt by its burn!</small><br></div><div class="spacer battle-history"><br></div><h2 class="battle-history">Turn 15</h2><div class="spacer battle-history"><br></div><div class="battle-history">Empoleon used <strong>Scald</strong>!<br></div><div class="battle-history"><small>(The opposing Master Zhen lost <abbr title="−79/497">15.9%</abbr> of its health!)</small><br></div><div class="battle-history"><small>The opposing Master Zhen was burned!</small><br></div><div class="spacer battle-history"><br></div><div class="battle-history">The opposing Master Zhen used <strong>Body Slam</strong>!<br></div><div class="battle-history"><small>It's not very effective...</small><br></div><div class="battle-history"><small>(Empoleon lost <abbr title="−29/372">7.8%</abbr> of its health!)</small><br></div><div class="spacer battle-history"><br></div><div class="battle-history"><small>Empoleon restored a little HP using its Leftovers!</small><br></div><div class="battle-history"><small>The opposing Master Zhen restored a little HP using its Leftovers!</small><br></div><div class="battle-history"><small>Empoleon was hurt by its burn!</small><br></div><div class="battle-history"><small>The opposing Master Zhen was hurt by its burn!</small><br></div><div class="spacer battle-history"><br></div><h2 class="battle-history">Turn 16</h2><div class="spacer battle-history"><br></div><div class="battle-history">Empoleon, come back!<br></div><div class="battle-history">Go! <strong>Trevenant</strong>!<br></div><div class="battle-history"><small>Pointed stones dug into Trevenant!</small><br></div><div class="spacer battle-history"><br></div><div class="battle-history">The opposing Master Zhen used <strong>Rest</strong>!<br></div><div class="battle-history"><small>The opposing Master Zhen fell asleep!</small><br></div><div class="battle-history"><small>The opposing Master Zhen slept and became healthy!</small><br></div><div class="spacer battle-history"><br></div><h2 class="battle-history">Turn 17</h2><div class="spacer battle-history"><br></div><div class="battle-history">The Welsh Wall withdrew Master Zhen!<br></div><div class="battle-history">The Welsh Wall sent out Count Cro. (<strong>Crobat</strong>)!<br></div><div class="battle-history"><small>Pointed stones dug into the opposing Count Cro.!</small><br></div><div class="spacer battle-history"><br></div><div class="battle-history">Trevenant used <strong>Trick</strong>!<br></div><div class="battle-history"><small>Trevenant switched items with its target!</small><br></div><div class="battle-history"><small>The opposing Count Cro. obtained one Choice Band.</small><br></div><div class="battle-history"><small>Trevenant obtained one Black Sludge.</small><br></div><div class="spacer battle-history"><br></div><div class="battle-history"><small>Trevenant is hurt by its Black Sludge!</small><br></div><div class="spacer battle-history"><br></div><h2 class="battle-history">Turn 18</h2><div class="spacer battle-history"><br></div><div class="battle-history">Trevenant, come back!<br></div><div class="battle-history">Go! <strong>Krookodile</strong>!<br></div><div class="battle-history"><small>Pointed stones dug into Krookodile!</small><br></div><div class="battle-history"><small>[Krookodile's Intimidate]</small><br></div><div class="battle-history"><small>The opposing Count Cro.'s Attack fell!</small><br></div><div class="spacer battle-history"><br></div><div class="battle-history">The opposing Count Cro. used <strong>Brave Bird</strong>!<br></div><div class="battle-history"><small>(Krookodile lost <abbr title="−111/331">33.5%</abbr> of its health!)</small><br></div><div class="battle-history"><small>The opposing Count Cro. is damaged by the recoil!</small><br></div><div class="spacer battle-history"><br></div><div class="battle-history">Krookodile fainted!<br></div><div class="spacer battle-history"><br></div><div class="battle-history">Go! <strong>Aerodactyl</strong>!<br></div><div class="battle-history"><small>[Aerodactyl's Unnerve]</small><br><small>The opposing team is too nervous to eat Berries!</small><br></div><div class="battle-history"><small>Pointed stones dug into Aerodactyl!</small><br></div><div class="spacer battle-history"><br></div><h2 class="battle-history">Turn 19</h2><div class="spacer battle-history"><br></div><div class="battle-history"><small>(The opposing Count Cro. is being withdrawn...)</small><br></div><div class="spacer battle-history"><br></div><div class="battle-history"><small>Aerodactyl's Aerodactylite is reacting to megabaenette's Mega Bracelet!</small><br>Aerodactyl has Mega Evolved into Mega Aerodactyl!<br></div><div class="spacer battle-history"><br></div><div class="battle-history">Aerodactyl used <strong>Pursuit</strong>!<br></div><div class="battle-history"><small>(The opposing Count Cro. lost <abbr title="−138/353">39.1%</abbr> of its health!)</small><br></div><div class="spacer battle-history"><br></div><div class="battle-history">The Welsh Wall withdrew Count Cro.!<br></div><div class="battle-history">The Welsh Wall sent out Tsunami (<strong>Suicune</strong>)!<br></div><div class="battle-history"><small>Pointed stones dug into the opposing Tsunami!</small><br></div><div class="battle-history"><small>[The opposing Tsunami's Pressure]</small><br><small>The opposing Tsunami is exerting its pressure!</small><br></div><div class="spacer battle-history"><br></div><div class="battle-history"><small>The opposing Tsunami restored a little HP using its Leftovers!</small><br></div><div class="spacer battle-history"><br></div><h2 class="battle-history">Turn 20</h2><div class="spacer battle-history"><br></div><div class="battle-history">Aerodactyl, come back!<br></div><div class="battle-history">Go! <strong>Empoleon</strong>!<br></div><div class="battle-history"><small>Pointed stones dug into Empoleon!</small><br></div><div class="spacer battle-history"><br></div><div class="battle-history">The opposing Tsunami used <strong>Scald</strong>!<br></div><div class="battle-history"><small>It's not very effective...</small><br></div><div class="battle-history"><small>(Empoleon lost <abbr title="−30/372">8.1%</abbr> of its health!)</small><br></div><div class="spacer battle-history"><br></div><div class="battle-history"><small>The opposing Tsunami restored a little HP using its Leftovers!</small><br></div><div class="battle-history"><small>Empoleon restored a little HP using its Leftovers!</small><br></div><div class="battle-history"><small>Empoleon was hurt by its burn!</small><br></div><div class="spacer battle-history"><br></div><h2 class="battle-history">Turn 21</h2><div class="spacer battle-history"><br></div><div class="battle-history">The opposing Tsunami used <strong>Roar</strong>!<br></div><div class="spacer battle-history"><br></div><div class="battle-history"><strong>Sylveon</strong> was dragged out!<br></div><div class="battle-history"><small>Pointed stones dug into Sylveon!</small><br></div><div class="spacer battle-history"><br></div><div class="battle-history"><small>Sylveon restored a little HP using its Leftovers!</small><br></div><div class="spacer battle-history"><br></div><h2 class="battle-history">Turn 22</h2><div class="chat chatmessage-thewelshwall"><strong style="color:hsl(358,87%,41.640571185818075%)"><small>☆</small><span class="username" data-name="The Welsh Wall">The Welsh Wall</span>:</strong> <em>;)</em></div><div class="spacer battle-history"><br></div><div class="battle-history">The opposing Tsunami used <strong>Calm Mind</strong>!<br></div><div class="battle-history"><small>The opposing Tsunami's Special Attack rose!</small><br></div><div class="battle-history"><small>The opposing Tsunami's Special Defense rose!</small><br></div><div class="spacer battle-history"><br></div><div class="battle-history">Sylveon used <strong>Wish</strong>!<br></div><div class="spacer battle-history"><br></div><div class="battle-history"><small>Sylveon restored a little HP using its Leftovers!</small><br></div><div class="spacer battle-history"><br></div><h2 class="battle-history">Turn 23</h2><div class="spacer battle-history"><br></div><div class="battle-history">Sylveon used <strong>Calm Mind</strong>!<br></div><div class="battle-history"><small>Sylveon's Special Attack rose!</small><br></div><div class="battle-history"><small>Sylveon's Special Defense rose!</small><br></div><div class="spacer battle-history"><br></div><div class="battle-history">The opposing Tsunami used <strong>Roar</strong>!<br></div><div class="spacer battle-history"><br></div><div class="battle-history">Aerodactyl (<strong>Aerodactyl-Mega</strong>) was dragged out!<br></div><div class="battle-history"><small>Pointed stones dug into Aerodactyl!</small><br></div><div class="spacer battle-history"><br></div><div class="battle-history"><small>Sylveon's wish came true!</small><br></div><div class="spacer battle-history"><br></div><h2 class="battle-history">Turn 24</h2><div class="spacer battle-history"><br></div><div class="battle-history">Aerodactyl, come back!<br></div><div class="battle-history">Go! <strong>Empoleon</strong>!<br></div><div class="battle-history"><small>Pointed stones dug into Empoleon!</small><br></div><div class="spacer battle-history"><br></div><div class="battle-history">The opposing Tsunami used <strong>Scald</strong>!<br></div><div class="battle-history"><small>It's not very effective...</small><br></div><div class="battle-history"><small>(Empoleon lost <abbr title="−49/372">13.2%</abbr> of its health!)</small><br></div><div class="spacer battle-history"><br></div><div class="battle-history"><small>Empoleon restored a little HP using its Leftovers!</small><br></div><div class="battle-history"><small>Empoleon was hurt by its burn!</small><br></div><div class="spacer battle-history"><br></div><h2 class="battle-history">Turn 25</h2><div class="spacer battle-history"><br></div><div class="battle-history">The opposing Tsunami used <strong>Scald</strong>!<br></div><div class="battle-history"><small>It's not very effective...</small><br></div><div class="battle-history"><small>(Empoleon lost <abbr title="−7/372">1.9%</abbr> of its health!)</small><br></div><div class="spacer battle-history"><br></div><div class="battle-history">Empoleon fainted!<br></div><div class="spacer battle-history"><br></div><div class="battle-history">Go! <strong>Trevenant</strong>!<br></div><div class="battle-history"><small>Pointed stones dug into Trevenant!</small><br></div><div class="spacer battle-history"><br></div><h2 class="battle-history">Turn 26</h2><div class="spacer battle-history"><br></div><div class="battle-history">The Welsh Wall withdrew Tsunami!<br></div><div class="battle-history">The Welsh Wall sent out Charlotte (<strong>Sylveon</strong>)!<br></div><div class="battle-history"><small>Pointed stones dug into the opposing Charlotte!</small><br></div><div class="spacer battle-history"><br></div><div class="battle-history">Trevenant used <strong>Wood Hammer</strong>!<br></div><div class="battle-history"><small>A critical hit!</small><br></div><div class="battle-history"><small>(The opposing Charlotte lost <abbr title="−82/393">20.9%</abbr> of its health!)</small><br></div><div class="battle-history"><small>Trevenant is damaged by the recoil!</small><br></div><div class="spacer battle-history"><br></div><div class="battle-history">The opposing Charlotte fainted!<br></div><div class="spacer battle-history"><br></div><div class="battle-history"><small>Trevenant is hurt by its Black Sludge!</small><br></div><div class="spacer battle-history"><br></div><div class="battle-history">The Welsh Wall sent out Count Cro. (<strong>Crobat</strong>)!<br></div><div class="battle-history"><small>Pointed stones dug into the opposing Count Cro.!</small><br></div><div class="spacer battle-history"><br></div><h2 class="battle-history">Turn 27</h2><div class="spacer battle-history"><br></div><div class="battle-history">Trevenant, come back!<br></div><div class="battle-history">Go! Rotom (<strong>Rotom-Heat</strong>)!<br></div><div class="battle-history"><small>Pointed stones dug into Rotom!</small><br></div><div class="spacer battle-history"><br></div><div class="battle-history">The opposing Count Cro. used <strong>Brave Bird</strong>!<br></div><div class="battle-history"><small>It's not very effective...</small><br></div><div class="battle-history"><small>(Rotom lost <abbr title="−71/303">23.4%</abbr> of its health!)</small><br></div><div class="battle-history"><small>The opposing Count Cro. is damaged by the recoil!</small><br></div><div class="spacer battle-history"><br></div><div class="battle-history">The opposing Count Cro. fainted!<br></div><div class="spacer battle-history"><br></div><div class="battle-history"><small>Rotom restored a little HP using its Leftovers!</small><br></div><div class="spacer battle-history"><br></div><div class="battle-history">The Welsh Wall sent out Master Zhen (<strong>Snorlax</strong>)!<br></div><div class="battle-history"><small>Pointed stones dug into the opposing Master Zhen!</small><br></div><div class="spacer battle-history"><br></div><h2 class="battle-history">Turn 28</h2><div class="spacer battle-history"><br></div><div class="battle-history">Rotom used <strong>Pain Split</strong>!<br></div><div class="battle-history"><small>The battlers shared their pain!</small><br></div><div class="spacer battle-history"><br></div><div class="battle-history">The opposing Master Zhen is fast asleep.<br></div><div class="spacer battle-history"><br></div><div class="battle-history">The opposing Master Zhen used <strong>Sleep Talk</strong>!<br></div><div class="spacer battle-history"><br></div><div class="battle-history">The opposing Master Zhen used <strong>Rest</strong>!<br></div><div class="battle-history"><small>But it failed!</small><br></div><div class="spacer battle-history"><br></div><div class="battle-history"><small>The opposing Master Zhen restored a little HP using its Leftovers!</small><br></div><div class="spacer battle-history"><br></div><h2 class="battle-history">Turn 29</h2><div class="spacer battle-history"><br></div><div class="battle-history">Rotom used <strong>Volt Switch</strong>!<br></div><div class="battle-history"><small>(The opposing Master Zhen lost <abbr title="−66/497">13.3%</abbr> of its health!)</small><br></div><div class="spacer battle-history"><br></div><div class="battle-history">Rotom went back to megabaenette!<br></div><div class="battle-history">Go! <strong>Trevenant</strong>!<br></div><div class="battle-history"><small>Pointed stones dug into Trevenant!</small><br></div><div class="spacer battle-history"><br></div><div class="battle-history">The opposing Master Zhen is fast asleep.<br></div><div class="spacer battle-history"><br></div><div class="battle-history">The opposing Master Zhen used <strong>Sleep Talk</strong>!<br></div><div class="spacer battle-history"><br></div><div class="battle-history">The opposing Master Zhen used <strong>Rest</strong>!<br></div><div class="battle-history"><small>But it failed!</small><br></div><div class="spacer battle-history"><br></div><div class="battle-history"><small>Trevenant is hurt by its Black Sludge!</small><br></div><div class="battle-history"><small>The opposing Master Zhen restored a little HP using its Leftovers!</small><br></div><div class="spacer battle-history"><br></div><h2 class="battle-history">Turn 30</h2><div class="spacer battle-history"><br></div><div class="battle-history">Trevenant used <strong>Drain Punch</strong>!<br></div><div class="battle-history"><small>It's super effective!</small><br></div><div class="battle-history"><small>(The opposing Master Zhen lost <abbr title="−164/497">33.0%</abbr> of its health!)</small><br></div><div class="battle-history"><small>The opposing Master Zhen had its energy drained!</small><br></div><div class="battle-history"><small>The opposing Master Zhen woke up!</small><br></div><div class="spacer battle-history"><br></div><div class="battle-history">The opposing Master Zhen used <strong>Rest</strong>!<br></div><div class="battle-history"><small>The opposing Master Zhen fell asleep!</small><br></div><div class="battle-history"><small>The opposing Master Zhen slept and became healthy!</small><br></div><div class="spacer battle-history"><br></div><div class="battle-history"><small>Trevenant is hurt by its Black Sludge!</small><br></div><div class="spacer battle-history"><br></div><h2 class="battle-history">Turn 31</h2><div class="spacer battle-history"><br></div><div class="battle-history">The Welsh Wall withdrew Master Zhen!<br></div><div class="battle-history">The Welsh Wall sent out Evergreen (<strong>Sceptile-Mega</strong>)!<br></div><div class="battle-history"><small>Pointed stones dug into the opposing Evergreen!</small><br></div><div class="spacer battle-history"><br></div><div class="battle-history">Trevenant used <strong>Drain Punch</strong>!<br></div><div class="battle-history"><small>(The opposing Evergreen lost <abbr title="−95/281">33.8%</abbr> of its health!)</small><br></div><div class="battle-history"><small>The opposing Evergreen had its energy drained!</small><br></div><div class="spacer battle-history"><br></div><div class="battle-history"><small>Trevenant is hurt by its Black Sludge!</small><br></div><div class="spacer battle-history"><br></div><h2 class="battle-history">Turn 32</h2><div class="spacer battle-history"><br></div><div class="battle-history">Trevenant, come back!<br></div><div class="battle-history">Go! <strong>Sylveon</strong>!<br></div><div class="battle-history"><small>Pointed stones dug into Sylveon!</small><br></div><div class="spacer battle-history"><br></div><div class="battle-history">The opposing Evergreen used <strong>Giga Drain</strong>!<br></div><div class="battle-history"><small>A critical hit!</small><br></div><div class="battle-history"><small>(Sylveon lost <abbr title="−177/391">45.3%</abbr> of its health!)</small><br></div><div class="battle-history"><small>Sylveon had its energy drained!</small><br></div><div class="spacer battle-history"><br></div><div class="battle-history"><small>Sylveon restored a little HP using its Leftovers!</small><br></div><div class="spacer battle-history"><br></div><h2 class="battle-history">Turn 33</h2><div class="spacer battle-history"><br></div><div class="battle-history">The opposing Evergreen used <strong>Giga Drain</strong>!<br></div><div class="battle-history"><small>(Sylveon lost <abbr title="−82/391">21.0%</abbr> of its health!)</small><br></div><div class="battle-history"><small>Sylveon had its energy drained!</small><br></div><div class="spacer battle-history"><br></div><div class="battle-history">Sylveon fainted!<br></div><div class="spacer battle-history"><br></div><div class="battle-history">Go! Aerodactyl (<strong>Aerodactyl-Mega</strong>)!<br></div><div class="battle-history"><small>Pointed stones dug into Aerodactyl!</small><br></div><div class="spacer battle-history"><br></div><h2 class="battle-history">Turn 34</h2><div class="spacer battle-history"><br></div><div class="battle-history">The Welsh Wall withdrew Evergreen!<br></div><div class="battle-history">The Welsh Wall sent out Tsunami (<strong>Suicune</strong>)!<br></div><div class="battle-history"><small>Pointed stones dug into the opposing Tsunami!</small><br></div><div class="battle-history"><small>[The opposing Tsunami's Pressure]</small><br><small>The opposing Tsunami is exerting its pressure!</small><br></div><div class="spacer battle-history"><br></div><div class="battle-history">Aerodactyl used <strong>Stone Edge</strong>!<br></div><div class="battle-history"><small>(The opposing Tsunami lost <abbr title="−121/401">30.2%</abbr> of its health!)</small><br></div><div class="spacer battle-history"><br></div><div class="battle-history"><small>The opposing Tsunami restored a little HP using its Leftovers!</small><br></div><div class="spacer battle-history"><br></div><h2 class="battle-history">Turn 35</h2><div class="spacer battle-history"><br></div><div class="battle-history">Aerodactyl used <strong>Stone Edge</strong>!<br></div><div class="battle-history"><small>(The opposing Tsunami lost <abbr title="−132/401">32.9%</abbr> of its health!)</small><br></div><div class="spacer battle-history"><br></div><div class="battle-history">The opposing Tsunami used <strong>Roar</strong>!<br></div><div class="spacer battle-history"><br></div><div class="battle-history">Rotom (<strong>Rotom-Heat</strong>) was dragged out!<br></div><div class="battle-history"><small>Pointed stones dug into Rotom!</small><br></div><div class="spacer battle-history"><br></div><div class="battle-history"><small>Rotom restored a little HP using its Leftovers!</small><br></div><div class="battle-history"><small>The opposing Tsunami restored a little HP using its Leftovers!</small><br></div><div class="spacer battle-history"><br></div><h2 class="battle-history">Turn 36</h2><div class="spacer battle-history"><br></div><div class="battle-history">The Welsh Wall withdrew Tsunami!<br></div><div class="battle-history">The Welsh Wall sent out Evergreen (<strong>Sceptile-Mega</strong>)!<br></div><div class="battle-history"><small>Pointed stones dug into the opposing Evergreen!</small><br></div><div class="spacer battle-history"><br></div><div class="battle-history">Rotom used <strong>Volt Switch</strong>!<br></div><div class="battle-history"><small>[The opposing Evergreen's Lightning Rod]</small><br></div><div class="battle-history"><small>The opposing Evergreen's Special Attack rose!</small><br></div><div class="spacer battle-history"><br></div><div class="battle-history"><small>Rotom restored a little HP using its Leftovers!</small><br></div><div class="spacer battle-history"><br></div><h2 class="battle-history">Turn 37</h2><div class="spacer battle-history"><br></div><div class="battle-history">The opposing Evergreen used <strong>Dragon Pulse</strong>!<br></div><div class="battle-history"><small>(Rotom lost <abbr title="−234/303">77.2%</abbr> of its health!)</small><br></div><div class="spacer battle-history"><br></div><div class="battle-history">Rotom used <strong>Overheat</strong>!<br></div><div class="battle-history"><small>(The opposing Evergreen lost <abbr title="−186/281">66.2%</abbr> of its health!)</small><br></div><div class="battle-history"><small>Rotom's Special Attack fell harshly!</small><br></div><div class="spacer battle-history"><br></div><div class="battle-history"><small>Rotom restored a little HP using its Leftovers!</small><br></div><div class="spacer battle-history"><br></div><h2 class="battle-history">Turn 38</h2><div class="spacer battle-history"><br></div><div class="battle-history">The opposing Evergreen used <strong>Dragon Pulse</strong>!<br></div><div class="battle-history"><small>(Rotom lost <abbr title="−48/303">15.8%</abbr> of its health!)</small><br></div><div class="spacer battle-history"><br></div><div class="battle-history">Rotom fainted!<br></div><div class="spacer battle-history"><br></div><div class="battle-history">Go! Aerodactyl (<strong>Aerodactyl-Mega</strong>)!<br></div><div class="battle-history"><small>Pointed stones dug into Aerodactyl!</small><br></div><div class="spacer battle-history"><br></div><h2 class="battle-history">Turn 39</h2><div class="spacer battle-history"><br></div><div class="battle-history">Aerodactyl used <strong>Pursuit</strong>!<br></div><div class="battle-history"><small>(The opposing Evergreen lost <abbr title="−60/281">21.4%</abbr> of its health!)</small><br></div><div class="spacer battle-history"><br></div><div class="battle-history">The opposing Evergreen fainted!<br></div><div class="spacer battle-history"><br></div><div class="battle-history">The Welsh Wall sent out Master Zhen (<strong>Snorlax</strong>)!<br></div><div class="battle-history"><small>Pointed stones dug into the opposing Master Zhen!</small><br></div><div class="spacer battle-history"><br></div><h2 class="battle-history">Turn 40</h2><div class="spacer battle-history"><br></div><div class="battle-history">Aerodactyl used <strong>Stone Edge</strong>!<br></div><div class="battle-history"><small>(The opposing Master Zhen lost <abbr title="−207/497">41.6%</abbr> of its health!)</small><br></div><div class="spacer battle-history"><br></div><div class="battle-history">The opposing Master Zhen is fast asleep.<br></div><div class="spacer battle-history"><br></div><div class="battle-history">The opposing Master Zhen used <strong>Sleep Talk</strong>!<br></div><div class="spacer battle-history"><br></div><div class="battle-history">The opposing Master Zhen used <strong>Body Slam</strong>!<br></div><div class="battle-history"><small>It's not very effective...</small><br></div><div class="battle-history"><small>(Aerodactyl lost <abbr title="−60/301">19.9%</abbr> of its health!)</small><br></div><div class="spacer battle-history"><br></div><div class="battle-history"><small>The opposing Master Zhen restored a little HP using its Leftovers!</small><br></div><div class="spacer battle-history"><br></div><h2 class="battle-history">Turn 41</h2><div class="spacer battle-history"><br></div><div class="battle-history">Aerodactyl used <strong>Stone Edge</strong>!<br></div><div class="battle-history"><small>(The opposing Master Zhen lost <abbr title="−198/497">39.8%</abbr> of its health!)</small><br></div><div class="spacer battle-history"><br></div><div class="battle-history">The opposing Master Zhen is fast asleep.<br></div><div class="spacer battle-history"><br></div><div class="battle-history">The opposing Master Zhen used <strong>Sleep Talk</strong>!<br></div><div class="spacer battle-history"><br></div><div class="battle-history">The opposing Master Zhen used <strong>Body Slam</strong>!<br></div><div class="battle-history"><small>It's not very effective...</small><br></div><div class="battle-history"><small>(Aerodactyl lost <abbr title="−58/301">19.3%</abbr> of its health!)</small><br></div><div class="spacer battle-history"><br></div><div class="battle-history"><small>The opposing Master Zhen restored a little HP using its Leftovers!</small><br></div><div class="spacer battle-history"><br></div><h2 class="battle-history">Turn 42</h2><div class="spacer battle-history"><br></div><div class="battle-history">Aerodactyl used <strong>Aerial Ace</strong>!<br></div><div class="battle-history"><small>(The opposing Master Zhen lost <abbr title="−92/497">18.5%</abbr> of its health!)</small><br></div><div class="spacer battle-history"><br></div><div class="battle-history">The opposing Master Zhen fainted!<br></div><div class="spacer battle-history"><br></div><div class="battle-history">The Welsh Wall sent out Tsunami (<strong>Suicune</strong>)!<br></div><div class="battle-history"><small>Pointed stones dug into the opposing Tsunami!</small><br></div><div class="battle-history"><small>[The opposing Tsunami's Pressure]</small><br><small>The opposing Tsunami is exerting its pressure!</small><br></div><div class="spacer battle-history"><br></div><h2 class="battle-history">Turn 43</h2><div class="chat chatmessage-megabaenette"><strong style="color:hsl(149,82%,35.59070336591219%)"><small>☆</small><span class="username" data-name="megabaenette">megabaenette</span>:</strong> <em>gg imma miss lmao</em></div><div class="chat"><small>megabaenette left.</small></div><div class="chat chatmessage-thewelshwall"><strong style="color:hsl(358,87%,41.640571185818075%)"><small>☆</small><span class="username" data-name="The Welsh Wall">The Welsh Wall</span>:</strong> <em>???</em></div><div class="chat"><small>megabaenette joined.</small></div><div class="spacer battle-history"><br></div><div class="battle-history">Aerodactyl used <strong>Stone Edge</strong>!<br></div><div class="battle-history"><small>(The opposing Tsunami lost <abbr title="−98/401">24.4%</abbr> of its health!)</small><br></div><div class="spacer battle-history"><br></div><div class="battle-history">The opposing Tsunami fainted!<br></div><div class="spacer battle-history"><br></div><div class="battle-history"><strong>megabaenette</strong> won the battle!<br></div><div class="chat chatmessage-thewelshwall"><strong style="color:hsl(358,87%,41.640571185818075%)"><small>☆</small><span class="username" data-name="The Welsh Wall">The Welsh Wall</span>:</strong> <em>gg lol</em></div><div class="chat chatmessage-marcoyolo2"><strong style="color:hsl(294,86%,45%)"><small> </small><span class="username" data-name="MarcoYolo2 (>'_')>">MarcoYolo2 (&gt;'_')&gt;</span>:</strong> <em>THE COMEBACK</em></div><div class="chat chatmessage-marcoyolo2"><strong style="color:hsl(294,86%,45%)"><small> </small><span class="username" data-name="MarcoYolo2 (>'_')>">MarcoYolo2 (&gt;'_')&gt;</span>:</strong> <em>LOL</em></div><div class="chat chatmessage-megabaenette"><strong style="color:hsl(149,82%,35.59070336591219%)"><small>☆</small><span class="username" data-name="megabaenette">megabaenette</span>:</strong> <em>nevermind lol</em></div><div class="chat"><small>MarcoYolo2 (&gt;'_')&gt; left.</small></div><div class="chat"><small>The Welsh Wall left.</small></div></div><div class="inner-preempt"></div></div></div>
</div>
<script>
let daily = Math.floor(Date.now()/1000/60/60/24);document.write('<script src="https://play.pokemonshowdown.com/js/replay-embed.js?version'+daily+'"></'+'script>');
</script>
