<!DOCTYPE html>
<meta charset="utf-8" />
<!-- version 1 -->
<title>UU replay: Prof.Maxou vs. Une plante verte</title>
<style>
html,body {font-family:Verdana, sans-serif;font-size:10pt;margin:0;padding:0;}body{padding:12px 0;} .battle-log {font-family:Verdana, sans-serif;font-size:10pt;} .battle-log-inline {border:1px solid #AAAAAA;background:#EEF2F5;color:black;max-width:640px;margin:0 auto 80px;padding-bottom:5px;} .battle-log .inner {padding:4px 8px 0px 8px;} .battle-log .inner-preempt {padding:0 8px 4px 8px;} .battle-log .inner-after {margin-top:0.5em;} .battle-log h2 {margin:0.5em -8px;padding:4px 8px;border:1px solid #AAAAAA;background:#E0E7EA;border-left:0;border-right:0;font-family:Verdana, sans-serif;font-size:13pt;} .battle-log .chat {vertical-align:middle;padding:3px 0 3px 0;font-size:8pt;} .battle-log .chat strong {color:#40576A;} .battle-log .chat em {padding:1px 4px 1px 3px;color:#000000;font-style:normal;} .chat.mine {background:rgba(0,0,0,0.05);margin-left:-8px;margin-right:-8px;padding-left:8px;padding-right:8px;} .spoiler {color:#BBBBBB;background:#BBBBBB;padding:0px 3px;} .spoiler:hover, .spoiler:active, .spoiler-shown {color:#000000;background:#E2E2E2;padding:0px 3px;} .spoiler a {color:#BBBBBB;} .spoiler:hover a, .spoiler:active a, .spoiler-shown a {color:#2288CC;} .chat code, .chat .spoiler:hover code, .chat .spoiler:active code, .chat .spoiler-shown code {border:1px solid #C0C0C0;background:#EEEEEE;color:black;padding:0 2px;} .chat .spoiler code {border:1px solid #CCCCCC;background:#CCCCCC;color:#CCCCCC;} .battle-log .rated {padding:3px 4px;} .battle-log .rated strong {color:white;background:#89A;padding:1px 4px;border-radius:4px;} .spacer {margin-top:0.5em;} .message-announce {background:#6688AA;color:white;padding:1px 4px 2px;} .message-announce a, .broadcast-green a, .broadcast-blue a, .broadcast-red a {color:#DDEEFF;} .broadcast-green {background-color:#559955;color:white;padding:2px 4px;} .broadcast-blue {background-color:#6688AA;color:white;padding:2px 4px;} .infobox {border:1px solid #6688AA;padding:2px 4px;} .infobox-limited {max-height:200px;overflow:auto;overflow-x:hidden;} .broadcast-red {background-color:#AA5544;color:white;padding:2px 4px;} .message-learn-canlearn {font-weight:bold;color:#228822;text-decoration:underline;} .message-learn-cannotlearn {font-weight:bold;color:#CC2222;text-decoration:underline;} .message-effect-weak {font-weight:bold;color:#CC2222;} .message-effect-resist {font-weight:bold;color:#6688AA;} .message-effect-immune {font-weight:bold;color:#666666;} .message-learn-list {margin-top:0;margin-bottom:0;} .message-throttle-notice, .message-error {color:#992222;} .message-overflow, .chat small.message-overflow {font-size:0pt;} .message-overflow::before {font-size:9pt;content:'...';} .subtle {color:#3A4A66;}
</style>
<div class="wrapper replay-wrapper" style="max-width:1180px;margin:0 auto">
<input type="hidden" name="replayid" value="uu-591036814" />
<div class="battle"></div><div class="battle-log"></div><div class="replay-controls"></div><div class="replay-controls-2"></div>
<h1 style="font-weight:normal;text-align:center"><strong>UU</strong><br /><a href="http://pokemonshowdown.com/users/profmaxou" class="subtle" target="_blank">Prof.Maxou</a> vs. <a href="http://pokemonshowdown.com/users/uneplanteverte" class="subtle" target="_blank">Une plante verte</a></h1>
<script type="text/plain" class="battle-log-data">|j|Prof.Maxou
|j|Une plante verte
|player|p1|Prof.Maxou|220
|teamsize|p1|6
|player|p2|Une plante verte|80
|teamsize|p2|6
|gametype|singles
|gen|6
|tier|UU
|rated
|seed|44603,36802,34205,19712
|rule|Sleep Clause Mod: Limit one foe put to sleep
|rule|Species Clause: Limit one of each Pokémon
|rule|OHKO Clause: OHKO moves are banned
|rule|Moody Clause: Moody is banned
|rule|Evasion Moves Clause: Evasion moves are banned
|rule|Endless Battle Clause: Forcing endless battles is banned
|rule|HP Percentage Mod: HP is shown in percentages
|clearpoke
|poke|p1|Porygon2|item
|poke|p1|Gligar, F|item
|poke|p1|Tentacruel, F|item
|poke|p1|Fletchinder, F|
|poke|p1|Sceptile, M|item
|poke|p1|Mamoswine, M|item
|poke|p2|Houndoom, M|item
|poke|p2|Doublade, F|item
|poke|p2|Whimsicott, F|item
|poke|p2|Sharpedo, M|item
|poke|p2|Crobat, M|item
|poke|p2|Goodra, M|item
|rule|Swagger Clause: Swagger is banned
|rule|Baton Pass Clause: Limit one Baton Passer, can't pass Spe and other stats simultaneously
|teampreview
|c|☆Prof.Maxou|hf
|choice|team 6, team 2, team 3, team 4, team 5, team 1|team 3, team 2, team 1, team 4, team 5, team 6
|
|start
|switch|p1a: Mamoswine|Mamoswine, M|362\/362
|switch|p2a: Whimsicott|Whimsicott, F|261\/261
|turn|1
|c|☆Une plante verte|gl hf
|choice|move iciclecrash|move encore
|
|move|p2a: Whimsicott|Encore|p1a: Mamoswine
|-fail|p1a: Mamoswine
|move|p1a: Mamoswine|Icicle Crash|p2a: Whimsicott
|-supereffective|p2a: Whimsicott
|-enditem|p2a: Whimsicott|Yache Berry|[eat]
|-enditem|p2a: Whimsicott|Yache Berry|[weaken]
|-damage|p2a: Whimsicott|0 fnt
|faint|p2a: Whimsicott
|
|upkeep
|choice||switch 4
|
|switch|p2a: Sharpedo|Sharpedo, M|281\/281
|turn|2
|choice|switch 3|move protect
|
|switch|p1a: Tentacruel|Tentacruel, F|364\/364
|move|p2a: Sharpedo|Protect|p2a: Sharpedo
|-fail|p2a: Sharpedo
|
|-ability|p2a: Sharpedo|Speed Boost|boost
|-boost|p2a: Sharpedo|spe|1
|upkeep
|turn|3
|choice|move haze|move crunch
|
|move|p2a: Sharpedo|Crunch|p1a: Tentacruel
|-damage|p1a: Tentacruel|172\/364
|-unboost|p1a: Tentacruel|def|1
|-damage|p2a: Sharpedo|253\/281|[from] item: Life Orb
|move|p1a: Tentacruel|Haze|p1a: Tentacruel
|-clearallboost
|
|-heal|p1a: Tentacruel|194\/364|[from] item: Black Sludge
|-ability|p2a: Sharpedo|Speed Boost|boost
|-boost|p2a: Sharpedo|spe|1
|upkeep
|turn|4
|choice|move toxic|move crunch
|
|move|p2a: Sharpedo|Crunch|p1a: Tentacruel
|-damage|p1a: Tentacruel|19\/364
|-unboost|p1a: Tentacruel|def|1
|-damage|p2a: Sharpedo|225\/281|[from] item: Life Orb
|move|p1a: Tentacruel|Toxic|p2a: Sharpedo
|-status|p2a: Sharpedo|tox
|
|-heal|p1a: Tentacruel|41\/364|[from] item: Black Sludge
|-damage|p2a: Sharpedo|208\/281 tox|[from] psn
|-ability|p2a: Sharpedo|Speed Boost|boost
|-boost|p2a: Sharpedo|spe|1
|upkeep
|turn|5
|choice|move scald|move waterfall
|
|move|p2a: Sharpedo|Waterfall|p1a: Tentacruel
|-resisted|p1a: Tentacruel
|-damage|p1a: Tentacruel|0 fnt
|-damage|p2a: Sharpedo|180\/281 tox|[from] item: Life Orb
|faint|p1a: Tentacruel
|
|-damage|p2a: Sharpedo|146\/281 tox|[from] psn
|-ability|p2a: Sharpedo|Speed Boost|boost
|-boost|p2a: Sharpedo|spe|1
|upkeep
|choice|switch 6|
|
|switch|p1a: Porygon2|Porygon2|374\/374
|-ability|p1a: Porygon2|Speed Boost|[from] ability: Trace|[of] p2a: Sharpedo
|turn|6
|choice|move recover|switch 6
|
|switch|p2a: Goodra|Goodra, M|383\/383
|move|p1a: Porygon2|Recover|p1a: Porygon2
|-fail|p1a: Porygon2
|
|-ability|p1a: Porygon2|Speed Boost|boost
|-boost|p1a: Porygon2|spe|1
|upkeep
|turn|7
|choice|move thunderwave|move sludgebomb
|
|move|p1a: Porygon2|Thunder Wave|p2a: Goodra
|-status|p2a: Goodra|par
|cant|p2a: Goodra|par
|
|-ability|p1a: Porygon2|Speed Boost|boost
|-boost|p1a: Porygon2|spe|1
|upkeep
|turn|8
|choice|move triattack|move sludgebomb
|
|move|p1a: Porygon2|Tri Attack|p2a: Goodra
|-damage|p2a: Goodra|340\/383 par
|move|p2a: Goodra|Sludge Bomb|p1a: Porygon2
|-crit|p1a: Porygon2
|-damage|p1a: Porygon2|282\/374
|-status|p1a: Porygon2|psn
|
|-damage|p1a: Porygon2|236\/374 psn|[from] psn
|-ability|p1a: Porygon2|Speed Boost|boost
|-boost|p1a: Porygon2|spe|1
|upkeep
|turn|9
|choice|switch 2|move dracometeor
|
|switch|p1a: Gligar|Gligar, F|334\/334
|cant|p2a: Goodra|par
|
|upkeep
|turn|10
|choice|move stealthrock|move icebeam
|
|move|p1a: Gligar|Stealth Rock|p2a: Goodra
|-sidestart|p2: Une plante verte|move: Stealth Rock
|move|p2a: Goodra|Ice Beam|p1a: Gligar
|-supereffective|p1a: Gligar
|-damage|p1a: Gligar|6\/334
|
|upkeep
|turn|11
|choice|move knockoff|move sludgebomb
|
|move|p1a: Gligar|Knock Off|p2a: Goodra
|-damage|p2a: Goodra|257\/383 par
|-ability|p2a: Goodra|Gooey
|-unboost|p1a: Gligar|spe|1
|-enditem|p2a: Goodra|Assault Vest|[from] move: Knock Off|[of] p1a: Gligar
|move|p2a: Goodra|Sludge Bomb|p1a: Gligar
|-resisted|p1a: Gligar
|-damage|p1a: Gligar|0 fnt
|faint|p1a: Gligar
|
|upkeep
|choice|switch 5|
|
|switch|p1a: Sceptile|Sceptile, M|281\/281
|turn|12
|choice|move substitute mega|move sludgebomb
|
|detailschange|p1a: Sceptile|Sceptile-Mega, M
|-mega|p1a: Sceptile|Sceptile|Sceptilite
|move|p1a: Sceptile|Substitute|p1a: Sceptile
|-start|p1a: Sceptile|Substitute
|-damage|p1a: Sceptile|211\/281
|move|p2a: Goodra|Sludge Bomb|p1a: Sceptile
|-supereffective|p1a: Sceptile
|-end|p1a: Sceptile|Substitute
|
|upkeep
|turn|13
|choice|move substitute|switch 3
|
|switch|p2a: Houndoom|Houndoom, M|291\/291
|-damage|p2a: Houndoom|219\/291|[from] Stealth Rock
|move|p1a: Sceptile|Substitute|p1a: Sceptile
|-start|p1a: Sceptile|Substitute
|-damage|p1a: Sceptile|141\/281
|
|upkeep
|turn|14
|choice|move dragonpulse|move flamethrower mega
|
|detailschange|p2a: Houndoom|Houndoom-Mega, M
|-mega|p2a: Houndoom|Houndoom|Houndoominite
|move|p1a: Sceptile|Dragon Pulse|p2a: Houndoom
|-damage|p2a: Houndoom|38\/291
|move|p2a: Houndoom|Flamethrower|p1a: Sceptile
|-crit|p1a: Sceptile
|-end|p1a: Sceptile|Substitute
|
|upkeep
|turn|15
|choice|move dragonpulse|move flamethrower
|
|move|p1a: Sceptile|Dragon Pulse|p2a: Houndoom
|-damage|p2a: Houndoom|0 fnt
|faint|p2a: Houndoom
|
|upkeep
|choice||switch 2
|
|switch|p2a: Doublade|Doublade, F|322\/322
|-damage|p2a: Doublade|302\/322|[from] Stealth Rock
|turn|16
|choice|move hiddenpower|move swordsdance
|
|move|p1a: Sceptile|Hidden Power|p2a: Doublade
|-supereffective|p2a: Doublade
|-damage|p2a: Doublade|136\/322
|move|p2a: Doublade|Swords Dance|p2a: Doublade
|-boost|p2a: Doublade|atk|2
|
|upkeep
|turn|17
|choice|move hiddenpower|move shadowsneak
|
|move|p2a: Doublade|Shadow Sneak|p1a: Sceptile
|-damage|p1a: Sceptile|0 fnt
|faint|p1a: Sceptile
|
|upkeep
|choice|switch 2|
|
|switch|p1a: Porygon2|Porygon2|236\/374 psn
|-ability|p1a: Porygon2|No Guard|[from] ability: Trace|[of] p2a: Doublade
|turn|18
|choice|move shadowball|move ironhead
|
|move|p1a: Porygon2|Shadow Ball|p2a: Doublade
|-supereffective|p2a: Doublade
|-damage|p2a: Doublade|4\/322
|move|p2a: Doublade|Iron Head|p1a: Porygon2
|-damage|p1a: Porygon2|82\/374 psn
|
|-damage|p1a: Porygon2|36\/374 psn|[from] psn
|upkeep
|turn|19
|choice|move shadowball|move ironhead
|
|move|p1a: Porygon2|Shadow Ball|p2a: Doublade
|-supereffective|p2a: Doublade
|-damage|p2a: Doublade|0 fnt
|faint|p2a: Doublade
|
|-damage|p1a: Porygon2|0 fnt|[from] psn
|upkeep
|faint|p1a: Porygon2
|choice|switch 4|switch 3
|
|switch|p1a: Fletchinder|Fletchinder, F|291\/291
|switch|p2a: Goodra|Goodra, M|257\/383 par
|-damage|p2a: Goodra|210\/383 par|[from] Stealth Rock
|turn|20
|choice|move swordsdance|move dracometeor
|
|move|p1a: Fletchinder|Swords Dance|p1a: Fletchinder
|-boost|p1a: Fletchinder|atk|2
|cant|p2a: Goodra|par
|
|upkeep
|turn|21
|choice|move acrobatics|move dracometeor
|
|move|p1a: Fletchinder|Acrobatics|p2a: Goodra
|-crit|p2a: Goodra
|-damage|p2a: Goodra|0 fnt
|-ability|p2a: Goodra|Gooey
|-unboost|p1a: Fletchinder|spe|1
|faint|p2a: Goodra
|
|upkeep
|c|☆Une plante verte|srsly
|choice||switch 6
|
|switch|p2a: Sharpedo|Sharpedo, M|146\/281 tox
|-damage|p2a: Sharpedo|111\/281 tox|[from] Stealth Rock
|turn|22
|c|☆Prof.Maxou|dsl
|c|☆Prof.Maxou|ms le crit joue pas
|c|☆Une plante verte|non
|c|☆Une plante verte|je sais
|c|☆Prof.Maxou|mm pas placé je te OS
|choice|move acrobatics|move aquajet
|
|move|p2a: Sharpedo|Aqua Jet|p1a: Fletchinder
|-supereffective|p1a: Fletchinder
|-damage|p1a: Fletchinder|8\/291
|-damage|p2a: Sharpedo|83\/281 tox|[from] item: Life Orb
|move|p1a: Fletchinder|Acrobatics|p2a: Sharpedo
|-damage|p2a: Sharpedo|0 fnt
|faint|p2a: Sharpedo
|
|upkeep
|choice||switch 5
|
|switch|p2a: Crobat|Crobat, M|373\/373
|-damage|p2a: Crobat|280\/373|[from] Stealth Rock
|turn|23
|c|☆Prof.Maxou|gg
|choice|move acrobatics|move bravebird
|
|move|p1a: Fletchinder|Acrobatics|p2a: Crobat
|-damage|p2a: Crobat|0 fnt
|faint|p2a: Crobat
|
|win|Prof.Maxou
|raw|Prof.Maxou's rating: 1000 &rarr; <strong>1040<\/strong><br \/>(+40 for winning)
|raw|Une plante verte's rating: 1000 &rarr; <strong>1000<\/strong><br \/>(+0 for losing)
|c|☆Une plante verte|gg
|l|Une plante verte</script>
</div>
<div class="battle-log battle-log-inline"><div class="inner"><div class="battle-options"></div><div class="inner"><div class="chat"><small>Prof.Maxou joined.</small></div><div class="chat"><small>Une plante verte joined.</small></div><div class=""><small>Format:</small> <br><strong>UU</strong></div><div class="rated"><strong>Rated battle</strong></div><div class=""><small><em>Sleep Clause Mod:</em> Limit one foe put to sleep</small></div><div class=""><small><em>Species Clause:</em> Limit one of each Pokémon</small></div><div class=""><small><em>OHKO Clause:</em> OHKO moves are banned</small></div><div class=""><small><em>Moody Clause:</em> Moody is banned</small></div><div class=""><small><em>Evasion Moves Clause:</em> Evasion moves are banned</small></div><div class=""><small><em>Endless Battle Clause:</em> Forcing endless battles is banned</small></div><div class=""><small><em>HP Percentage Mod:</em> HP is shown in percentages</small></div><div class=""><small><em>Swagger Clause:</em> Swagger is banned</small></div><div class=""><small><em>Baton Pass Clause:</em> Limit one Baton Passer, can't pass Spe and other stats simultaneously</small></div><div class="chat battle-history"><strong>Prof.Maxou's team:</strong> <em style="color:#445566;display:block;">Porygon2 / Gligar / Tentacruel / Fletchinder / Sceptile / Mamoswine</em></div><div class="chat battle-history"><strong>Une plante verte's team:</strong> <em style="color:#445566;display:block;">Houndoom / Doublade / Whimsicott / Sharpedo / Crobat / Goodra</em></div><div class="chat chatmessage-profmaxou"><strong style="color:hsl(265,85%,55.71708302900465%)"><small>☆</small><span class="username" data-name="Prof.Maxou">Prof.Maxou</span>:</strong> <em>hf</em></div><div class="spacer battle-history"><br></div><div class="battle-history">Battle started between Prof.Maxou and Une plante verte!<br></div><div class="spacer battle-history"><br></div><div class="battle-history">Go! <strong>Mamoswine</strong>!<br></div><div class="spacer battle-history"><br></div><div class="battle-history">Une plante verte sent out <strong>Whimsicott</strong>!<br></div><div class="spacer battle-history"><br></div><h2 class="battle-history">Turn 1</h2><div class="chat chatmessage-uneplanteverte"><strong style="color:hsl(235,47%,63.715113283849675%)"><small>☆</small><span class="username" data-name="Une plante verte">Une plante verte</span>:</strong> <em>gl hf</em></div><div class="spacer battle-history"><br></div><div class="battle-history">The opposing Whimsicott used <strong>Encore</strong>!<br></div><div class="battle-history"><small>But it failed!</small><br></div><div class="spacer battle-history"><br></div><div class="battle-history">Mamoswine used <strong>Icicle Crash</strong>!<br></div><div class="battle-history"><small>It's super effective!</small><br></div><div class="battle-history"><small>The opposing Whimsicott ate its Yache Berry!</small><br></div><div class="battle-history"><small>The Yache Berry weakened the damage to the opposing Whimsicott!</small><br></div><div class="battle-history"><small>(The opposing Whimsicott lost <abbr title="−261/261">100%</abbr> of its health!)</small><br></div><div class="spacer battle-history"><br></div><div class="battle-history">The opposing Whimsicott fainted!<br></div><div class="spacer battle-history"><br></div><div class="battle-history">Une plante verte sent out <strong>Sharpedo</strong>!<br></div><div class="spacer battle-history"><br></div><h2 class="battle-history">Turn 2</h2><div class="spacer battle-history"><br></div><div class="battle-history">Mamoswine, come back!<br></div><div class="battle-history">Go! <strong>Tentacruel</strong>!<br></div><div class="spacer battle-history"><br></div><div class="battle-history">The opposing Sharpedo used <strong>Protect</strong>!<br></div><div class="battle-history"><small>But it failed!</small><br></div><div class="spacer battle-history"><br></div><div class="battle-history"><small>[The opposing Sharpedo's Speed Boost]</small><br></div><div class="battle-history"><small>The opposing Sharpedo's Speed rose!</small><br></div><div class="spacer battle-history"><br></div><h2 class="battle-history">Turn 3</h2><div class="spacer battle-history"><br></div><div class="battle-history">The opposing Sharpedo used <strong>Crunch</strong>!<br></div><div class="battle-history"><small>(Tentacruel lost <abbr title="−192/364">52.7%</abbr> of its health!)</small><br></div><div class="battle-history"><small>Tentacruel's Defense fell!</small><br></div><div class="battle-history"><small>The opposing Sharpedo lost some of its HP!</small><br></div><div class="spacer battle-history"><br></div><div class="battle-history">Tentacruel used <strong>Haze</strong>!<br></div><div class="battle-history"><small>All stat changes were eliminated!</small><br></div><div class="spacer battle-history"><br></div><div class="battle-history"><small>Tentacruel restored a little HP using its Black Sludge!</small><br></div><div class="battle-history"><small>[The opposing Sharpedo's Speed Boost]</small><br></div><div class="battle-history"><small>The opposing Sharpedo's Speed rose!</small><br></div><div class="spacer battle-history"><br></div><h2 class="battle-history">Turn 4</h2><div class="spacer battle-history"><br></div><div class="battle-history">The opposing Sharpedo used <strong>Crunch</strong>!<br></div><div class="battle-history"><small>(Tentacruel lost <abbr title="−175/364">48.1%</abbr> of its health!)</small><br></div><div class="battle-history"><small>Tentacruel's Defense fell!</small><br></div><div class="battle-history"><small>The opposing Sharpedo lost some of its HP!</small><br></div><div class="spacer battle-history"><br></div><div class="battle-history">Tentacruel used <strong>Toxic</strong>!<br></div><div class="battle-history"><small>The opposing Sharpedo was badly poisoned!</small><br></div><div class="spacer battle-history"><br></div><div class="battle-history"><small>Tentacruel restored a little HP using its Black Sludge!</small><br></div><div class="battle-history"><small>The opposing Sharpedo was hurt by poison!</small><br></div><div class="battle-history"><small>[The opposing Sharpedo's Speed Boost]</small><br></div><div class="battle-history"><small>The opposing Sharpedo's Speed rose!</small><br></div><div class="spacer battle-history"><br></div><h2 class="battle-history">Turn 5</h2><div class="spacer battle-history"><br></div><div class="battle-history">The opposing Sharpedo used <strong>Waterfall</strong>!<br></div><div class="battle-history"><small>It's not very effective...</small><br></div><div class="battle-history"><small>(Tentacruel lost <abbr title="−41/364">11.3%</abbr> of its health!)</small><br></div><div class="battle-history"><small>The opposing Sharpedo lost some of its HP!</small><br></div><div class="spacer battle-history"><br></div><div class="battle-history">Tentacruel fainted!<br></div><div class="spacer battle-history"><br></div><div class="battle-history"><small>The opposing Sharpedo was hurt by poison!</small><br></div><div class="battle-history"><small>[The opposing Sharpedo's Speed Boost]</small><br></div><div class="battle-history"><small>The opposing Sharpedo's Speed rose!</small><br></div><div class="spacer battle-history"><br></div><div class="battle-history">Go! <strong>Porygon2</strong>!<br></div><div class="battle-history"><small>[Porygon2's Trace]</small><br><small>[Porygon2's Speed Boost]</small><br><small>Porygon2 traced the opposing Sharpedo's Speed Boost!</small><br></div><div class="spacer battle-history"><br></div><h2 class="battle-history">Turn 6</h2><div class="spacer battle-history"><br></div><div class="battle-history">Une plante verte withdrew Sharpedo!<br></div><div class="battle-history">Une plante verte sent out <strong>Goodra</strong>!<br></div><div class="spacer battle-history"><br></div><div class="battle-history">Porygon2 used <strong>Recover</strong>!<br></div><div class="battle-history"><small>But it failed!</small><br></div><div class="spacer battle-history"><br></div><div class="battle-history"><small>[Porygon2's Speed Boost]</small><br></div><div class="battle-history"><small>Porygon2's Speed rose!</small><br></div><div class="spacer battle-history"><br></div><h2 class="battle-history">Turn 7</h2><div class="spacer battle-history"><br></div><div class="battle-history">Porygon2 used <strong>Thunder Wave</strong>!<br></div><div class="battle-history"><small>The opposing Goodra is paralyzed! It may be unable to move!</small><br></div><div class="spacer battle-history"><br></div><div class="battle-history">The opposing Goodra is paralyzed! It can't move!<br></div><div class="spacer battle-history"><br></div><div class="battle-history"><small>[Porygon2's Speed Boost]</small><br></div><div class="battle-history"><small>Porygon2's Speed rose!</small><br></div><div class="spacer battle-history"><br></div><h2 class="battle-history">Turn 8</h2><div class="spacer battle-history"><br></div><div class="battle-history">Porygon2 used <strong>Tri Attack</strong>!<br></div><div class="battle-history"><small>(The opposing Goodra lost <abbr title="−43/383">11.2%</abbr> of its health!)</small><br></div><div class="spacer battle-history"><br></div><div class="battle-history">The opposing Goodra used <strong>Sludge Bomb</strong>!<br></div><div class="battle-history"><small>A critical hit!</small><br></div><div class="battle-history"><small>(Porygon2 lost <abbr title="−92/374">24.6%</abbr> of its health!)</small><br></div><div class="battle-history"><small>Porygon2 was poisoned!</small><br></div><div class="spacer battle-history"><br></div><div class="battle-history"><small>Porygon2 was hurt by poison!</small><br></div><div class="battle-history"><small>[Porygon2's Speed Boost]</small><br></div><div class="battle-history"><small>Porygon2's Speed rose!</small><br></div><div class="spacer battle-history"><br></div><h2 class="battle-history">Turn 9</h2><div class="spacer battle-history"><br></div><div class="battle-history">Porygon2, come back!<br></div><div class="battle-history">Go! <strong>Gligar</strong>!<br></div><div class="spacer battle-history"><br></div><div class="battle-history">The opposing Goodra is paralyzed! It can't move!<br></div><div class="spacer battle-history"><br></div><h2 class="battle-history">Turn 10</h2><div class="spacer battle-history"><br></div><div class="battle-history">Gligar used <strong>Stealth Rock</strong>!<br></div><div class="battle-history"><small>Pointed stones float in the air around the opposing team!</small><br></div><div class="spacer battle-history"><br></div><div class="battle-history">The opposing Goodra used <strong>Ice Beam</strong>!<br></div><div class="battle-history"><small>It's super effective!</small><br></div><div class="battle-history"><small>(Gligar lost <abbr title="−328/334">98.2%</abbr> of its health!)</small><br></div><div class="spacer battle-history"><br></div><h2 class="battle-history">Turn 11</h2><div class="spacer battle-history"><br></div><div class="battle-history">Gligar used <strong>Knock Off</strong>!<br></div><div class="battle-history"><small>(The opposing Goodra lost <abbr title="−83/383">21.7%</abbr> of its health!)</small><br></div><div class="battle-history"><small>[The opposing Goodra's Gooey]</small><br></div><div class="battle-history"><small>Gligar's Speed fell!</small><br></div><div class="battle-history"><small>Gligar knocked off the opposing Goodra's Assault Vest!</small><br></div><div class="spacer battle-history"><br></div><div class="battle-history">The opposing Goodra used <strong>Sludge Bomb</strong>!<br></div><div class="battle-history"><small>It's not very effective...</small><br></div><div class="battle-history"><small>(Gligar lost <abbr title="−6/334">1.8%</abbr> of its health!)</small><br></div><div class="spacer battle-history"><br></div><div class="battle-history">Gligar fainted!<br></div><div class="spacer battle-history"><br></div><div class="battle-history">Go! <strong>Sceptile</strong>!<br></div><div class="spacer battle-history"><br></div><h2 class="battle-history">Turn 12</h2><div class="spacer battle-history"><br></div><div class="battle-history"><small>Sceptile's Sceptilite is reacting to Prof.Maxou's Mega Bracelet!</small><br>Sceptile has Mega Evolved into Mega Sceptile!<br></div><div class="spacer battle-history"><br></div><div class="battle-history">Sceptile used <strong>Substitute</strong>!<br></div><div class="battle-history"><small>Sceptile put in a substitute!</small><br></div><div class="battle-history"><small>(Sceptile lost <abbr title="−70/281">24.9%</abbr> of its health!)</small><br></div><div class="spacer battle-history"><br></div><div class="battle-history">The opposing Goodra used <strong>Sludge Bomb</strong>!<br></div><div class="battle-history"><small>It's super effective!</small><br></div><div class="battle-history"><small>Sceptile's substitute faded!</small><br></div><div class="spacer battle-history"><br></div><h2 class="battle-history">Turn 13</h2><div class="spacer battle-history"><br></div><div class="battle-history">Une plante verte withdrew Goodra!<br></div><div class="battle-history">Une plante verte sent out <strong>Houndoom</strong>!<br></div><div class="battle-history"><small>Pointed stones dug into the opposing Houndoom!</small><br></div><div class="spacer battle-history"><br></div><div class="battle-history">Sceptile used <strong>Substitute</strong>!<br></div><div class="battle-history"><small>Sceptile put in a substitute!</small><br></div><div class="battle-history"><small>(Sceptile lost <abbr title="−70/281">24.9%</abbr> of its health!)</small><br></div><div class="spacer battle-history"><br></div><h2 class="battle-history">Turn 14</h2><div class="spacer battle-history"><br></div><div class="battle-history"><small>The opposing Houndoom's Houndoominite is reacting to Une plante verte's Mega Bracelet!</small><br>The opposing Houndoom has Mega Evolved into Mega Houndoom!<br></div><div class="spacer battle-history"><br></div><div class="battle-history">Sceptile used <strong>Dragon Pulse</strong>!<br></div><div class="battle-history"><small>(The opposing Houndoom lost <abbr title="−181/291">62.2%</abbr> of its health!)</small><br></div><div class="spacer battle-history"><br></div><div class="battle-history">The opposing Houndoom used <strong>Flamethrower</strong>!<br></div><div class="battle-history"><small>A critical hit!</small><br></div><div class="battle-history"><small>Sceptile's substitute faded!</small><br></div><div class="spacer battle-history"><br></div><h2 class="battle-history">Turn 15</h2><div class="spacer battle-history"><br></div><div class="battle-history">Sceptile used <strong>Dragon Pulse</strong>!<br></div><div class="battle-history"><small>(The opposing Houndoom lost <abbr title="−38/291">13.1%</abbr> of its health!)</small><br></div><div class="spacer battle-history"><br></div><div class="battle-history">The opposing Houndoom fainted!<br></div><div class="spacer battle-history"><br></div><div class="battle-history">Une plante verte sent out <strong>Doublade</strong>!<br></div><div class="battle-history"><small>Pointed stones dug into the opposing Doublade!</small><br></div><div class="spacer battle-history"><br></div><h2 class="battle-history">Turn 16</h2><div class="spacer battle-history"><br></div><div class="battle-history">Sceptile used <strong>Hidden Power</strong>!<br></div><div class="battle-history"><small>It's super effective!</small><br></div><div class="battle-history"><small>(The opposing Doublade lost <abbr title="−166/322">51.6%</abbr> of its health!)</small><br></div><div class="spacer battle-history"><br></div><div class="battle-history">The opposing Doublade used <strong>Swords Dance</strong>!<br></div><div class="battle-history"><small>The opposing Doublade's Attack rose sharply!</small><br></div><div class="spacer battle-history"><br></div><h2 class="battle-history">Turn 17</h2><div class="spacer battle-history"><br></div><div class="battle-history">The opposing Doublade used <strong>Shadow Sneak</strong>!<br></div><div class="battle-history"><small>(Sceptile lost <abbr title="−141/281">50.2%</abbr> of its health!)</small><br></div><div class="spacer battle-history"><br></div><div class="battle-history">Sceptile fainted!<br></div><div class="spacer battle-history"><br></div><div class="battle-history">Go! <strong>Porygon2</strong>!<br></div><div class="battle-history"><small>[Porygon2's Trace]</small><br><small>[Porygon2's No Guard]</small><br><small>Porygon2 traced the opposing Doublade's No Guard!</small><br></div><div class="spacer battle-history"><br></div><h2 class="battle-history">Turn 18</h2><div class="spacer battle-history"><br></div><div class="battle-history">Porygon2 used <strong>Shadow Ball</strong>!<br></div><div class="battle-history"><small>It's super effective!</small><br></div><div class="battle-history"><small>(The opposing Doublade lost <abbr title="−132/322">41.0%</abbr> of its health!)</small><br></div><div class="spacer battle-history"><br></div><div class="battle-history">The opposing Doublade used <strong>Iron Head</strong>!<br></div><div class="battle-history"><small>(Porygon2 lost <abbr title="−154/374">41.2%</abbr> of its health!)</small><br></div><div class="spacer battle-history"><br></div><div class="battle-history"><small>Porygon2 was hurt by poison!</small><br></div><div class="spacer battle-history"><br></div><h2 class="battle-history">Turn 19</h2><div class="spacer battle-history"><br></div><div class="battle-history">Porygon2 used <strong>Shadow Ball</strong>!<br></div><div class="battle-history"><small>It's super effective!</small><br></div><div class="battle-history"><small>(The opposing Doublade lost <abbr title="−4/322">1.2%</abbr> of its health!)</small><br></div><div class="spacer battle-history"><br></div><div class="battle-history">The opposing Doublade fainted!<br></div><div class="spacer battle-history"><br></div><div class="battle-history"><small>Porygon2 was hurt by poison!</small><br></div><div class="spacer battle-history"><br></div><div class="battle-history">Porygon2 fainted!<br></div><div class="spacer battle-history"><br></div><div class="battle-history">Go! <strong>Fletchinder</strong>!<br></div><div class="spacer battle-history"><br></div><div class="battle-history">Une plante verte sent out <strong>Goodra</strong>!<br></div><div class="battle-history"><small>Pointed stones dug into the opposing Goodra!</small><br></div><div class="spacer battle-history"><br></div><h2 class="battle-history">Turn 20</h2><div class="spacer battle-history"><br></div><div class="battle-history">Fletchinder used <strong>Swords Dance</strong>!<br></div><div class="battle-history"><small>Fletchinder's Attack rose sharply!</small><br></div><div class="spacer battle-history"><br></div><div class="battle-history">The opposing Goodra is paralyzed! It can't move!<br></div><div class="spacer battle-history"><br></div><h2 class="battle-history">Turn 21</h2><div class="spacer battle-history"><br></div><div class="battle-history">Fletchinder used <strong>Acrobatics</strong>!<br></div><div class="battle-history"><small>A critical hit!</small><br></div><div class="battle-history"><small>(The opposing Goodra lost <abbr title="−210/383">54.8%</abbr> of its health!)</small><br></div><div class="battle-history"><small>[The opposing Goodra's Gooey]</small><br></div><div class="battle-history"><small>Fletchinder's Speed fell!</small><br></div><div class="spacer battle-history"><br></div><div class="battle-history">The opposing Goodra fainted!<br></div><div class="chat chatmessage-uneplanteverte"><strong style="color:hsl(235,47%,63.715113283849675%)"><small>☆</small><span class="username" data-name="Une plante verte">Une plante verte</span>:</strong> <em>srsly</em></div><div class="spacer battle-history"><br></div><div class="battle-history">Une plante verte sent out <strong>Sharpedo</strong>!<br></div><div class="battle-history"><small>Pointed stones dug into the opposing Sharpedo!</small><br></div><div class="spacer battle-history"><br></div><h2 class="battle-history">Turn 22</h2><div class="chat chatmessage-profmaxou"><strong style="color:hsl(265,85%,55.71708302900465%)"><small>☆</small><span class="username" data-name="Prof.Maxou">Prof.Maxou</span>:</strong> <em>dsl</em></div><div class="chat chatmessage-profmaxou"><strong style="color:hsl(265,85%,55.71708302900465%)"><small>☆</small><span class="username" data-name="Prof.Maxou">Prof.Maxou</span>:</strong> <em>ms le crit joue pas</em></div><div class="chat chatmessage-uneplanteverte"><strong style="color:hsl(235,47%,63.715113283849675%)"><small>☆</small><span class="username" data-name="Une plante verte">Une plante verte</span>:</strong> <em>non</em></div><div class="chat chatmessage-uneplanteverte"><strong style="color:hsl(235,47%,63.715113283849675%)"><small>☆</small><span class="username" data-name="Une plante verte">Une plante verte</span>:</strong> <em>je sais</em></div><div class="chat chatmessage-profmaxou"><strong style="color:hsl(265,85%,55.71708302900465%)"><small>☆</small><span class="username" data-name="Prof.Maxou">Prof.Maxou</span>:</strong> <em>mm pas placé je te OS</em></div><div class="spacer battle-history"><br></div><div class="battle-history">The opposing Sharpedo used <strong>Aqua Jet</strong>!<br></div><div class="battle-history"><small>It's super effective!</small><br></div><div class="battle-history"><small>(Fletchinder lost <abbr title="−283/291">97.3%</abbr> of its health!)</small><br></div><div class="battle-history"><small>The opposing Sharpedo lost some of its HP!</small><br></div><div class="spacer battle-history"><br></div><div class="battle-history">Fletchinder used <strong>Acrobatics</strong>!<br></div><div class="battle-history"><small>(The opposing Sharpedo lost <abbr title="−83/281">29.5%</abbr> of its health!)</small><br></div><div class="spacer battle-history"><br></div><div class="battle-history">The opposing Sharpedo fainted!<br></div><div class="spacer battle-history"><br></div><div class="battle-history">Une plante verte sent out <strong>Crobat</strong>!<br></div><div class="battle-history"><small>Pointed stones dug into the opposing Crobat!</small><br></div><div class="spacer battle-history"><br></div><h2 class="battle-history">Turn 23</h2><div class="chat chatmessage-profmaxou"><strong style="color:hsl(265,85%,55.71708302900465%)"><small>☆</small><span class="username" data-name="Prof.Maxou">Prof.Maxou</span>:</strong> <em>gg</em></div><div class="spacer battle-history"><br></div><div class="battle-history">Fletchinder used <strong>Acrobatics</strong>!<br></div><div class="battle-history"><small>(The opposing Crobat lost <abbr title="−280/373">75.1%</abbr> of its health!)</small><br></div><div class="spacer battle-history"><br></div><div class="battle-history">The opposing Crobat fainted!<br></div><div class="spacer battle-history"><br></div><div class="battle-history"><strong>Prof.Maxou</strong> won the battle!<br></div><div class="chat">Prof.Maxou's rating: 1000 → <strong>1040</strong><br>(+40 for winning)</div><div class="chat">Une plante verte's rating: 1000 → <strong>1000</strong><br>(+0 for losing)</div><div class="chat chatmessage-uneplanteverte"><strong style="color:hsl(235,47%,63.715113283849675%)"><small>☆</small><span class="username" data-name="Une plante verte">Une plante verte</span>:</strong> <em>gg</em></div><div class="chat"><small>Une plante verte left.</small></div></div><div class="inner-preempt"></div></div></div>
</div>
<script>
let daily = Math.floor(Date.now()/1000/60/60/24);document.write('<script src="https://play.pokemonshowdown.com/js/replay-embed.js?version'+daily+'"></'+'script>');
</script>
