<!DOCTYPE html>
<meta charset="utf-8" />
<!-- version 1 -->
<title>UU replay: Fun Sets vs. Parnstar</title>
<style>
html,body {font-family:Verdana, sans-serif;font-size:10pt;margin:0;padding:0;}body{padding:12px 0;} .battle-log {font-family:Verdana, sans-serif;font-size:10pt;} .battle-log-inline {border:1px solid #AAAAAA;background:#EEF2F5;color:black;max-width:640px;margin:0 auto 80px;padding-bottom:5px;} .battle-log .inner {padding:4px 8px 0px 8px;} .battle-log .inner-preempt {padding:0 8px 4px 8px;} .battle-log .inner-after {margin-top:0.5em;} .battle-log h2 {margin:0.5em -8px;padding:4px 8px;border:1px solid #AAAAAA;background:#E0E7EA;border-left:0;border-right:0;font-family:Verdana, sans-serif;font-size:13pt;} .battle-log .chat {vertical-align:middle;padding:3px 0 3px 0;font-size:8pt;} .battle-log .chat strong {color:#40576A;} .battle-log .chat em {padding:1px 4px 1px 3px;color:#000000;font-style:normal;} .chat.mine {background:rgba(0,0,0,0.05);margin-left:-8px;margin-right:-8px;padding-left:8px;padding-right:8px;} .spoiler {color:#BBBBBB;background:#BBBBBB;padding:0px 3px;} .spoiler:hover, .spoiler:active, .spoiler-shown {color:#000000;background:#E2E2E2;padding:0px 3px;} .spoiler a {color:#BBBBBB;} .spoiler:hover a, .spoiler:active a, .spoiler-shown a {color:#2288CC;} .chat code, .chat .spoiler:hover code, .chat .spoiler:active code, .chat .spoiler-shown code {border:1px solid #C0C0C0;background:#EEEEEE;color:black;padding:0 2px;} .chat .spoiler code {border:1px solid #CCCCCC;background:#CCCCCC;color:#CCCCCC;} .battle-log .rated {padding:3px 4px;} .battle-log .rated strong {color:white;background:#89A;padding:1px 4px;border-radius:4px;} .spacer {margin-top:0.5em;} .message-announce {background:#6688AA;color:white;padding:1px 4px 2px;} .message-announce a, .broadcast-green a, .broadcast-blue a, .broadcast-red a {color:#DDEEFF;} .broadcast-green {background-color:#559955;color:white;padding:2px 4px;} .broadcast-blue {background-color:#6688AA;color:white;padding:2px 4px;} .infobox {border:1px solid #6688AA;padding:2px 4px;} .infobox-limited {max-height:200px;overflow:auto;overflow-x:hidden;} .broadcast-red {background-color:#AA5544;color:white;padding:2px 4px;} .message-learn-canlearn {font-weight:bold;color:#228822;text-decoration:underline;} .message-learn-cannotlearn {font-weight:bold;color:#CC2222;text-decoration:underline;} .message-effect-weak {font-weight:bold;color:#CC2222;} .message-effect-resist {font-weight:bold;color:#6688AA;} .message-effect-immune {font-weight:bold;color:#666666;} .message-learn-list {margin-top:0;margin-bottom:0;} .message-throttle-notice, .message-error {color:#992222;} .message-overflow, .chat small.message-overflow {font-size:0pt;} .message-overflow::before {font-size:9pt;content:'...';} .subtle {color:#3A4A66;}
</style>
<div class="wrapper replay-wrapper" style="max-width:1180px;margin:0 auto">
<input type="hidden" name="replayid" value="uu-561481951" />
<div class="battle"></div><div class="battle-log"></div><div class="replay-controls"></div><div class="replay-controls-2"></div>
<h1 style="font-weight:normal;text-align:center"><strong>UU</strong><br /><a href="http://pokemonshowdown.com/users/funsets" class="subtle" target="_blank">Fun Sets</a> vs. <a href="http://pokemonshowdown.com/users/parnstar" class="subtle" target="_blank">Parnstar</a></h1>
<script type="text/plain" class="battle-log-data">|j|Fun Sets
|j|Parnstar
|player|p1|Fun Sets|124
|player|p2|Parnstar|21
|gametype|singles
|gen|6
|tier|UU
|rated
|seed|13850,54418,21423,1594
|rule|Sleep Clause Mod: Limit one foe put to sleep
|rule|Species Clause: Limit one of each Pokémon
|rule|OHKO Clause: OHKO moves are banned
|rule|Moody Clause: Moody is banned
|rule|Evasion Moves Clause: Evasion moves are banned
|rule|Endless Battle Clause: Forcing endless battles is banned
|rule|HP Percentage Mod: HP is shown in percentages
|clearpoke
|poke|p1|Blastoise, F|item
|poke|p1|Feraligatr, F|item
|poke|p1|Swampert, F|item
|poke|p1|Empoleon, M|item
|poke|p1|Samurott, F|item
|poke|p1|Frogadier, M|item
|poke|p2|Mamoswine, F|item
|poke|p2|Toxicroak, M|item
|poke|p2|Whimsicott, M|item
|poke|p2|Heliolisk, F|item
|poke|p2|Donphan, M|item
|poke|p2|Crawdaunt, M|item
|rule|Swagger Clause: Swagger is banned
|rule|Baton Pass Clause: Limit one Baton Passer, can't pass Spe and other stats simultaneously
|teampreview
|choice|team 4, team 2, team 3, team 1, team 5, team 6|team 6, team 2, team 3, team 4, team 5, team 1
|
|start
|switch|p1a: Empoleon|Empoleon, M|371\/371
|switch|p2a: NIpple pinochle|Crawdaunt, M|267\/267
|turn|1
|choice|move stealthrock|move dragondance
|
|move|p2a: NIpple pinochle|Dragon Dance|p2a: NIpple pinochle
|-boost|p2a: NIpple pinochle|atk|1
|-boost|p2a: NIpple pinochle|spe|1
|move|p1a: Empoleon|Stealth Rock|p2a: NIpple pinochle
|-sidestart|p2: Parnstar|move: Stealth Rock
|
|upkeep
|turn|2
|choice|move scald|move knockoff
|
|move|p2a: NIpple pinochle|Knock Off|p1a: Empoleon
|-damage|p1a: Empoleon|0 fnt
|-enditem|p1a: Empoleon|Leftovers|[from] move: Knock Off|[of] p2a: NIpple pinochle
|faint|p1a: Empoleon
|
|upkeep
|choice|switch 6|
|
|switch|p1a: Frogadier|Frogadier, M|249\/249
|turn|3
|choice|move uturn|move knockoff
|
|move|p1a: Frogadier|U-turn|p2a: NIpple pinochle
|-start|p1a: Frogadier|typechange|Bug|[from] Protean
|-supereffective|p2a: NIpple pinochle
|-crit|p2a: NIpple pinochle
|-damage|p2a: NIpple pinochle|85\/267
|choice|switch 5|
|
|switch|p1a: Samurott|Samurott, F|393\/393
|move|p2a: NIpple pinochle|Knock Off|p1a: Samurott
|-damage|p1a: Samurott|129\/393
|-enditem|p1a: Samurott|Leftovers|[from] move: Knock Off|[of] p2a: NIpple pinochle
|
|upkeep
|turn|4
|choice|move scald|move knockoff
|
|move|p2a: NIpple pinochle|Knock Off|p1a: Samurott
|-damage|p1a: Samurott|0 fnt
|faint|p1a: Samurott
|
|upkeep
|choice|switch 5|
|
|switch|p1a: Frogadier|Frogadier, M|249\/249
|turn|5
|choice|move uturn|move aquajet
|
|move|p2a: NIpple pinochle|Aqua Jet|p1a: Frogadier
|-resisted|p1a: Frogadier
|-damage|p1a: Frogadier|117\/249
|move|p1a: Frogadier|U-turn|p2a: NIpple pinochle
|-start|p1a: Frogadier|typechange|Bug|[from] Protean
|-supereffective|p2a: NIpple pinochle
|-damage|p2a: NIpple pinochle|0 fnt
|faint|p2a: NIpple pinochle
|choice|switch 4|
|
|switch|p1a: Blastoise|Blastoise, F|361\/361
|
|upkeep
|choice||switch 5
|
|switch|p2a: Mustard pass|Donphan, M|353\/353
|-damage|p2a: Mustard pass|331\/353|[from] Stealth Rock
|turn|6
|choice|move scald|move rapidspin
|
|move|p1a: Blastoise|Scald|p2a: Mustard pass
|-supereffective|p2a: Mustard pass
|-damage|p2a: Mustard pass|101\/353
|-status|p2a: Mustard pass|brn
|move|p2a: Mustard pass|Rapid Spin|p1a: Blastoise
|-damage|p1a: Blastoise|351\/361
|-sideend|p2: Parnstar|Stealth Rock|[from] move: Rapid Spin|[of] p2a: Mustard pass
|
|-damage|p2a: Mustard pass|57\/353 brn|[from] brn
|upkeep
|turn|7
|choice|move raindance|move stealthrock
|-enditem|p2a: Mustard pass|Custap Berry|[eat]
|-activate|p2a: Mustard pass|item: Custap Berry
|
|move|p2a: Mustard pass|Stealth Rock|p1a: Blastoise
|-sidestart|p1: Fun Sets|move: Stealth Rock
|move|p1a: Blastoise|Rain Dance|p1a: Blastoise
|-weather|RainDance
|
|-weather|RainDance|[upkeep]
|-heal|p1a: Blastoise|361\/361|[from] ability: Rain Dish
|-damage|p2a: Mustard pass|13\/353 brn|[from] brn
|upkeep
|turn|8
|choice|move rapidspin|move stealthrock
|
|move|p1a: Blastoise|Rapid Spin|p2a: Mustard pass
|-damage|p2a: Mustard pass|5\/353 brn
|-sideend|p1: Fun Sets|Stealth Rock|[from] move: Rapid Spin|[of] p1a: Blastoise
|move|p2a: Mustard pass|Stealth Rock|p1a: Blastoise
|-sidestart|p1: Fun Sets|move: Stealth Rock
|
|-weather|RainDance|[upkeep]
|-damage|p2a: Mustard pass|0 fnt|[from] brn
|upkeep
|faint|p2a: Mustard pass
|choice||switch 2
|
|switch|p2a: Mandingo|Toxicroak, M|308\/308
|turn|9
|choice|switch 3|move gunkshot
|
|switch|p1a: Swampert|Swampert, F|341\/341
|-damage|p1a: Swampert|320\/341|[from] Stealth Rock
|move|p2a: Mandingo|Gunk Shot|p1a: Swampert
|-resisted|p1a: Swampert
|-damage|p1a: Swampert|172\/341
|-damage|p2a: Mandingo|278\/308|[from] item: Life Orb
|
|-weather|RainDance|[upkeep]
|-heal|p2a: Mandingo|308\/308|[from] ability: Dry Skin
|upkeep
|turn|10
|choice|move earthquake mega|switch 4
|
|switch|p2a: Scared|Heliolisk, F|265\/265
|-item|p2a: Scared|Air Balloon
|detailschange|p1a: Swampert|Swampert-Mega, F
|-mega|p1a: Swampert|Swampert|Swampertite
|move|p1a: Swampert|Earthquake|p2a: Scared
|-immune|p2a: Scared|[msg]
|
|-weather|RainDance|[upkeep]
|upkeep
|turn|11
|choice|move icepunch|move hypervoice
|
|move|p1a: Swampert|Ice Punch|p2a: Scared
|-damage|p2a: Scared|99\/265
|-enditem|p2a: Scared|Air Balloon
|move|p2a: Scared|Hyper Voice|p1a: Swampert
|-damage|p1a: Swampert|31\/341
|
|-weather|RainDance|[upkeep]
|-heal|p2a: Scared|132\/265|[from] ability: Dry Skin
|upkeep
|turn|12
|choice|move earthquake|move grassknot
|
|move|p1a: Swampert|Earthquake|p2a: Scared
|-supereffective|p2a: Scared
|-damage|p2a: Scared|0 fnt
|faint|p2a: Scared
|
|-weather|RainDance|[upkeep]
|upkeep
|choice||switch 3
|
|switch|p2a: Prick|Whimsicott, M|261\/261
|turn|13
|choice|move icepunch|move naturepower
|
|move|p2a: Prick|Nature Power|p1a: Swampert
|move|p2a: Prick|Tri Attack|p1a: Swampert|[from]Nature Power
|-damage|p1a: Swampert|0 fnt
|faint|p1a: Swampert
|
|-weather|RainDance|[upkeep]
|upkeep
|choice|switch 3|
|
|switch|p1a: Blastoise|Blastoise, F|361\/361
|-damage|p1a: Blastoise|316\/361|[from] Stealth Rock
|turn|14
|choice|move toxic|move moonblast
|
|move|p2a: Prick|Moonblast|p1a: Blastoise
|-damage|p1a: Blastoise|208\/361
|move|p1a: Blastoise|Toxic|p2a: Prick
|-status|p2a: Prick|tox
|
|-weather|none
|-damage|p2a: Prick|245\/261 tox|[from] psn
|upkeep
|turn|15
|choice|move scald|move encore
|
|move|p2a: Prick|Encore|p1a: Blastoise
|-start|p1a: Blastoise|Encore
|move|p1a: Blastoise|Toxic|p2a: Prick
|-fail|p2a: Prick|tox
|
|-damage|p2a: Prick|213\/261 tox|[from] psn
|upkeep
|turn|16
|choice|move toxic|move gigadrain
|
|move|p2a: Prick|Giga Drain|p1a: Blastoise
|-supereffective|p1a: Blastoise
|-damage|p1a: Blastoise|76\/361
|-heal|p2a: Prick|261\/261 tox|[from] drain|[of] p1a: Blastoise
|move|p1a: Blastoise|Toxic|p2a: Prick
|-fail|p2a: Prick|tox
|
|-damage|p2a: Prick|213\/261 tox|[from] psn
|upkeep
|turn|17
|choice|move toxic|move gigadrain
|
|move|p2a: Prick|Giga Drain|p1a: Blastoise
|-supereffective|p1a: Blastoise
|-damage|p1a: Blastoise|0 fnt
|-heal|p2a: Prick|251\/261 tox|[from] drain|[of] p1a: Blastoise
|faint|p1a: Blastoise
|
|-damage|p2a: Prick|187\/261 tox|[from] psn
|upkeep
|choice|switch 2|
|
|switch|p1a: Feraligatr|Feraligatr, F|311\/311
|-damage|p1a: Feraligatr|273\/311|[from] Stealth Rock
|turn|18
|choice|move waterfall|move gigadrain
|
|move|p2a: Prick|Giga Drain|p1a: Feraligatr
|-supereffective|p1a: Feraligatr
|-damage|p1a: Feraligatr|49\/311
|-heal|p2a: Prick|261\/261 tox|[from] drain|[of] p1a: Feraligatr
|move|p1a: Feraligatr|Waterfall|p2a: Prick
|-resisted|p2a: Prick
|-damage|p2a: Prick|152\/261 tox
|
|-damage|p2a: Prick|72\/261 tox|[from] psn
|upkeep
|turn|19
|choice|switch 4|switch 4
|
|switch|p2a: Mandingo|Toxicroak, M|308\/308
|switch|p1a: Frogadier|Frogadier, M|117\/249
|-damage|p1a: Frogadier|86\/249|[from] Stealth Rock
|
|upkeep
|turn|20
|choice|move icebeam|move suckerpunch
|
|move|p2a: Mandingo|Sucker Punch|p1a: Frogadier
|-crit|p1a: Frogadier
|-damage|p1a: Frogadier|0 fnt
|-damage|p2a: Mandingo|278\/308|[from] item: Life Orb
|faint|p1a: Frogadier
|
|upkeep
|choice|switch 4|
|
|switch|p1a: Feraligatr|Feraligatr, F|49\/311
|-damage|p1a: Feraligatr|11\/311|[from] Stealth Rock
|turn|21
|c|☆Parnstar|Gg why u switched
|choice|move swordsdance|move drainpunch
|
|move|p1a: Feraligatr|Swords Dance|p1a: Feraligatr
|-boost|p1a: Feraligatr|atk|2
|move|p2a: Mandingo|Drain Punch|p1a: Feraligatr
|-damage|p1a: Feraligatr|0 fnt
|-heal|p2a: Mandingo|284\/308|[from] drain|[of] p1a: Feraligatr
|-damage|p2a: Mandingo|254\/308|[from] item: Life Orb
|faint|p1a: Feraligatr
|
|win|Parnstar
|raw|Fun Sets's rating: 1284 &rarr; <strong>1263<\/strong><br \/>(-21 for losing)
|raw|Parnstar's rating: 1335 &rarr; <strong>1352<\/strong><br \/>(+17 for winning)
|c|☆Fun Sets|it didnt matter, thought you would giga drain
|c|☆Parnstar|Ah
|c|☆Fun Sets|gg
|l|Fun Sets
|c|☆Parnstar|gg</script>
</div>
<div class="battle-log battle-log-inline"><div class="inner"><div class="battle-options"></div><div class="inner"><div class="chat"><small>Fun Sets joined.</small></div><div class="chat"><small>Parnstar joined.</small></div><div class=""><small>Format:</small> <br><strong>UU</strong></div><div class="rated"><strong>Rated battle</strong></div><div class=""><small><em>Sleep Clause Mod:</em> Limit one foe put to sleep</small></div><div class=""><small><em>Species Clause:</em> Limit one of each Pokémon</small></div><div class=""><small><em>OHKO Clause:</em> OHKO moves are banned</small></div><div class=""><small><em>Moody Clause:</em> Moody is banned</small></div><div class=""><small><em>Evasion Moves Clause:</em> Evasion moves are banned</small></div><div class=""><small><em>Endless Battle Clause:</em> Forcing endless battles is banned</small></div><div class=""><small><em>HP Percentage Mod:</em> HP is shown in percentages</small></div><div class=""><small><em>Swagger Clause:</em> Swagger is banned</small></div><div class=""><small><em>Baton Pass Clause:</em> Limit one Baton Passer, can't pass Spe and other stats simultaneously</small></div><div class="chat battle-history"><strong>Fun Sets's team:</strong> <em style="color:#445566;display:block;">Blastoise / Feraligatr / Swampert / Empoleon / Samurott / Frogadier</em></div><div class="chat battle-history"><strong>Parnstar's team:</strong> <em style="color:#445566;display:block;">Mamoswine / Toxicroak / Whimsicott / Heliolisk / Donphan / Crawdaunt</em></div><div class="spacer battle-history"><br></div><div class="battle-history">Battle started between Fun Sets and Parnstar!<br></div><div class="spacer battle-history"><br></div><div class="battle-history">Go! <strong>Empoleon</strong>!<br></div><div class="spacer battle-history"><br></div><div class="battle-history">Parnstar sent out NIpple pinochle (<strong>Crawdaunt</strong>)!<br></div><div class="spacer battle-history"><br></div><h2 class="battle-history">Turn 1</h2><div class="spacer battle-history"><br></div><div class="battle-history">The opposing NIpple pinochle used <strong>Dragon Dance</strong>!<br></div><div class="battle-history"><small>The opposing NIpple pinochle's Attack rose!</small><br></div><div class="battle-history"><small>The opposing NIpple pinochle's Speed rose!</small><br></div><div class="spacer battle-history"><br></div><div class="battle-history">Empoleon used <strong>Stealth Rock</strong>!<br></div><div class="battle-history"><small>Pointed stones float in the air around the opposing team!</small><br></div><div class="spacer battle-history"><br></div><h2 class="battle-history">Turn 2</h2><div class="spacer battle-history"><br></div><div class="battle-history">The opposing NIpple pinochle used <strong>Knock Off</strong>!<br></div><div class="battle-history"><small>(Empoleon lost <abbr title="−371/371">100%</abbr> of its health!)</small><br></div><div class="battle-history"><small>The opposing NIpple pinochle knocked off Empoleon's Leftovers!</small><br></div><div class="spacer battle-history"><br></div><div class="battle-history">Empoleon fainted!<br></div><div class="spacer battle-history"><br></div><div class="battle-history">Go! <strong>Frogadier</strong>!<br></div><div class="spacer battle-history"><br></div><h2 class="battle-history">Turn 3</h2><div class="spacer battle-history"><br></div><div class="battle-history">Frogadier used <strong>U-turn</strong>!<br></div><div class="spacer battle-history"><br></div><div class="battle-history"><small>[Frogadier's Protean]</small><br><small>Frogadier transformed into the Bug type!</small><br></div><div class="battle-history"><small>It's super effective!</small><br></div><div class="battle-history"><small>A critical hit!</small><br></div><div class="battle-history"><small>(The opposing NIpple pinochle lost <abbr title="−182/267">68.2%</abbr> of its health!)</small><br></div><div class="spacer battle-history"><br></div><div class="battle-history">Frogadier went back to Fun Sets!<br></div><div class="battle-history">Go! <strong>Samurott</strong>!<br></div><div class="spacer battle-history"><br></div><div class="battle-history">The opposing NIpple pinochle used <strong>Knock Off</strong>!<br></div><div class="battle-history"><small>(Samurott lost <abbr title="−264/393">67.2%</abbr> of its health!)</small><br></div><div class="battle-history"><small>The opposing NIpple pinochle knocked off Samurott's Leftovers!</small><br></div><div class="spacer battle-history"><br></div><h2 class="battle-history">Turn 4</h2><div class="spacer battle-history"><br></div><div class="battle-history">The opposing NIpple pinochle used <strong>Knock Off</strong>!<br></div><div class="battle-history"><small>(Samurott lost <abbr title="−129/393">32.8%</abbr> of its health!)</small><br></div><div class="spacer battle-history"><br></div><div class="battle-history">Samurott fainted!<br></div><div class="spacer battle-history"><br></div><div class="battle-history">Go! <strong>Frogadier</strong>!<br></div><div class="spacer battle-history"><br></div><h2 class="battle-history">Turn 5</h2><div class="spacer battle-history"><br></div><div class="battle-history">The opposing NIpple pinochle used <strong>Aqua Jet</strong>!<br></div><div class="battle-history"><small>It's not very effective...</small><br></div><div class="battle-history"><small>(Frogadier lost <abbr title="−132/249">53.0%</abbr> of its health!)</small><br></div><div class="spacer battle-history"><br></div><div class="battle-history">Frogadier used <strong>U-turn</strong>!<br></div><div class="spacer battle-history"><br></div><div class="battle-history"><small>[Frogadier's Protean]</small><br><small>Frogadier transformed into the Bug type!</small><br></div><div class="battle-history"><small>It's super effective!</small><br></div><div class="battle-history"><small>(The opposing NIpple pinochle lost <abbr title="−85/267">31.8%</abbr> of its health!)</small><br></div><div class="spacer battle-history"><br></div><div class="battle-history">The opposing NIpple pinochle fainted!<br></div><div class="spacer battle-history"><br></div><div class="battle-history">Frogadier went back to Fun Sets!<br></div><div class="battle-history">Go! <strong>Blastoise</strong>!<br></div><div class="spacer battle-history"><br></div><div class="battle-history">Parnstar sent out Mustard pass (<strong>Donphan</strong>)!<br></div><div class="battle-history"><small>Pointed stones dug into the opposing Mustard pass!</small><br></div><div class="spacer battle-history"><br></div><h2 class="battle-history">Turn 6</h2><div class="spacer battle-history"><br></div><div class="battle-history">Blastoise used <strong>Scald</strong>!<br></div><div class="battle-history"><small>It's super effective!</small><br></div><div class="battle-history"><small>(The opposing Mustard pass lost <abbr title="−230/353">65.2%</abbr> of its health!)</small><br></div><div class="battle-history"><small>The opposing Mustard pass was burned!</small><br></div><div class="spacer battle-history"><br></div><div class="battle-history">The opposing Mustard pass used <strong>Rapid Spin</strong>!<br></div><div class="battle-history"><small>(Blastoise lost <abbr title="−10/361">2.8%</abbr> of its health!)</small><br></div><div class="battle-history"><small>The pointed stones disappeared from around the opposing team!</small><br></div><div class="spacer battle-history"><br></div><div class="battle-history"><small>The opposing Mustard pass was hurt by its burn!</small><br></div><div class="spacer battle-history"><br></div><h2 class="battle-history">Turn 7</h2><div class="spacer battle-history"><br></div><div class="battle-history"><small>The opposing Mustard pass ate its Custap Berry!</small><br></div><div class="battle-history"><small>The opposing Mustard pass's Custap Berry let it move first!</small><br></div><div class="spacer battle-history"><br></div><div class="battle-history">The opposing Mustard pass used <strong>Stealth Rock</strong>!<br></div><div class="battle-history"><small>Pointed stones float in the air around your team!</small><br></div><div class="spacer battle-history"><br></div><div class="battle-history">Blastoise used <strong>Rain Dance</strong>!<br></div><div class="battle-history"><small>It started to rain!</small><br></div><div class="spacer battle-history"><br></div><div class="battle-history"><small>(Rain continues to fall!)</small><br></div><div class="battle-history"><small>[Blastoise's Rain Dish]</small><br><small>Blastoise restored its HP.</small><br></div><div class="battle-history"><small>The opposing Mustard pass was hurt by its burn!</small><br></div><div class="spacer battle-history"><br></div><h2 class="battle-history">Turn 8</h2><div class="spacer battle-history"><br></div><div class="battle-history">Blastoise used <strong>Rapid Spin</strong>!<br></div><div class="battle-history"><small>(The opposing Mustard pass lost <abbr title="−8/353">2.3%</abbr> of its health!)</small><br></div><div class="battle-history"><small>The pointed stones disappeared from around your team!</small><br></div><div class="spacer battle-history"><br></div><div class="battle-history">The opposing Mustard pass used <strong>Stealth Rock</strong>!<br></div><div class="battle-history"><small>Pointed stones float in the air around your team!</small><br></div><div class="spacer battle-history"><br></div><div class="battle-history"><small>(Rain continues to fall!)</small><br></div><div class="battle-history"><small>The opposing Mustard pass was hurt by its burn!</small><br></div><div class="spacer battle-history"><br></div><div class="battle-history">The opposing Mustard pass fainted!<br></div><div class="spacer battle-history"><br></div><div class="battle-history">Parnstar sent out Mandingo (<strong>Toxicroak</strong>)!<br></div><div class="spacer battle-history"><br></div><h2 class="battle-history">Turn 9</h2><div class="spacer battle-history"><br></div><div class="battle-history">Blastoise, come back!<br></div><div class="battle-history">Go! <strong>Swampert</strong>!<br></div><div class="battle-history"><small>Pointed stones dug into Swampert!</small><br></div><div class="spacer battle-history"><br></div><div class="battle-history">The opposing Mandingo used <strong>Gunk Shot</strong>!<br></div><div class="battle-history"><small>It's not very effective...</small><br></div><div class="battle-history"><small>(Swampert lost <abbr title="−148/341">43.4%</abbr> of its health!)</small><br></div><div class="battle-history"><small>The opposing Mandingo lost some of its HP!</small><br></div><div class="spacer battle-history"><br></div><div class="battle-history"><small>(Rain continues to fall!)</small><br></div><div class="battle-history"><small>[The opposing Mandingo's Dry Skin]</small><br><small>The opposing Mandingo restored its HP.</small><br></div><div class="spacer battle-history"><br></div><h2 class="battle-history">Turn 10</h2><div class="spacer battle-history"><br></div><div class="battle-history">Parnstar withdrew Mandingo!<br></div><div class="battle-history">Parnstar sent out Scared (<strong>Heliolisk</strong>)!<br></div><div class="battle-history"><small>The opposing Scared floats in the air with its Air Balloon!</small><br></div><div class="spacer battle-history"><br></div><div class="battle-history"><small>Swampert's Swampertite is reacting to Fun Sets's Mega Bracelet!</small><br>Swampert has Mega Evolved into Mega Swampert!<br></div><div class="spacer battle-history"><br></div><div class="battle-history">Swampert used <strong>Earthquake</strong>!<br></div><div class="battle-history"><small>It doesn't affect the opposing Scared...</small><br></div><div class="spacer battle-history"><br></div><div class="battle-history"><small>(Rain continues to fall!)</small><br></div><div class="spacer battle-history"><br></div><h2 class="battle-history">Turn 11</h2><div class="spacer battle-history"><br></div><div class="battle-history">Swampert used <strong>Ice Punch</strong>!<br></div><div class="battle-history"><small>(The opposing Scared lost <abbr title="−166/265">62.6%</abbr> of its health!)</small><br></div><div class="battle-history"><small>The opposing Scared's Air Balloon popped!</small><br></div><div class="spacer battle-history"><br></div><div class="battle-history">The opposing Scared used <strong>Hyper Voice</strong>!<br></div><div class="battle-history"><small>(Swampert lost <abbr title="−141/341">41.3%</abbr> of its health!)</small><br></div><div class="spacer battle-history"><br></div><div class="battle-history"><small>(Rain continues to fall!)</small><br></div><div class="battle-history"><small>[The opposing Scared's Dry Skin]</small><br><small>The opposing Scared restored its HP.</small><br></div><div class="spacer battle-history"><br></div><h2 class="battle-history">Turn 12</h2><div class="spacer battle-history"><br></div><div class="battle-history">Swampert used <strong>Earthquake</strong>!<br></div><div class="battle-history"><small>It's super effective!</small><br></div><div class="battle-history"><small>(The opposing Scared lost <abbr title="−132/265">49.8%</abbr> of its health!)</small><br></div><div class="spacer battle-history"><br></div><div class="battle-history">The opposing Scared fainted!<br></div><div class="spacer battle-history"><br></div><div class="battle-history"><small>(Rain continues to fall!)</small><br></div><div class="spacer battle-history"><br></div><div class="battle-history">Parnstar sent out Prick (<strong>Whimsicott</strong>)!<br></div><div class="spacer battle-history"><br></div><h2 class="battle-history">Turn 13</h2><div class="spacer battle-history"><br></div><div class="battle-history">The opposing Prick used <strong>Nature Power</strong>!<br></div><div class="spacer battle-history"><br></div><div class="battle-history">Nature Power turned into Tri Attack!<br></div><div class="battle-history"><small>(Swampert lost <abbr title="−31/341">9.1%</abbr> of its health!)</small><br></div><div class="spacer battle-history"><br></div><div class="battle-history">Swampert fainted!<br></div><div class="spacer battle-history"><br></div><div class="battle-history"><small>(Rain continues to fall!)</small><br></div><div class="spacer battle-history"><br></div><div class="battle-history">Go! <strong>Blastoise</strong>!<br></div><div class="battle-history"><small>Pointed stones dug into Blastoise!</small><br></div><div class="spacer battle-history"><br></div><h2 class="battle-history">Turn 14</h2><div class="spacer battle-history"><br></div><div class="battle-history">The opposing Prick used <strong>Moonblast</strong>!<br></div><div class="battle-history"><small>(Blastoise lost <abbr title="−108/361">29.9%</abbr> of its health!)</small><br></div><div class="spacer battle-history"><br></div><div class="battle-history">Blastoise used <strong>Toxic</strong>!<br></div><div class="battle-history"><small>The opposing Prick was badly poisoned!</small><br></div><div class="spacer battle-history"><br></div><div class="battle-history"><small>The rain stopped.</small><br></div><div class="battle-history"><small>The opposing Prick was hurt by poison!</small><br></div><div class="spacer battle-history"><br></div><h2 class="battle-history">Turn 15</h2><div class="spacer battle-history"><br></div><div class="battle-history">The opposing Prick used <strong>Encore</strong>!<br></div><div class="battle-history"><small>Blastoise received an encore!</small><br></div><div class="spacer battle-history"><br></div><div class="battle-history">Blastoise used <strong>Toxic</strong>!<br></div><div class="battle-history"><small>But it failed!</small><br></div><div class="spacer battle-history"><br></div><div class="battle-history"><small>The opposing Prick was hurt by poison!</small><br></div><div class="spacer battle-history"><br></div><h2 class="battle-history">Turn 16</h2><div class="spacer battle-history"><br></div><div class="battle-history">The opposing Prick used <strong>Giga Drain</strong>!<br></div><div class="battle-history"><small>It's super effective!</small><br></div><div class="battle-history"><small>(Blastoise lost <abbr title="−132/361">36.6%</abbr> of its health!)</small><br></div><div class="battle-history"><small>Blastoise had its energy drained!</small><br></div><div class="spacer battle-history"><br></div><div class="battle-history">Blastoise used <strong>Toxic</strong>!<br></div><div class="battle-history"><small>But it failed!</small><br></div><div class="spacer battle-history"><br></div><div class="battle-history"><small>The opposing Prick was hurt by poison!</small><br></div><div class="spacer battle-history"><br></div><h2 class="battle-history">Turn 17</h2><div class="spacer battle-history"><br></div><div class="battle-history">The opposing Prick used <strong>Giga Drain</strong>!<br></div><div class="battle-history"><small>It's super effective!</small><br></div><div class="battle-history"><small>(Blastoise lost <abbr title="−76/361">21.1%</abbr> of its health!)</small><br></div><div class="battle-history"><small>Blastoise had its energy drained!</small><br></div><div class="spacer battle-history"><br></div><div class="battle-history">Blastoise fainted!<br></div><div class="spacer battle-history"><br></div><div class="battle-history"><small>The opposing Prick was hurt by poison!</small><br></div><div class="spacer battle-history"><br></div><div class="battle-history">Go! <strong>Feraligatr</strong>!<br></div><div class="battle-history"><small>Pointed stones dug into Feraligatr!</small><br></div><div class="spacer battle-history"><br></div><h2 class="battle-history">Turn 18</h2><div class="spacer battle-history"><br></div><div class="battle-history">The opposing Prick used <strong>Giga Drain</strong>!<br></div><div class="battle-history"><small>It's super effective!</small><br></div><div class="battle-history"><small>(Feraligatr lost <abbr title="−224/311">72.0%</abbr> of its health!)</small><br></div><div class="battle-history"><small>Feraligatr had its energy drained!</small><br></div><div class="spacer battle-history"><br></div><div class="battle-history">Feraligatr used <strong>Waterfall</strong>!<br></div><div class="battle-history"><small>It's not very effective...</small><br></div><div class="battle-history"><small>(The opposing Prick lost <abbr title="−109/261">41.8%</abbr> of its health!)</small><br></div><div class="spacer battle-history"><br></div><div class="battle-history"><small>The opposing Prick was hurt by poison!</small><br></div><div class="spacer battle-history"><br></div><h2 class="battle-history">Turn 19</h2><div class="spacer battle-history"><br></div><div class="battle-history">Parnstar withdrew Prick!<br></div><div class="battle-history">Parnstar sent out Mandingo (<strong>Toxicroak</strong>)!<br></div><div class="spacer battle-history"><br></div><div class="battle-history">Feraligatr, come back!<br></div><div class="battle-history">Go! <strong>Frogadier</strong>!<br></div><div class="battle-history"><small>Pointed stones dug into Frogadier!</small><br></div><div class="spacer battle-history"><br></div><h2 class="battle-history">Turn 20</h2><div class="spacer battle-history"><br></div><div class="battle-history">The opposing Mandingo used <strong>Sucker Punch</strong>!<br></div><div class="battle-history"><small>A critical hit!</small><br></div><div class="battle-history"><small>(Frogadier lost <abbr title="−86/249">34.5%</abbr> of its health!)</small><br></div><div class="battle-history"><small>The opposing Mandingo lost some of its HP!</small><br></div><div class="spacer battle-history"><br></div><div class="battle-history">Frogadier fainted!<br></div><div class="spacer battle-history"><br></div><div class="battle-history">Go! <strong>Feraligatr</strong>!<br></div><div class="battle-history"><small>Pointed stones dug into Feraligatr!</small><br></div><div class="spacer battle-history"><br></div><h2 class="battle-history">Turn 21</h2><div class="chat chatmessage-parnstar"><strong style="color:hsl(41,84%,41.163999978976825%)"><small>☆</small><span class="username" data-name="Parnstar">Parnstar</span>:</strong> <em>Gg why u switched</em></div><div class="spacer battle-history"><br></div><div class="battle-history">Feraligatr used <strong>Swords Dance</strong>!<br></div><div class="battle-history"><small>Feraligatr's Attack rose sharply!</small><br></div><div class="spacer battle-history"><br></div><div class="battle-history">The opposing Mandingo used <strong>Drain Punch</strong>!<br></div><div class="battle-history"><small>(Feraligatr lost <abbr title="−11/311">3.5%</abbr> of its health!)</small><br></div><div class="battle-history"><small>Feraligatr had its energy drained!</small><br></div><div class="battle-history"><small>The opposing Mandingo lost some of its HP!</small><br></div><div class="spacer battle-history"><br></div><div class="battle-history">Feraligatr fainted!<br></div><div class="spacer battle-history"><br></div><div class="battle-history"><strong>Parnstar</strong> won the battle!<br></div><div class="chat">Fun Sets's rating: 1284 → <strong>1263</strong><br>(-21 for losing)</div><div class="chat">Parnstar's rating: 1335 → <strong>1352</strong><br>(+17 for winning)</div><div class="chat chatmessage-funsets"><strong style="color:hsl(71,46%,42.286545988710905%)"><small>☆</small><span class="username" data-name="Fun Sets">Fun Sets</span>:</strong> <em>it didnt matter, thought you would giga drain</em></div><div class="chat chatmessage-parnstar"><strong style="color:hsl(41,84%,41.163999978976825%)"><small>☆</small><span class="username" data-name="Parnstar">Parnstar</span>:</strong> <em>Ah</em></div><div class="chat chatmessage-funsets"><strong style="color:hsl(71,46%,42.286545988710905%)"><small>☆</small><span class="username" data-name="Fun Sets">Fun Sets</span>:</strong> <em>gg</em></div><div class="chat"><small>Fun Sets left.</small></div><div class="chat chatmessage-parnstar"><strong style="color:hsl(41,84%,41.163999978976825%)"><small>☆</small><span class="username" data-name="Parnstar">Parnstar</span>:</strong> <em>gg</em></div></div><div class="inner-preempt"></div></div></div>
</div>
<script>
let daily = Math.floor(Date.now()/1000/60/60/24);document.write('<script src="https://play.pokemonshowdown.com/js/replay-embed.js?version'+daily+'"></'+'script>');
</script>
