<!DOCTYPE html>
<meta charset="utf-8" />
<!-- version 1 -->
<title>UU replay: Arizonagymleader vs. Pantera307</title>
<style>
html,body {font-family:Verdana, sans-serif;font-size:10pt;margin:0;padding:0;}body{padding:12px 0;} .battle-log {font-family:Verdana, sans-serif;font-size:10pt;} .battle-log-inline {border:1px solid #AAAAAA;background:#EEF2F5;color:black;max-width:640px;margin:0 auto 80px;padding-bottom:5px;} .battle-log .inner {padding:4px 8px 0px 8px;} .battle-log .inner-preempt {padding:0 8px 4px 8px;} .battle-log .inner-after {margin-top:0.5em;} .battle-log h2 {margin:0.5em -8px;padding:4px 8px;border:1px solid #AAAAAA;background:#E0E7EA;border-left:0;border-right:0;font-family:Verdana, sans-serif;font-size:13pt;} .battle-log .chat {vertical-align:middle;padding:3px 0 3px 0;font-size:8pt;} .battle-log .chat strong {color:#40576A;} .battle-log .chat em {padding:1px 4px 1px 3px;color:#000000;font-style:normal;} .chat.mine {background:rgba(0,0,0,0.05);margin-left:-8px;margin-right:-8px;padding-left:8px;padding-right:8px;} .spoiler {color:#BBBBBB;background:#BBBBBB;padding:0px 3px;} .spoiler:hover, .spoiler:active, .spoiler-shown {color:#000000;background:#E2E2E2;padding:0px 3px;} .spoiler a {color:#BBBBBB;} .spoiler:hover a, .spoiler:active a, .spoiler-shown a {color:#2288CC;} .chat code, .chat .spoiler:hover code, .chat .spoiler:active code, .chat .spoiler-shown code {border:1px solid #C0C0C0;background:#EEEEEE;color:black;padding:0 2px;} .chat .spoiler code {border:1px solid #CCCCCC;background:#CCCCCC;color:#CCCCCC;} .battle-log .rated {padding:3px 4px;} .battle-log .rated strong {color:white;background:#89A;padding:1px 4px;border-radius:4px;} .spacer {margin-top:0.5em;} .message-announce {background:#6688AA;color:white;padding:1px 4px 2px;} .message-announce a, .broadcast-green a, .broadcast-blue a, .broadcast-red a {color:#DDEEFF;} .broadcast-green {background-color:#559955;color:white;padding:2px 4px;} .broadcast-blue {background-color:#6688AA;color:white;padding:2px 4px;} .infobox {border:1px solid #6688AA;padding:2px 4px;} .infobox-limited {max-height:200px;overflow:auto;overflow-x:hidden;} .broadcast-red {background-color:#AA5544;color:white;padding:2px 4px;} .message-learn-canlearn {font-weight:bold;color:#228822;text-decoration:underline;} .message-learn-cannotlearn {font-weight:bold;color:#CC2222;text-decoration:underline;} .message-effect-weak {font-weight:bold;color:#CC2222;} .message-effect-resist {font-weight:bold;color:#6688AA;} .message-effect-immune {font-weight:bold;color:#666666;} .message-learn-list {margin-top:0;margin-bottom:0;} .message-throttle-notice, .message-error {color:#992222;} .message-overflow, .chat small.message-overflow {font-size:0pt;} .message-overflow::before {font-size:9pt;content:'...';} .subtle {color:#3A4A66;}
</style>
<div class="wrapper replay-wrapper" style="max-width:1180px;margin:0 auto">
<input type="hidden" name="replayid" value="uu-568419505" />
<div class="battle"></div><div class="battle-log"></div><div class="replay-controls"></div><div class="replay-controls-2"></div>
<h1 style="font-weight:normal;text-align:center"><strong>UU</strong><br /><a href="http://pokemonshowdown.com/users/arizonagymleader" class="subtle" target="_blank">Arizonagymleader</a> vs. <a href="http://pokemonshowdown.com/users/pantera307" class="subtle" target="_blank">Pantera307</a></h1>
<script type="text/plain" class="battle-log-data">|j|Arizonagymleader
|j|Pantera307
|player|p1|Arizonagymleader|11
|player|p2|Pantera307|290
|gametype|singles
|gen|6
|tier|UU
|rated
|seed|51230,56299,25198,32936
|rule|Sleep Clause Mod: Limit one foe put to sleep
|rule|Species Clause: Limit one of each Pokémon
|rule|OHKO Clause: OHKO moves are banned
|rule|Moody Clause: Moody is banned
|rule|Evasion Moves Clause: Evasion moves are banned
|rule|Endless Battle Clause: Forcing endless battles is banned
|rule|HP Percentage Mod: HP is shown in percentages
|clearpoke
|poke|p1|Gardevoir, F|item
|poke|p1|Mamoswine, M|item
|poke|p1|Gyarados, M|item
|poke|p1|Houndoom, M, shiny|item
|poke|p1|Lucario, F|item
|poke|p1|Hydreigon, M|item
|poke|p2|Aerodactyl, M|item
|poke|p2|Donphan, M|item
|poke|p2|Chesnaught, M, shiny|item
|poke|p2|Heliolisk, M|item
|poke|p2|Umbreon, M, shiny|item
|poke|p2|Gardevoir, F, shiny|item
|rule|Swagger Clause: Swagger is banned
|rule|Baton Pass Clause: Limit one Baton Passer, can't pass Spe and other stats simultaneously
|teampreview
|inactive|Battle timer is ON: inactive players will automatically lose when time's up. (requested by Pantera307)
|choice|team 6, team 2, team 3, team 4, team 5, team 1|team 2, team 1, team 3, team 4, team 5, team 6
|
|start
|switch|p1a: Nimbus|Hydreigon, M|325\/325
|switch|p2a: Dumbo|Donphan, M|384\/384
|turn|1
|choice|move dracometeor|move stealthrock
|
|move|p1a: Nimbus|Draco Meteor|p2a: Dumbo
|-damage|p2a: Dumbo|45\/384
|-unboost|p1a: Nimbus|spa|2
|move|p2a: Dumbo|Stealth Rock|p1a: Nimbus
|-sidestart|p1: Arizonagymleader|move: Stealth Rock
|
|upkeep
|turn|2
|choice|switch 3|move iceshard
|
|switch|p1a: Melbourne|Gyarados, M|394\/394
|-damage|p1a: Melbourne|296\/394|[from] Stealth Rock
|-ability|p1a: Melbourne|Intimidate|boost
|-unboost|p2a: Dumbo|atk|1
|move|p2a: Dumbo|Ice Shard|p1a: Melbourne
|-damage|p1a: Melbourne|269\/394
|
|-heal|p1a: Melbourne|293\/394|[from] item: Leftovers
|upkeep
|turn|3
|choice|move earthquake|switch 3
|
|switch|p2a: Armazon|Chesnaught, M, shiny|380\/380
|move|p1a: Melbourne|Earthquake|p2a: Armazon
|-resisted|p2a: Armazon
|-damage|p2a: Armazon|333\/380
|
|-heal|p1a: Melbourne|317\/394|[from] item: Leftovers
|upkeep
|turn|4
|j|Waul
|choice|switch 6|move seedbomb
|
|switch|p1a: Super Bae|Gardevoir, F|340\/340
|-damage|p1a: Super Bae|298\/340|[from] Stealth Rock
|move|p2a: Armazon|Seed Bomb|p1a: Super Bae
|-damage|p1a: Super Bae|160\/340
|
|-heal|p1a: Super Bae|181\/340|[from] item: Leftovers
|upkeep
|turn|5
|choice|move moonblast|move spikyshield
|
|move|p2a: Armazon|Spiky Shield|p2a: Armazon
|-singleturn|p2a: Armazon|move: Protect
|move|p1a: Super Bae|Moonblast|p2a: Armazon
|-activate|p2a: Armazon|move: Protect
|
|-heal|p1a: Super Bae|202\/340|[from] item: Leftovers
|upkeep
|turn|6
|choice|move reflect|switch 3
|
|switch|p2a: Dumbo|Donphan, M|45\/384
|move|p1a: Super Bae|Reflect|p1a: Super Bae
|-sidestart|p1: Arizonagymleader|Reflect
|
|-heal|p1a: Super Bae|223\/340|[from] item: Leftovers
|upkeep
|turn|7
|choice|move moonblast|move earthquake
|
|move|p1a: Super Bae|Moonblast|p2a: Dumbo
|-damage|p2a: Dumbo|0 fnt
|faint|p2a: Dumbo
|
|-heal|p1a: Super Bae|244\/340|[from] item: Leftovers
|upkeep
|choice||switch 6
|
|switch|p2a: Dama de diamante|Gardevoir, F, shiny|277\/277
|-ability|p2a: Dama de diamante|Synchronize|[from] ability: Trace|[of] p1a: Super Bae
|turn|8
|choice|move calmmind|move shadowball
|
|move|p2a: Dama de diamante|Shadow Ball|p1a: Super Bae
|-supereffective|p1a: Super Bae
|-damage|p1a: Super Bae|92\/340
|move|p1a: Super Bae|Calm Mind|p1a: Super Bae
|-boost|p1a: Super Bae|spa|1
|-boost|p1a: Super Bae|spd|1
|
|-heal|p1a: Super Bae|113\/340|[from] item: Leftovers
|upkeep
|turn|9
|choice|move moonblast|move shadowball
|
|move|p2a: Dama de diamante|Shadow Ball|p1a: Super Bae
|-supereffective|p1a: Super Bae
|-damage|p1a: Super Bae|0 fnt
|faint|p1a: Super Bae
|
|upkeep
|choice|switch 4|
|
|switch|p1a: Belmont|Houndoom, M, shiny|291\/291
|-damage|p1a: Belmont|219\/291|[from] Stealth Rock
|turn|10
|choice|move nastyplot mega|switch 5
|
|switch|p2a: Luz de la luna|Umbreon, M, shiny|394\/394
|detailschange|p1a: Belmont|Houndoom-Mega, M, shiny
|-mega|p1a: Belmont|Houndoom|Houndoominite
|move|p1a: Belmont|Nasty Plot|p1a: Belmont
|-boost|p1a: Belmont|spa|2
|
|-sideend|p1: Arizonagymleader|Reflect
|upkeep
|turn|11
|choice|move nastyplot|move toxic
|
|move|p1a: Belmont|Nasty Plot|p1a: Belmont
|-boost|p1a: Belmont|spa|2
|move|p2a: Luz de la luna|Toxic|p1a: Belmont
|-status|p1a: Belmont|tox
|
|-damage|p1a: Belmont|201\/291 tox|[from] psn
|upkeep
|turn|12
|choice|move sludgebomb|move wish
|
|move|p1a: Belmont|Sludge Bomb|p2a: Luz de la luna
|-damage|p2a: Luz de la luna|174\/394
|-status|p2a: Luz de la luna|psn
|-activate|p2a: Luz de la luna|ability: Synchronize
|-fail|p1a: Belmont
|move|p2a: Luz de la luna|Wish|p2a: Luz de la luna
|
|-heal|p2a: Luz de la luna|198\/394 psn|[from] item: Leftovers
|-damage|p1a: Belmont|165\/291 tox|[from] psn
|-damage|p2a: Luz de la luna|149\/394 psn|[from] psn
|upkeep
|turn|13
|choice|move nastyplot|move protect
|
|move|p2a: Luz de la luna|Protect|p2a: Luz de la luna
|-singleturn|p2a: Luz de la luna|Protect
|move|p1a: Belmont|Nasty Plot|p1a: Belmont
|-boost|p1a: Belmont|spa|2
|
|-heal|p2a: Luz de la luna|346\/394 psn|[from] move: Wish|[wisher] Luz de la luna
|-heal|p2a: Luz de la luna|370\/394 psn|[from] item: Leftovers
|-damage|p1a: Belmont|111\/291 tox|[from] psn
|-damage|p2a: Luz de la luna|321\/394 psn|[from] psn
|upkeep
|turn|14
|choice|move sludgebomb|move wish
|
|move|p1a: Belmont|Sludge Bomb|p2a: Luz de la luna
|-crit|p2a: Luz de la luna
|-damage|p2a: Luz de la luna|0 fnt
|faint|p2a: Luz de la luna
|
|-damage|p1a: Belmont|39\/291 tox|[from] psn
|upkeep
|choice||switch 5
|
|switch|p2a: Dama de diamante|Gardevoir, F, shiny|277\/277
|-ability|p2a: Dama de diamante|Solar Power|[from] ability: Trace|[of] p1a: Belmont
|turn|15
|choice|move sludgebomb|move moonblast
|
|move|p2a: Dama de diamante|Moonblast|p1a: Belmont
|-damage|p1a: Belmont|0 fnt
|faint|p1a: Belmont
|
|upkeep
|choice|switch 2|
|
|switch|p1a: Tusk|Mamoswine, M|379\/379
|-damage|p1a: Tusk|332\/379|[from] Stealth Rock
|turn|16
|choice|move avalanche|switch 3
|
|switch|p2a: Armazon|Chesnaught, M, shiny|333\/380
|move|p1a: Tusk|Avalanche|p2a: Armazon
|-supereffective|p2a: Armazon
|-damage|p2a: Armazon|141\/380
|-enditem|p2a: Armazon|Sitrus Berry|[eat]
|-heal|p2a: Armazon|236\/380|[from] item: Sitrus Berry
|
|-heal|p1a: Tusk|355\/379|[from] item: Leftovers
|upkeep
|turn|17
|choice|move curse|move drainpunch
|
|move|p1a: Tusk|Curse|p1a: Tusk
|-unboost|p1a: Tusk|spe|1
|-boost|p1a: Tusk|atk|1
|-boost|p1a: Tusk|def|1
|move|p2a: Armazon|Drain Punch|p1a: Tusk
|-supereffective|p1a: Tusk
|-damage|p1a: Tusk|167\/379
|-heal|p2a: Armazon|330\/380|[from] drain|[of] p1a: Tusk
|
|-heal|p1a: Tusk|190\/379|[from] item: Leftovers
|upkeep
|turn|18
|c| Waul|curse
|c| Waul|omg
|c| Waul|..
|choice|move iceshard|move drainpunch
|
|move|p1a: Tusk|Ice Shard|p2a: Armazon
|-supereffective|p2a: Armazon
|-damage|p2a: Armazon|156\/380
|move|p2a: Armazon|Drain Punch|p1a: Tusk
|-supereffective|p1a: Tusk
|-damage|p1a: Tusk|8\/379
|-heal|p2a: Armazon|247\/380|[from] drain|[of] p1a: Tusk
|
|-heal|p1a: Tusk|31\/379|[from] item: Leftovers
|upkeep
|turn|19
|choice|move iceshard|move drainpunch
|
|move|p1a: Tusk|Ice Shard|p2a: Armazon
|-supereffective|p2a: Armazon
|-damage|p2a: Armazon|65\/380
|move|p2a: Armazon|Drain Punch|p1a: Tusk
|-supereffective|p1a: Tusk
|-damage|p1a: Tusk|0 fnt
|-heal|p2a: Armazon|81\/380|[from] drain|[of] p1a: Tusk
|faint|p1a: Tusk
|
|upkeep
|choice|switch 3|
|
|switch|p1a: Nimbus|Hydreigon, M|325\/325
|-damage|p1a: Nimbus|285\/325|[from] Stealth Rock
|turn|20
|choice|move darkpulse|move spikyshield
|
|move|p2a: Armazon|Spiky Shield|p2a: Armazon
|-singleturn|p2a: Armazon|move: Protect
|move|p1a: Nimbus|Dark Pulse|p2a: Armazon
|-activate|p2a: Armazon|move: Protect
|
|upkeep
|turn|21
|choice|move darkpulse|move drainpunch
|
|move|p1a: Nimbus|Dark Pulse|p2a: Armazon
|-resisted|p2a: Armazon
|-damage|p2a: Armazon|0 fnt
|faint|p2a: Armazon
|
|upkeep
|choice||switch 4
|
|switch|p2a: Geko|Heliolisk, M|265\/265
|turn|22
|choice|move darkpulse|move focusblast
|
|move|p1a: Nimbus|Dark Pulse|p2a: Geko
|-damage|p2a: Geko|114\/265
|move|p2a: Geko|Focus Blast|p1a: Nimbus|[miss]
|-miss|p2a: Geko|p1a: Nimbus
|
|upkeep
|turn|23
|choice|move darkpulse|move focusblast
|
|move|p1a: Nimbus|Dark Pulse|p2a: Geko
|-damage|p2a: Geko|0 fnt
|faint|p2a: Geko
|
|upkeep
|choice||switch 3
|
|switch|p2a: Dama de diamante|Gardevoir, F, shiny|277\/277
|-ability|p2a: Dama de diamante|Levitate|[from] ability: Trace|[of] p1a: Nimbus
|turn|24
|choice|move darkpulse|move moonblast
|
|move|p1a: Nimbus|Dark Pulse|p2a: Dama de diamante
|-crit|p2a: Dama de diamante
|-damage|p2a: Dama de diamante|87\/277
|move|p2a: Dama de diamante|Moonblast|p1a: Nimbus
|-supereffective|p1a: Nimbus
|-damage|p1a: Nimbus|0 fnt
|faint|p1a: Nimbus
|
|upkeep
|choice|switch 6|
|
|switch|p1a: Melbourne|Gyarados, M|317\/394
|-damage|p1a: Melbourne|219\/394|[from] Stealth Rock
|-ability|p1a: Melbourne|Intimidate|boost
|-unboost|p2a: Dama de diamante|atk|1
|turn|25
|choice|move waterfall|move moonblast
|
|move|p2a: Dama de diamante|Moonblast|p1a: Melbourne
|-damage|p1a: Melbourne|57\/394
|-unboost|p1a: Melbourne|spa|1
|move|p1a: Melbourne|Waterfall|p2a: Dama de diamante
|-damage|p2a: Dama de diamante|0 fnt
|faint|p2a: Dama de diamante
|
|-heal|p1a: Melbourne|81\/394|[from] item: Leftovers
|upkeep
|choice||switch 2
|
|switch|p2a: Pteranodactil|Aerodactyl, M|301\/301
|-ability|p2a: Pteranodactil|Pressure
|turn|26
|choice|move waterfall|move aerialace mega
|
|detailschange|p2a: Pteranodactil|Aerodactyl-Mega, M
|-mega|p2a: Pteranodactil|Aerodactyl|Aerodactylite
|move|p2a: Pteranodactil|Aerial Ace|p1a: Melbourne
|-damage|p1a: Melbourne|0 fnt
|faint|p1a: Melbourne
|
|upkeep
|choice|switch 5|
|
|switch|p1a: Justice|Lucario, F|282\/282
|-damage|p1a: Justice|274\/282|[from] Stealth Rock
|turn|27
|choice|move bulletpunch|move earthquake
|
|move|p1a: Justice|Bullet Punch|p2a: Pteranodactil
|-supereffective|p2a: Pteranodactil
|-crit|p2a: Pteranodactil
|-damage|p2a: Pteranodactil|20\/301
|-damage|p1a: Justice|246\/282|[from] item: Life Orb
|move|p2a: Pteranodactil|Earthquake|p1a: Justice
|-supereffective|p1a: Justice
|-damage|p1a: Justice|0 fnt
|faint|p1a: Justice
|
|win|Pantera307
|raw|Arizonagymleader's rating: 1219 &rarr; <strong>1198<\/strong><br \/>(-21 for losing)
|raw|Pantera307's rating: 1275 &rarr; <strong>1296<\/strong><br \/>(+21 for winning)
|c|☆Pantera307|gg
|c| Waul|well played
|c| Waul|very proud
|c|☆Pantera307|yes xD</script>
</div>
<div class="battle-log battle-log-inline"><div class="inner"><div class="battle-options"></div><div class="inner"><div class="chat"><small>Arizonagymleader joined.</small></div><div class="chat"><small>Pantera307 joined.</small></div><div class=""><small>Format:</small> <br><strong>UU</strong></div><div class="rated"><strong>Rated battle</strong></div><div class=""><small><em>Sleep Clause Mod:</em> Limit one foe put to sleep</small></div><div class=""><small><em>Species Clause:</em> Limit one of each Pokémon</small></div><div class=""><small><em>OHKO Clause:</em> OHKO moves are banned</small></div><div class=""><small><em>Moody Clause:</em> Moody is banned</small></div><div class=""><small><em>Evasion Moves Clause:</em> Evasion moves are banned</small></div><div class=""><small><em>Endless Battle Clause:</em> Forcing endless battles is banned</small></div><div class=""><small><em>HP Percentage Mod:</em> HP is shown in percentages</small></div><div class=""><small><em>Swagger Clause:</em> Swagger is banned</small></div><div class=""><small><em>Baton Pass Clause:</em> Limit one Baton Passer, can't pass Spe and other stats simultaneously</small></div><div class="chat battle-history"><strong>Arizonagymleader's team:</strong> <em style="color:#445566;display:block;">Gardevoir / Mamoswine / Gyarados / Houndoom / Lucario / Hydreigon</em></div><div class="chat battle-history"><strong>Pantera307's team:</strong> <em style="color:#445566;display:block;">Aerodactyl / Donphan / Chesnaught / Heliolisk / Umbreon / Gardevoir</em></div><div class="chat message-error">Battle timer is ON: inactive players will automatically lose when time's up. (requested by Pantera307)</div><div class="spacer battle-history"><br></div><div class="battle-history">Battle started between Arizonagymleader and Pantera307!<br></div><div class="spacer battle-history"><br></div><div class="battle-history">Go! Nimbus (<strong>Hydreigon</strong>)!<br></div><div class="spacer battle-history"><br></div><div class="battle-history">Pantera307 sent out Dumbo (<strong>Donphan</strong>)!<br></div><div class="spacer battle-history"><br></div><h2 class="battle-history">Turn 1</h2><div class="spacer battle-history"><br></div><div class="battle-history">Nimbus used <strong>Draco Meteor</strong>!<br></div><div class="battle-history"><small>(The opposing Dumbo lost <abbr title="−339/384">88.3%</abbr> of its health!)</small><br></div><div class="battle-history"><small>Nimbus's Special Attack fell harshly!</small><br></div><div class="spacer battle-history"><br></div><div class="battle-history">The opposing Dumbo used <strong>Stealth Rock</strong>!<br></div><div class="battle-history"><small>Pointed stones float in the air around your team!</small><br></div><div class="spacer battle-history"><br></div><h2 class="battle-history">Turn 2</h2><div class="spacer battle-history"><br></div><div class="battle-history">Nimbus, come back!<br></div><div class="battle-history">Go! Melbourne (<strong>Gyarados</strong>)!<br></div><div class="battle-history"><small>Pointed stones dug into Melbourne!</small><br></div><div class="battle-history"><small>[Melbourne's Intimidate]</small><br></div><div class="battle-history"><small>The opposing Dumbo's Attack fell!</small><br></div><div class="spacer battle-history"><br></div><div class="battle-history">The opposing Dumbo used <strong>Ice Shard</strong>!<br></div><div class="battle-history"><small>(Melbourne lost <abbr title="−27/394">6.9%</abbr> of its health!)</small><br></div><div class="spacer battle-history"><br></div><div class="battle-history"><small>Melbourne restored a little HP using its Leftovers!</small><br></div><div class="spacer battle-history"><br></div><h2 class="battle-history">Turn 3</h2><div class="spacer battle-history"><br></div><div class="battle-history">Pantera307 withdrew Dumbo!<br></div><div class="battle-history">Pantera307 sent out Armazon (<strong>Chesnaught</strong>)!<br></div><div class="spacer battle-history"><br></div><div class="battle-history">Melbourne used <strong>Earthquake</strong>!<br></div><div class="battle-history"><small>It's not very effective...</small><br></div><div class="battle-history"><small>(The opposing Armazon lost <abbr title="−47/380">12.4%</abbr> of its health!)</small><br></div><div class="spacer battle-history"><br></div><div class="battle-history"><small>Melbourne restored a little HP using its Leftovers!</small><br></div><div class="spacer battle-history"><br></div><h2 class="battle-history">Turn 4</h2><div class="chat"><small>Waul joined.</small></div><div class="spacer battle-history"><br></div><div class="battle-history">Melbourne, come back!<br></div><div class="battle-history">Go! Super Bae (<strong>Gardevoir</strong>)!<br></div><div class="battle-history"><small>Pointed stones dug into Super Bae!</small><br></div><div class="spacer battle-history"><br></div><div class="battle-history">The opposing Armazon used <strong>Seed Bomb</strong>!<br></div><div class="battle-history"><small>(Super Bae lost <abbr title="−138/340">40.6%</abbr> of its health!)</small><br></div><div class="spacer battle-history"><br></div><div class="battle-history"><small>Super Bae restored a little HP using its Leftovers!</small><br></div><div class="spacer battle-history"><br></div><h2 class="battle-history">Turn 5</h2><div class="spacer battle-history"><br></div><div class="battle-history">The opposing Armazon used <strong>Spiky Shield</strong>!<br></div><div class="battle-history"><small>The opposing Armazon protected itself!</small><br></div><div class="spacer battle-history"><br></div><div class="battle-history">Super Bae used <strong>Moonblast</strong>!<br></div><div class="battle-history"><small>The opposing Armazon protected itself!</small><br></div><div class="spacer battle-history"><br></div><div class="battle-history"><small>Super Bae restored a little HP using its Leftovers!</small><br></div><div class="spacer battle-history"><br></div><h2 class="battle-history">Turn 6</h2><div class="spacer battle-history"><br></div><div class="battle-history">Pantera307 withdrew Armazon!<br></div><div class="battle-history">Pantera307 sent out Dumbo (<strong>Donphan</strong>)!<br></div><div class="spacer battle-history"><br></div><div class="battle-history">Super Bae used <strong>Reflect</strong>!<br></div><div class="battle-history"><small>Reflect made your team stronger against physical moves!</small><br></div><div class="spacer battle-history"><br></div><div class="battle-history"><small>Super Bae restored a little HP using its Leftovers!</small><br></div><div class="spacer battle-history"><br></div><h2 class="battle-history">Turn 7</h2><div class="spacer battle-history"><br></div><div class="battle-history">Super Bae used <strong>Moonblast</strong>!<br></div><div class="battle-history"><small>(The opposing Dumbo lost <abbr title="−45/384">11.7%</abbr> of its health!)</small><br></div><div class="spacer battle-history"><br></div><div class="battle-history">The opposing Dumbo fainted!<br></div><div class="spacer battle-history"><br></div><div class="battle-history"><small>Super Bae restored a little HP using its Leftovers!</small><br></div><div class="spacer battle-history"><br></div><div class="battle-history">Pantera307 sent out Dama de diamante (<strong>Gardevoir</strong>)!<br></div><div class="battle-history"><small>[The opposing Dama de diamante's Trace]</small><br><small>[The opposing Dama de diamante's Synchronize]</small><br><small>The opposing Dama de diamante traced Super Bae's Synchronize!</small><br></div><div class="spacer battle-history"><br></div><h2 class="battle-history">Turn 8</h2><div class="spacer battle-history"><br></div><div class="battle-history">The opposing Dama de diamante used <strong>Shadow Ball</strong>!<br></div><div class="battle-history"><small>It's super effective!</small><br></div><div class="battle-history"><small>(Super Bae lost <abbr title="−152/340">44.7%</abbr> of its health!)</small><br></div><div class="spacer battle-history"><br></div><div class="battle-history">Super Bae used <strong>Calm Mind</strong>!<br></div><div class="battle-history"><small>Super Bae's Special Attack rose!</small><br></div><div class="battle-history"><small>Super Bae's Special Defense rose!</small><br></div><div class="spacer battle-history"><br></div><div class="battle-history"><small>Super Bae restored a little HP using its Leftovers!</small><br></div><div class="spacer battle-history"><br></div><h2 class="battle-history">Turn 9</h2><div class="spacer battle-history"><br></div><div class="battle-history">The opposing Dama de diamante used <strong>Shadow Ball</strong>!<br></div><div class="battle-history"><small>It's super effective!</small><br></div><div class="battle-history"><small>(Super Bae lost <abbr title="−113/340">33.2%</abbr> of its health!)</small><br></div><div class="spacer battle-history"><br></div><div class="battle-history">Super Bae fainted!<br></div><div class="spacer battle-history"><br></div><div class="battle-history">Go! Belmont (<strong>Houndoom</strong>)!<br></div><div class="battle-history"><small>Pointed stones dug into Belmont!</small><br></div><div class="spacer battle-history"><br></div><h2 class="battle-history">Turn 10</h2><div class="spacer battle-history"><br></div><div class="battle-history">Pantera307 withdrew Dama de diamante!<br></div><div class="battle-history">Pantera307 sent out Luz de la luna (<strong>Umbreon</strong>)!<br></div><div class="spacer battle-history"><br></div><div class="battle-history"><small>Belmont's Houndoominite is reacting to Arizonagymleader's Mega Bracelet!</small><br>Belmont has Mega Evolved into Mega Houndoom!<br></div><div class="spacer battle-history"><br></div><div class="battle-history">Belmont used <strong>Nasty Plot</strong>!<br></div><div class="battle-history"><small>Belmont's Special Attack rose sharply!</small><br></div><div class="spacer battle-history"><br></div><div class="battle-history"><small>Your team's Reflect wore off!</small><br></div><div class="spacer battle-history"><br></div><h2 class="battle-history">Turn 11</h2><div class="spacer battle-history"><br></div><div class="battle-history">Belmont used <strong>Nasty Plot</strong>!<br></div><div class="battle-history"><small>Belmont's Special Attack rose sharply!</small><br></div><div class="spacer battle-history"><br></div><div class="battle-history">The opposing Luz de la luna used <strong>Toxic</strong>!<br></div><div class="battle-history"><small>Belmont was badly poisoned!</small><br></div><div class="spacer battle-history"><br></div><div class="battle-history"><small>Belmont was hurt by poison!</small><br></div><div class="spacer battle-history"><br></div><h2 class="battle-history">Turn 12</h2><div class="spacer battle-history"><br></div><div class="battle-history">Belmont used <strong>Sludge Bomb</strong>!<br></div><div class="battle-history"><small>(The opposing Luz de la luna lost <abbr title="−220/394">55.8%</abbr> of its health!)</small><br></div><div class="battle-history"><small>The opposing Luz de la luna was poisoned!</small><br></div><div class="battle-history"><small>[The opposing Luz de la luna's Synchronize]</small><br></div><div class="battle-history"><small>But it failed!</small><br></div><div class="spacer battle-history"><br></div><div class="battle-history">The opposing Luz de la luna used <strong>Wish</strong>!<br></div><div class="spacer battle-history"><br></div><div class="battle-history"><small>The opposing Luz de la luna restored a little HP using its Leftovers!</small><br></div><div class="battle-history"><small>Belmont was hurt by poison!</small><br></div><div class="battle-history"><small>The opposing Luz de la luna was hurt by poison!</small><br></div><div class="spacer battle-history"><br></div><h2 class="battle-history">Turn 13</h2><div class="spacer battle-history"><br></div><div class="battle-history">The opposing Luz de la luna used <strong>Protect</strong>!<br></div><div class="battle-history"><small>The opposing Luz de la luna protected itself!</small><br></div><div class="spacer battle-history"><br></div><div class="battle-history">Belmont used <strong>Nasty Plot</strong>!<br></div><div class="battle-history"><small>Belmont's Special Attack rose sharply!</small><br></div><div class="spacer battle-history"><br></div><div class="battle-history"><small>Luz de la luna's wish came true!</small><br></div><div class="battle-history"><small>The opposing Luz de la luna restored a little HP using its Leftovers!</small><br></div><div class="battle-history"><small>Belmont was hurt by poison!</small><br></div><div class="battle-history"><small>The opposing Luz de la luna was hurt by poison!</small><br></div><div class="spacer battle-history"><br></div><h2 class="battle-history">Turn 14</h2><div class="spacer battle-history"><br></div><div class="battle-history">Belmont used <strong>Sludge Bomb</strong>!<br></div><div class="battle-history"><small>A critical hit!</small><br></div><div class="battle-history"><small>(The opposing Luz de la luna lost <abbr title="−321/394">81.5%</abbr> of its health!)</small><br></div><div class="spacer battle-history"><br></div><div class="battle-history">The opposing Luz de la luna fainted!<br></div><div class="spacer battle-history"><br></div><div class="battle-history"><small>Belmont was hurt by poison!</small><br></div><div class="spacer battle-history"><br></div><div class="battle-history">Pantera307 sent out Dama de diamante (<strong>Gardevoir</strong>)!<br></div><div class="battle-history"><small>[The opposing Dama de diamante's Trace]</small><br><small>[The opposing Dama de diamante's Solar Power]</small><br><small>The opposing Dama de diamante traced Belmont's Solar Power!</small><br></div><div class="spacer battle-history"><br></div><h2 class="battle-history">Turn 15</h2><div class="spacer battle-history"><br></div><div class="battle-history">The opposing Dama de diamante used <strong>Moonblast</strong>!<br></div><div class="battle-history"><small>(Belmont lost <abbr title="−39/291">13.4%</abbr> of its health!)</small><br></div><div class="spacer battle-history"><br></div><div class="battle-history">Belmont fainted!<br></div><div class="spacer battle-history"><br></div><div class="battle-history">Go! Tusk (<strong>Mamoswine</strong>)!<br></div><div class="battle-history"><small>Pointed stones dug into Tusk!</small><br></div><div class="spacer battle-history"><br></div><h2 class="battle-history">Turn 16</h2><div class="spacer battle-history"><br></div><div class="battle-history">Pantera307 withdrew Dama de diamante!<br></div><div class="battle-history">Pantera307 sent out Armazon (<strong>Chesnaught</strong>)!<br></div><div class="spacer battle-history"><br></div><div class="battle-history">Tusk used <strong>Avalanche</strong>!<br></div><div class="battle-history"><small>It's super effective!</small><br></div><div class="battle-history"><small>(The opposing Armazon lost <abbr title="−192/380">50.5%</abbr> of its health!)</small><br></div><div class="battle-history"><small>The opposing Armazon ate its Sitrus Berry!</small><br></div><div class="battle-history"><small>The opposing Armazon restored HP using its Sitrus Berry!</small><br></div><div class="spacer battle-history"><br></div><div class="battle-history"><small>Tusk restored a little HP using its Leftovers!</small><br></div><div class="spacer battle-history"><br></div><h2 class="battle-history">Turn 17</h2><div class="spacer battle-history"><br></div><div class="battle-history">Tusk used <strong>Curse</strong>!<br></div><div class="battle-history"><small>Tusk's Speed fell!</small><br></div><div class="battle-history"><small>Tusk's Attack rose!</small><br></div><div class="battle-history"><small>Tusk's Defense rose!</small><br></div><div class="spacer battle-history"><br></div><div class="battle-history">The opposing Armazon used <strong>Drain Punch</strong>!<br></div><div class="battle-history"><small>It's super effective!</small><br></div><div class="battle-history"><small>(Tusk lost <abbr title="−188/379">49.6%</abbr> of its health!)</small><br></div><div class="battle-history"><small>Tusk had its energy drained!</small><br></div><div class="spacer battle-history"><br></div><div class="battle-history"><small>Tusk restored a little HP using its Leftovers!</small><br></div><div class="spacer battle-history"><br></div><h2 class="battle-history">Turn 18</h2><div class="chat chatmessage-waul"><strong style="color:hsl(188,55%,36.333333333333336%)"><small> </small><span class="username" data-name="Waul">Waul</span>:</strong> <em>curse</em></div><div class="chat chatmessage-waul"><strong style="color:hsl(188,55%,36.333333333333336%)"><small> </small><span class="username" data-name="Waul">Waul</span>:</strong> <em>omg</em></div><div class="chat chatmessage-waul"><strong style="color:hsl(188,55%,36.333333333333336%)"><small> </small><span class="username" data-name="Waul">Waul</span>:</strong> <em>..</em></div><div class="spacer battle-history"><br></div><div class="battle-history">Tusk used <strong>Ice Shard</strong>!<br></div><div class="battle-history"><small>It's super effective!</small><br></div><div class="battle-history"><small>(The opposing Armazon lost <abbr title="−174/380">45.8%</abbr> of its health!)</small><br></div><div class="spacer battle-history"><br></div><div class="battle-history">The opposing Armazon used <strong>Drain Punch</strong>!<br></div><div class="battle-history"><small>It's super effective!</small><br></div><div class="battle-history"><small>(Tusk lost <abbr title="−182/379">48.0%</abbr> of its health!)</small><br></div><div class="battle-history"><small>Tusk had its energy drained!</small><br></div><div class="spacer battle-history"><br></div><div class="battle-history"><small>Tusk restored a little HP using its Leftovers!</small><br></div><div class="spacer battle-history"><br></div><h2 class="battle-history">Turn 19</h2><div class="spacer battle-history"><br></div><div class="battle-history">Tusk used <strong>Ice Shard</strong>!<br></div><div class="battle-history"><small>It's super effective!</small><br></div><div class="battle-history"><small>(The opposing Armazon lost <abbr title="−182/380">47.9%</abbr> of its health!)</small><br></div><div class="spacer battle-history"><br></div><div class="battle-history">The opposing Armazon used <strong>Drain Punch</strong>!<br></div><div class="battle-history"><small>It's super effective!</small><br></div><div class="battle-history"><small>(Tusk lost <abbr title="−31/379">8.2%</abbr> of its health!)</small><br></div><div class="battle-history"><small>Tusk had its energy drained!</small><br></div><div class="spacer battle-history"><br></div><div class="battle-history">Tusk fainted!<br></div><div class="spacer battle-history"><br></div><div class="battle-history">Go! Nimbus (<strong>Hydreigon</strong>)!<br></div><div class="battle-history"><small>Pointed stones dug into Nimbus!</small><br></div><div class="spacer battle-history"><br></div><h2 class="battle-history">Turn 20</h2><div class="spacer battle-history"><br></div><div class="battle-history">The opposing Armazon used <strong>Spiky Shield</strong>!<br></div><div class="battle-history"><small>The opposing Armazon protected itself!</small><br></div><div class="spacer battle-history"><br></div><div class="battle-history">Nimbus used <strong>Dark Pulse</strong>!<br></div><div class="battle-history"><small>The opposing Armazon protected itself!</small><br></div><div class="spacer battle-history"><br></div><h2 class="battle-history">Turn 21</h2><div class="spacer battle-history"><br></div><div class="battle-history">Nimbus used <strong>Dark Pulse</strong>!<br></div><div class="battle-history"><small>It's not very effective...</small><br></div><div class="battle-history"><small>(The opposing Armazon lost <abbr title="−81/380">21.3%</abbr> of its health!)</small><br></div><div class="spacer battle-history"><br></div><div class="battle-history">The opposing Armazon fainted!<br></div><div class="spacer battle-history"><br></div><div class="battle-history">Pantera307 sent out Geko (<strong>Heliolisk</strong>)!<br></div><div class="spacer battle-history"><br></div><h2 class="battle-history">Turn 22</h2><div class="spacer battle-history"><br></div><div class="battle-history">Nimbus used <strong>Dark Pulse</strong>!<br></div><div class="battle-history"><small>(The opposing Geko lost <abbr title="−151/265">57.0%</abbr> of its health!)</small><br></div><div class="spacer battle-history"><br></div><div class="battle-history">The opposing Geko used <strong>Focus Blast</strong>!<br></div><div class="battle-history"><small>Nimbus avoided the attack!</small><br></div><div class="spacer battle-history"><br></div><h2 class="battle-history">Turn 23</h2><div class="spacer battle-history"><br></div><div class="battle-history">Nimbus used <strong>Dark Pulse</strong>!<br></div><div class="battle-history"><small>(The opposing Geko lost <abbr title="−114/265">43.0%</abbr> of its health!)</small><br></div><div class="spacer battle-history"><br></div><div class="battle-history">The opposing Geko fainted!<br></div><div class="spacer battle-history"><br></div><div class="battle-history">Pantera307 sent out Dama de diamante (<strong>Gardevoir</strong>)!<br></div><div class="battle-history"><small>[The opposing Dama de diamante's Trace]</small><br><small>[The opposing Dama de diamante's Levitate]</small><br><small>The opposing Dama de diamante traced Nimbus's Levitate!</small><br></div><div class="spacer battle-history"><br></div><h2 class="battle-history">Turn 24</h2><div class="spacer battle-history"><br></div><div class="battle-history">Nimbus used <strong>Dark Pulse</strong>!<br></div><div class="battle-history"><small>A critical hit!</small><br></div><div class="battle-history"><small>(The opposing Dama de diamante lost <abbr title="−190/277">68.6%</abbr> of its health!)</small><br></div><div class="spacer battle-history"><br></div><div class="battle-history">The opposing Dama de diamante used <strong>Moonblast</strong>!<br></div><div class="battle-history"><small>It's super effective!</small><br></div><div class="battle-history"><small>(Nimbus lost <abbr title="−285/325">87.7%</abbr> of its health!)</small><br></div><div class="spacer battle-history"><br></div><div class="battle-history">Nimbus fainted!<br></div><div class="spacer battle-history"><br></div><div class="battle-history">Go! Melbourne (<strong>Gyarados</strong>)!<br></div><div class="battle-history"><small>Pointed stones dug into Melbourne!</small><br></div><div class="battle-history"><small>[Melbourne's Intimidate]</small><br></div><div class="battle-history"><small>The opposing Dama de diamante's Attack fell!</small><br></div><div class="spacer battle-history"><br></div><h2 class="battle-history">Turn 25</h2><div class="spacer battle-history"><br></div><div class="battle-history">The opposing Dama de diamante used <strong>Moonblast</strong>!<br></div><div class="battle-history"><small>(Melbourne lost <abbr title="−162/394">41.1%</abbr> of its health!)</small><br></div><div class="battle-history"><small>Melbourne's Special Attack fell!</small><br></div><div class="spacer battle-history"><br></div><div class="battle-history">Melbourne used <strong>Waterfall</strong>!<br></div><div class="battle-history"><small>(The opposing Dama de diamante lost <abbr title="−87/277">31.4%</abbr> of its health!)</small><br></div><div class="spacer battle-history"><br></div><div class="battle-history">The opposing Dama de diamante fainted!<br></div><div class="spacer battle-history"><br></div><div class="battle-history"><small>Melbourne restored a little HP using its Leftovers!</small><br></div><div class="spacer battle-history"><br></div><div class="battle-history">Pantera307 sent out Pteranodactil (<strong>Aerodactyl</strong>)!<br></div><div class="battle-history"><small>[The opposing Pteranodactil's Pressure]</small><br><small>The opposing Pteranodactil is exerting its pressure!</small><br></div><div class="spacer battle-history"><br></div><h2 class="battle-history">Turn 26</h2><div class="spacer battle-history"><br></div><div class="battle-history"><small>The opposing Pteranodactil's Aerodactylite is reacting to Pantera307's Mega Bracelet!</small><br>The opposing Pteranodactil has Mega Evolved into Mega Aerodactyl!<br></div><div class="spacer battle-history"><br></div><div class="battle-history">The opposing Pteranodactil used <strong>Aerial Ace</strong>!<br></div><div class="battle-history"><small>(Melbourne lost <abbr title="−81/394">20.6%</abbr> of its health!)</small><br></div><div class="spacer battle-history"><br></div><div class="battle-history">Melbourne fainted!<br></div><div class="spacer battle-history"><br></div><div class="battle-history">Go! Justice (<strong>Lucario</strong>)!<br></div><div class="battle-history"><small>Pointed stones dug into Justice!</small><br></div><div class="spacer battle-history"><br></div><h2 class="battle-history">Turn 27</h2><div class="spacer battle-history"><br></div><div class="battle-history">Justice used <strong>Bullet Punch</strong>!<br></div><div class="battle-history"><small>It's super effective!</small><br></div><div class="battle-history"><small>A critical hit!</small><br></div><div class="battle-history"><small>(The opposing Pteranodactil lost <abbr title="−281/301">93.4%</abbr> of its health!)</small><br></div><div class="battle-history"><small>Justice lost some of its HP!</small><br></div><div class="spacer battle-history"><br></div><div class="battle-history">The opposing Pteranodactil used <strong>Earthquake</strong>!<br></div><div class="battle-history"><small>It's super effective!</small><br></div><div class="battle-history"><small>(Justice lost <abbr title="−246/282">87.2%</abbr> of its health!)</small><br></div><div class="spacer battle-history"><br></div><div class="battle-history">Justice fainted!<br></div><div class="spacer battle-history"><br></div><div class="battle-history"><strong>Pantera307</strong> won the battle!<br></div><div class="chat">Arizonagymleader's rating: 1219 → <strong>1198</strong><br>(-21 for losing)</div><div class="chat">Pantera307's rating: 1275 → <strong>1296</strong><br>(+21 for winning)</div><div class="chat chatmessage-pantera307"><strong style="color:hsl(85,70%,33%)"><small>☆</small><span class="username" data-name="Pantera307">Pantera307</span>:</strong> <em>gg</em></div><div class="chat chatmessage-waul"><strong style="color:hsl(188,55%,36.333333333333336%)"><small> </small><span class="username" data-name="Waul">Waul</span>:</strong> <em>well played</em></div><div class="chat chatmessage-waul"><strong style="color:hsl(188,55%,36.333333333333336%)"><small> </small><span class="username" data-name="Waul">Waul</span>:</strong> <em>very proud</em></div><div class="chat chatmessage-pantera307"><strong style="color:hsl(85,70%,33%)"><small>☆</small><span class="username" data-name="Pantera307">Pantera307</span>:</strong> <em>yes xD</em></div></div><div class="inner-preempt"></div></div></div>
</div>
<script>
let daily = Math.floor(Date.now()/1000/60/60/24);document.write('<script src="https://play.pokemonshowdown.com/js/replay-embed.js?version'+daily+'"></'+'script>');
</script>
