<!DOCTYPE html>
<meta charset="utf-8" />
<!-- version 1 -->
<title>UU replay: Hydra Dominatus vs. Chief_PacoGaming</title>
<style>
html,body {font-family:Verdana, sans-serif;font-size:10pt;margin:0;padding:0;}body{padding:12px 0;} .battle-log {font-family:Verdana, sans-serif;font-size:10pt;} .battle-log-inline {border:1px solid #AAAAAA;background:#EEF2F5;color:black;max-width:640px;margin:0 auto 80px;padding-bottom:5px;} .battle-log .inner {padding:4px 8px 0px 8px;} .battle-log .inner-preempt {padding:0 8px 4px 8px;} .battle-log .inner-after {margin-top:0.5em;} .battle-log h2 {margin:0.5em -8px;padding:4px 8px;border:1px solid #AAAAAA;background:#E0E7EA;border-left:0;border-right:0;font-family:Verdana, sans-serif;font-size:13pt;} .battle-log .chat {vertical-align:middle;padding:3px 0 3px 0;font-size:8pt;} .battle-log .chat strong {color:#40576A;} .battle-log .chat em {padding:1px 4px 1px 3px;color:#000000;font-style:normal;} .chat.mine {background:rgba(0,0,0,0.05);margin-left:-8px;margin-right:-8px;padding-left:8px;padding-right:8px;} .spoiler {color:#BBBBBB;background:#BBBBBB;padding:0px 3px;} .spoiler:hover, .spoiler:active, .spoiler-shown {color:#000000;background:#E2E2E2;padding:0px 3px;} .spoiler a {color:#BBBBBB;} .spoiler:hover a, .spoiler:active a, .spoiler-shown a {color:#2288CC;} .chat code, .chat .spoiler:hover code, .chat .spoiler:active code, .chat .spoiler-shown code {border:1px solid #C0C0C0;background:#EEEEEE;color:black;padding:0 2px;} .chat .spoiler code {border:1px solid #CCCCCC;background:#CCCCCC;color:#CCCCCC;} .battle-log .rated {padding:3px 4px;} .battle-log .rated strong {color:white;background:#89A;padding:1px 4px;border-radius:4px;} .spacer {margin-top:0.5em;} .message-announce {background:#6688AA;color:white;padding:1px 4px 2px;} .message-announce a, .broadcast-green a, .broadcast-blue a, .broadcast-red a {color:#DDEEFF;} .broadcast-green {background-color:#559955;color:white;padding:2px 4px;} .broadcast-blue {background-color:#6688AA;color:white;padding:2px 4px;} .infobox {border:1px solid #6688AA;padding:2px 4px;} .infobox-limited {max-height:200px;overflow:auto;overflow-x:hidden;} .broadcast-red {background-color:#AA5544;color:white;padding:2px 4px;} .message-learn-canlearn {font-weight:bold;color:#228822;text-decoration:underline;} .message-learn-cannotlearn {font-weight:bold;color:#CC2222;text-decoration:underline;} .message-effect-weak {font-weight:bold;color:#CC2222;} .message-effect-resist {font-weight:bold;color:#6688AA;} .message-effect-immune {font-weight:bold;color:#666666;} .message-learn-list {margin-top:0;margin-bottom:0;} .message-throttle-notice, .message-error {color:#992222;} .message-overflow, .chat small.message-overflow {font-size:0pt;} .message-overflow::before {font-size:9pt;content:'...';} .subtle {color:#3A4A66;}
</style>
<div class="wrapper replay-wrapper" style="max-width:1180px;margin:0 auto">
<input type="hidden" name="replayid" value="uu-562158680" />
<div class="battle"></div><div class="battle-log"></div><div class="replay-controls"></div><div class="replay-controls-2"></div>
<h1 style="font-weight:normal;text-align:center"><strong>UU</strong><br /><a href="http://pokemonshowdown.com/users/hydradominatus" class="subtle" target="_blank">Hydra Dominatus</a> vs. <a href="http://pokemonshowdown.com/users/chiefpacogaming" class="subtle" target="_blank">Chief_PacoGaming</a></h1>
<script type="text/plain" class="battle-log-data">|j|Hydra Dominatus
|J|Chief_PacoGaming
|player|p1|Hydra Dominatus|240
|player|p2|Chief_PacoGaming|2
|gametype|singles
|gen|6
|tier|UU
|seed|39835,21662,16926,54305
|rule|Sleep Clause Mod: Limit one foe put to sleep
|rule|Species Clause: Limit one of each Pokémon
|rule|OHKO Clause: OHKO moves are banned
|rule|Moody Clause: Moody is banned
|rule|Evasion Moves Clause: Evasion moves are banned
|rule|Endless Battle Clause: Forcing endless battles is banned
|rule|HP Percentage Mod: HP is shown in percentages
|clearpoke
|poke|p1|Banette, M, shiny|item
|poke|p1|Infernape, M, shiny|item
|poke|p1|Haxorus, M, shiny|item
|poke|p1|Chatot, M, shiny|item
|poke|p1|Yanmega, M, shiny|item
|poke|p1|Lucario, M|item
|poke|p2|Kyurem|item
|poke|p2|Reuniclus, F|item
|poke|p2|Tentacruel, M|item
|poke|p2|Bronzong|item
|poke|p2|Conkeldurr, F|item
|poke|p2|Swampert, M|item
|rule|Swagger Clause: Swagger is banned
|rule|Baton Pass Clause: Limit one Baton Passer, can't pass Spe and other stats simultaneously
|teampreview
|j|Stats Bot
|l|Stats Bot
|choice|team 2, team 1, team 3, team 4, team 5, team 6|team 4, team 2, team 3, team 1, team 5, team 6
|
|start
|switch|p1a: Infernape|Infernape, M, shiny|294\/294
|switch|p2a: Bronzong|Bronzong|338\/338
|turn|1
|choice|move swordsdance|move stealthrock
|
|move|p1a: Infernape|Swords Dance|p1a: Infernape
|-boost|p1a: Infernape|atk|2
|move|p2a: Bronzong|Stealth Rock|p1a: Infernape
|-sidestart|p1: Hydra Dominatus|move: Stealth Rock
|
|upkeep
|turn|2
|choice|move stealthrock|move earthquake
|
|move|p1a: Infernape|Stealth Rock|p2a: Bronzong
|-sidestart|p2: Chief_PacoGaming|move: Stealth Rock
|move|p2a: Bronzong|Earthquake|p1a: Infernape
|-supereffective|p1a: Infernape
|-damage|p1a: Infernape|106\/294
|
|upkeep
|turn|3
|choice|move firepunch|move earthquake
|
|move|p1a: Infernape|Fire Punch|p2a: Bronzong
|-supereffective|p2a: Bronzong
|-damage|p2a: Bronzong|0 fnt
|faint|p2a: Bronzong
|
|upkeep
|choice||switch 3
|
|switch|p2a: Tentacruel|Tentacruel, M|361\/361
|-damage|p2a: Tentacruel|316\/361|[from] Stealth Rock
|turn|4
|choice|move thunderpunch|move scald
|
|move|p1a: Infernape|Thunder Punch|p2a: Tentacruel
|-supereffective|p2a: Tentacruel
|-damage|p2a: Tentacruel|0 fnt
|faint|p2a: Tentacruel
|
|upkeep
|choice||switch 5
|
|switch|p2a: Conkeldurr|Conkeldurr, F|351\/351
|-damage|p2a: Conkeldurr|330\/351|[from] Stealth Rock
|turn|5
|choice|switch 2|move machpunch
|
|switch|p1a: Banette|Banette, M, shiny|332\/332
|-damage|p1a: Banette|291\/332|[from] Stealth Rock
|move|p2a: Conkeldurr|Mach Punch|p1a: Banette
|-immune|p1a: Banette|[msg]
|
|upkeep
|turn|6
|choice|move thunderwave mega|move knockoff
|
|detailschange|p1a: Banette|Banette-Mega, M, shiny
|-mega|p1a: Banette|Banette|Banettite
|move|p1a: Banette|Thunder Wave|p2a: Conkeldurr
|-status|p2a: Conkeldurr|par
|move|p2a: Conkeldurr|Knock Off|p1a: Banette
|-supereffective|p1a: Banette
|-damage|p1a: Banette|0 fnt
|faint|p1a: Banette
|
|upkeep
|choice|switch 5|
|
|switch|p1a: Yanmega|Yanmega, M, shiny|314\/314
|-damage|p1a: Yanmega|157\/314|[from] Stealth Rock
|turn|7
|choice|move airslash|switch 2
|
|switch|p2a: Reuniclus|Reuniclus, F|424\/424
|move|p1a: Yanmega|Air Slash|p2a: Reuniclus
|-damage|p2a: Reuniclus|237\/424
|-damage|p1a: Yanmega|126\/314|[from] item: Life Orb
|
|-heal|p2a: Reuniclus|263\/424|[from] item: Leftovers
|-ability|p1a: Yanmega|Speed Boost|boost
|-boost|p1a: Yanmega|spe|1
|upkeep
|turn|8
|choice|move bugbuzz|move recover
|
|move|p1a: Yanmega|Bug Buzz|p2a: Reuniclus
|-supereffective|p2a: Reuniclus
|-damage|p2a: Reuniclus|0 fnt
|-damage|p1a: Yanmega|95\/314|[from] item: Life Orb
|faint|p2a: Reuniclus
|
|-ability|p1a: Yanmega|Speed Boost|boost
|-boost|p1a: Yanmega|spe|1
|upkeep
|choice||switch 6
|
|switch|p2a: Swampert|Swampert, M|349\/349
|-damage|p2a: Swampert|328\/349|[from] Stealth Rock
|turn|9
|choice|move gigadrain|move waterfall mega
|
|detailschange|p2a: Swampert|Swampert-Mega, M
|-mega|p2a: Swampert|Swampert|Swampertite
|move|p1a: Yanmega|Giga Drain|p2a: Swampert
|-supereffective|p2a: Swampert
|-damage|p2a: Swampert|0 fnt
|-heal|p1a: Yanmega|259\/314|[from] drain|[of] p2a: Swampert
|-damage|p1a: Yanmega|228\/314|[from] item: Life Orb
|faint|p2a: Swampert
|
|-ability|p1a: Yanmega|Speed Boost|boost
|-boost|p1a: Yanmega|spe|1
|upkeep
|choice||switch 4
|
|switch|p2a: Kyurem|Kyurem|391\/391
|-damage|p2a: Kyurem|294\/391|[from] Stealth Rock
|-ability|p2a: Kyurem|Pressure
|turn|10
|choice|move hiddenpower|move dragonpulse
|
|move|p1a: Yanmega|Hidden Power|p2a: Kyurem
|-supereffective|p2a: Kyurem
|-damage|p2a: Kyurem|104\/391
|-damage|p1a: Yanmega|197\/314|[from] item: Life Orb
|move|p2a: Kyurem|Dragon Pulse|p1a: Yanmega
|-damage|p1a: Yanmega|0 fnt
|faint|p1a: Yanmega
|
|upkeep
|choice|switch 2|
|
|switch|p1a: Infernape|Infernape, M, shiny|106\/294
|-damage|p1a: Infernape|70\/294|[from] Stealth Rock
|turn|11
|choice|move firepunch|move dragonpulse
|
|move|p1a: Infernape|Fire Punch|p2a: Kyurem
|-damage|p2a: Kyurem|0 fnt
|faint|p2a: Kyurem
|
|upkeep
|choice||switch 2
|
|switch|p2a: Conkeldurr|Conkeldurr, F|330\/351 par
|-damage|p2a: Conkeldurr|309\/351 par|[from] Stealth Rock
|turn|12
|choice|move firepunch|move machpunch
|
|cant|p2a: Conkeldurr|par
|move|p1a: Infernape|Fire Punch|p2a: Conkeldurr
|-damage|p2a: Conkeldurr|177\/351 par
|
|upkeep
|turn|13
|choice|move firepunch|move machpunch
|
|cant|p2a: Conkeldurr|par
|move|p1a: Infernape|Fire Punch|p2a: Conkeldurr
|-damage|p2a: Conkeldurr|21\/351 par
|
|upkeep
|turn|14
|choice|move firepunch|move machpunch
|
|move|p2a: Conkeldurr|Mach Punch|p1a: Infernape
|-damage|p1a: Infernape|0 fnt
|faint|p1a: Infernape
|
|upkeep
|c|☆Hydra Dominatus|gg
|choice|switch 6|
|
|switch|p1a: Lucario|Lucario, M|282\/282
|-damage|p1a: Lucario|274\/282|[from] Stealth Rock
|turn|15
|choice|move extremespeed|move machpunch
|
|move|p1a: Lucario|Extreme Speed|p2a: Conkeldurr
|-damage|p2a: Conkeldurr|0 fnt
|faint|p2a: Conkeldurr
|
|win|Hydra Dominatus
|L|Chief_PacoGaming</script>
</div>
<div class="battle-log battle-log-inline"><div class="inner"><div class="battle-options"></div><div class="inner"><div class="chat"><small>Hydra Dominatus joined.</small></div><div class=""><small>Format:</small> <br><strong>UU</strong></div><div class=""><small><em>Sleep Clause Mod:</em> Limit one foe put to sleep</small></div><div class=""><small><em>Species Clause:</em> Limit one of each Pokémon</small></div><div class=""><small><em>OHKO Clause:</em> OHKO moves are banned</small></div><div class=""><small><em>Moody Clause:</em> Moody is banned</small></div><div class=""><small><em>Evasion Moves Clause:</em> Evasion moves are banned</small></div><div class=""><small><em>Endless Battle Clause:</em> Forcing endless battles is banned</small></div><div class=""><small><em>HP Percentage Mod:</em> HP is shown in percentages</small></div><div class=""><small><em>Swagger Clause:</em> Swagger is banned</small></div><div class=""><small><em>Baton Pass Clause:</em> Limit one Baton Passer, can't pass Spe and other stats simultaneously</small></div><div class="chat battle-history"><strong>Hydra Dominatus's team:</strong> <em style="color:#445566;display:block;">Banette / Infernape / Haxorus / Chatot / Yanmega / Lucario</em></div><div class="chat battle-history"><strong>Chief_PacoGaming's team:</strong> <em style="color:#445566;display:block;">Kyurem / Reuniclus / Tentacruel / Bronzong / Conkeldurr / Swampert</em></div><div class="chat"><small>Stats Bot joined.</small></div><div class="chat"><small>Stats Bot left.</small></div><div class="spacer battle-history"><br></div><div class="battle-history">Battle started between Hydra Dominatus and Chief_PacoGaming!<br></div><div class="spacer battle-history"><br></div><div class="battle-history">Go! <strong>Infernape</strong>!<br></div><div class="spacer battle-history"><br></div><div class="battle-history">Chief_PacoGaming sent out <strong>Bronzong</strong>!<br></div><div class="spacer battle-history"><br></div><h2 class="battle-history">Turn 1</h2><div class="spacer battle-history"><br></div><div class="battle-history">Infernape used <strong>Swords Dance</strong>!<br></div><div class="battle-history"><small>Infernape's Attack rose sharply!</small><br></div><div class="spacer battle-history"><br></div><div class="battle-history">The opposing Bronzong used <strong>Stealth Rock</strong>!<br></div><div class="battle-history"><small>Pointed stones float in the air around your team!</small><br></div><div class="spacer battle-history"><br></div><h2 class="battle-history">Turn 2</h2><div class="spacer battle-history"><br></div><div class="battle-history">Infernape used <strong>Stealth Rock</strong>!<br></div><div class="battle-history"><small>Pointed stones float in the air around the opposing team!</small><br></div><div class="spacer battle-history"><br></div><div class="battle-history">The opposing Bronzong used <strong>Earthquake</strong>!<br></div><div class="battle-history"><small>It's super effective!</small><br></div><div class="battle-history"><small>(Infernape lost <abbr title="−188/294">63.9%</abbr> of its health!)</small><br></div><div class="spacer battle-history"><br></div><h2 class="battle-history">Turn 3</h2><div class="spacer battle-history"><br></div><div class="battle-history">Infernape used <strong>Fire Punch</strong>!<br></div><div class="battle-history"><small>It's super effective!</small><br></div><div class="battle-history"><small>(The opposing Bronzong lost <abbr title="−338/338">100%</abbr> of its health!)</small><br></div><div class="spacer battle-history"><br></div><div class="battle-history">The opposing Bronzong fainted!<br></div><div class="spacer battle-history"><br></div><div class="battle-history">Chief_PacoGaming sent out <strong>Tentacruel</strong>!<br></div><div class="battle-history"><small>Pointed stones dug into the opposing Tentacruel!</small><br></div><div class="spacer battle-history"><br></div><h2 class="battle-history">Turn 4</h2><div class="spacer battle-history"><br></div><div class="battle-history">Infernape used <strong>Thunder Punch</strong>!<br></div><div class="battle-history"><small>It's super effective!</small><br></div><div class="battle-history"><small>(The opposing Tentacruel lost <abbr title="−316/361">87.5%</abbr> of its health!)</small><br></div><div class="spacer battle-history"><br></div><div class="battle-history">The opposing Tentacruel fainted!<br></div><div class="spacer battle-history"><br></div><div class="battle-history">Chief_PacoGaming sent out <strong>Conkeldurr</strong>!<br></div><div class="battle-history"><small>Pointed stones dug into the opposing Conkeldurr!</small><br></div><div class="spacer battle-history"><br></div><h2 class="battle-history">Turn 5</h2><div class="spacer battle-history"><br></div><div class="battle-history">Infernape, come back!<br></div><div class="battle-history">Go! <strong>Banette</strong>!<br></div><div class="battle-history"><small>Pointed stones dug into Banette!</small><br></div><div class="spacer battle-history"><br></div><div class="battle-history">The opposing Conkeldurr used <strong>Mach Punch</strong>!<br></div><div class="battle-history"><small>It doesn't affect Banette...</small><br></div><div class="spacer battle-history"><br></div><h2 class="battle-history">Turn 6</h2><div class="spacer battle-history"><br></div><div class="battle-history"><small>Banette's Banettite is reacting to Hydra Dominatus's Mega Bracelet!</small><br>Banette has Mega Evolved into Mega Banette!<br></div><div class="spacer battle-history"><br></div><div class="battle-history">Banette used <strong>Thunder Wave</strong>!<br></div><div class="battle-history"><small>The opposing Conkeldurr is paralyzed! It may be unable to move!</small><br></div><div class="spacer battle-history"><br></div><div class="battle-history">The opposing Conkeldurr used <strong>Knock Off</strong>!<br></div><div class="battle-history"><small>It's super effective!</small><br></div><div class="battle-history"><small>(Banette lost <abbr title="−291/332">87.7%</abbr> of its health!)</small><br></div><div class="spacer battle-history"><br></div><div class="battle-history">Banette fainted!<br></div><div class="spacer battle-history"><br></div><div class="battle-history">Go! <strong>Yanmega</strong>!<br></div><div class="battle-history"><small>Pointed stones dug into Yanmega!</small><br></div><div class="spacer battle-history"><br></div><h2 class="battle-history">Turn 7</h2><div class="spacer battle-history"><br></div><div class="battle-history">Chief_PacoGaming withdrew Conkeldurr!<br></div><div class="battle-history">Chief_PacoGaming sent out <strong>Reuniclus</strong>!<br></div><div class="spacer battle-history"><br></div><div class="battle-history">Yanmega used <strong>Air Slash</strong>!<br></div><div class="battle-history"><small>(The opposing Reuniclus lost <abbr title="−187/424">44.1%</abbr> of its health!)</small><br></div><div class="battle-history"><small>Yanmega lost some of its HP!</small><br></div><div class="spacer battle-history"><br></div><div class="battle-history"><small>The opposing Reuniclus restored a little HP using its Leftovers!</small><br></div><div class="battle-history"><small>[Yanmega's Speed Boost]</small><br></div><div class="battle-history"><small>Yanmega's Speed rose!</small><br></div><div class="spacer battle-history"><br></div><h2 class="battle-history">Turn 8</h2><div class="spacer battle-history"><br></div><div class="battle-history">Yanmega used <strong>Bug Buzz</strong>!<br></div><div class="battle-history"><small>It's super effective!</small><br></div><div class="battle-history"><small>(The opposing Reuniclus lost <abbr title="−263/424">62.0%</abbr> of its health!)</small><br></div><div class="battle-history"><small>Yanmega lost some of its HP!</small><br></div><div class="spacer battle-history"><br></div><div class="battle-history">The opposing Reuniclus fainted!<br></div><div class="spacer battle-history"><br></div><div class="battle-history"><small>[Yanmega's Speed Boost]</small><br></div><div class="battle-history"><small>Yanmega's Speed rose!</small><br></div><div class="spacer battle-history"><br></div><div class="battle-history">Chief_PacoGaming sent out <strong>Swampert</strong>!<br></div><div class="battle-history"><small>Pointed stones dug into the opposing Swampert!</small><br></div><div class="spacer battle-history"><br></div><h2 class="battle-history">Turn 9</h2><div class="spacer battle-history"><br></div><div class="battle-history"><small>The opposing Swampert's Swampertite is reacting to Chief_PacoGaming's Mega Bracelet!</small><br>The opposing Swampert has Mega Evolved into Mega Swampert!<br></div><div class="spacer battle-history"><br></div><div class="battle-history">Yanmega used <strong>Giga Drain</strong>!<br></div><div class="battle-history"><small>It's super effective!</small><br></div><div class="battle-history"><small>(The opposing Swampert lost <abbr title="−328/349">94.0%</abbr> of its health!)</small><br></div><div class="battle-history"><small>The opposing Swampert had its energy drained!</small><br></div><div class="battle-history"><small>Yanmega lost some of its HP!</small><br></div><div class="spacer battle-history"><br></div><div class="battle-history">The opposing Swampert fainted!<br></div><div class="spacer battle-history"><br></div><div class="battle-history"><small>[Yanmega's Speed Boost]</small><br></div><div class="battle-history"><small>Yanmega's Speed rose!</small><br></div><div class="spacer battle-history"><br></div><div class="battle-history">Chief_PacoGaming sent out <strong>Kyurem</strong>!<br></div><div class="battle-history"><small>Pointed stones dug into the opposing Kyurem!</small><br></div><div class="battle-history"><small>[The opposing Kyurem's Pressure]</small><br><small>The opposing Kyurem is exerting its pressure!</small><br></div><div class="spacer battle-history"><br></div><h2 class="battle-history">Turn 10</h2><div class="spacer battle-history"><br></div><div class="battle-history">Yanmega used <strong>Hidden Power</strong>!<br></div><div class="battle-history"><small>It's super effective!</small><br></div><div class="battle-history"><small>(The opposing Kyurem lost <abbr title="−190/391">48.6%</abbr> of its health!)</small><br></div><div class="battle-history"><small>Yanmega lost some of its HP!</small><br></div><div class="spacer battle-history"><br></div><div class="battle-history">The opposing Kyurem used <strong>Dragon Pulse</strong>!<br></div><div class="battle-history"><small>(Yanmega lost <abbr title="−197/314">62.7%</abbr> of its health!)</small><br></div><div class="spacer battle-history"><br></div><div class="battle-history">Yanmega fainted!<br></div><div class="spacer battle-history"><br></div><div class="battle-history">Go! <strong>Infernape</strong>!<br></div><div class="battle-history"><small>Pointed stones dug into Infernape!</small><br></div><div class="spacer battle-history"><br></div><h2 class="battle-history">Turn 11</h2><div class="spacer battle-history"><br></div><div class="battle-history">Infernape used <strong>Fire Punch</strong>!<br></div><div class="battle-history"><small>(The opposing Kyurem lost <abbr title="−104/391">26.6%</abbr> of its health!)</small><br></div><div class="spacer battle-history"><br></div><div class="battle-history">The opposing Kyurem fainted!<br></div><div class="spacer battle-history"><br></div><div class="battle-history">Chief_PacoGaming sent out <strong>Conkeldurr</strong>!<br></div><div class="battle-history"><small>Pointed stones dug into the opposing Conkeldurr!</small><br></div><div class="spacer battle-history"><br></div><h2 class="battle-history">Turn 12</h2><div class="spacer battle-history"><br></div><div class="battle-history">The opposing Conkeldurr is paralyzed! It can't move!<br></div><div class="spacer battle-history"><br></div><div class="battle-history">Infernape used <strong>Fire Punch</strong>!<br></div><div class="battle-history"><small>(The opposing Conkeldurr lost <abbr title="−132/351">37.6%</abbr> of its health!)</small><br></div><div class="spacer battle-history"><br></div><h2 class="battle-history">Turn 13</h2><div class="spacer battle-history"><br></div><div class="battle-history">The opposing Conkeldurr is paralyzed! It can't move!<br></div><div class="spacer battle-history"><br></div><div class="battle-history">Infernape used <strong>Fire Punch</strong>!<br></div><div class="battle-history"><small>(The opposing Conkeldurr lost <abbr title="−156/351">44.4%</abbr> of its health!)</small><br></div><div class="spacer battle-history"><br></div><h2 class="battle-history">Turn 14</h2><div class="spacer battle-history"><br></div><div class="battle-history">The opposing Conkeldurr used <strong>Mach Punch</strong>!<br></div><div class="battle-history"><small>(Infernape lost <abbr title="−70/294">23.8%</abbr> of its health!)</small><br></div><div class="spacer battle-history"><br></div><div class="battle-history">Infernape fainted!<br></div><div class="chat chatmessage-hydradominatus"><strong style="color:hsl(280,62%,49%)"><small>☆</small><span class="username" data-name="Hydra Dominatus">Hydra Dominatus</span>:</strong> <em>gg</em></div><div class="spacer battle-history"><br></div><div class="battle-history">Go! <strong>Lucario</strong>!<br></div><div class="battle-history"><small>Pointed stones dug into Lucario!</small><br></div><div class="spacer battle-history"><br></div><h2 class="battle-history">Turn 15</h2><div class="spacer battle-history"><br></div><div class="battle-history">Lucario used <strong>Extreme Speed</strong>!<br></div><div class="battle-history"><small>(The opposing Conkeldurr lost <abbr title="−21/351">6.0%</abbr> of its health!)</small><br></div><div class="spacer battle-history"><br></div><div class="battle-history">The opposing Conkeldurr fainted!<br></div><div class="spacer battle-history"><br></div><div class="battle-history"><strong>Hydra Dominatus</strong> won the battle!<br></div></div><div class="inner-preempt"></div></div></div>
</div>
<script>
let daily = Math.floor(Date.now()/1000/60/60/24);document.write('<script src="https://play.pokemonshowdown.com/js/replay-embed.js?version'+daily+'"></'+'script>');
</script>
