<!DOCTYPE html>
<meta charset="utf-8" />
<!-- version 1 -->
<title>UU replay: The frozen lopunny vs. seekyy</title>
<style>
html,body {font-family:Verdana, sans-serif;font-size:10pt;margin:0;padding:0;}body{padding:12px 0;} .battle-log {font-family:Verdana, sans-serif;font-size:10pt;} .battle-log-inline {border:1px solid #AAAAAA;background:#EEF2F5;color:black;max-width:640px;margin:0 auto 80px;padding-bottom:5px;} .battle-log .inner {padding:4px 8px 0px 8px;} .battle-log .inner-preempt {padding:0 8px 4px 8px;} .battle-log .inner-after {margin-top:0.5em;} .battle-log h2 {margin:0.5em -8px;padding:4px 8px;border:1px solid #AAAAAA;background:#E0E7EA;border-left:0;border-right:0;font-family:Verdana, sans-serif;font-size:13pt;} .battle-log .chat {vertical-align:middle;padding:3px 0 3px 0;font-size:8pt;} .battle-log .chat strong {color:#40576A;} .battle-log .chat em {padding:1px 4px 1px 3px;color:#000000;font-style:normal;} .chat.mine {background:rgba(0,0,0,0.05);margin-left:-8px;margin-right:-8px;padding-left:8px;padding-right:8px;} .spoiler {color:#BBBBBB;background:#BBBBBB;padding:0px 3px;} .spoiler:hover, .spoiler:active, .spoiler-shown {color:#000000;background:#E2E2E2;padding:0px 3px;} .spoiler a {color:#BBBBBB;} .spoiler:hover a, .spoiler:active a, .spoiler-shown a {color:#2288CC;} .chat code, .chat .spoiler:hover code, .chat .spoiler:active code, .chat .spoiler-shown code {border:1px solid #C0C0C0;background:#EEEEEE;color:black;padding:0 2px;} .chat .spoiler code {border:1px solid #CCCCCC;background:#CCCCCC;color:#CCCCCC;} .battle-log .rated {padding:3px 4px;} .battle-log .rated strong {color:white;background:#89A;padding:1px 4px;border-radius:4px;} .spacer {margin-top:0.5em;} .message-announce {background:#6688AA;color:white;padding:1px 4px 2px;} .message-announce a, .broadcast-green a, .broadcast-blue a, .broadcast-red a {color:#DDEEFF;} .broadcast-green {background-color:#559955;color:white;padding:2px 4px;} .broadcast-blue {background-color:#6688AA;color:white;padding:2px 4px;} .infobox {border:1px solid #6688AA;padding:2px 4px;} .infobox-limited {max-height:200px;overflow:auto;overflow-x:hidden;} .broadcast-red {background-color:#AA5544;color:white;padding:2px 4px;} .message-learn-canlearn {font-weight:bold;color:#228822;text-decoration:underline;} .message-learn-cannotlearn {font-weight:bold;color:#CC2222;text-decoration:underline;} .message-effect-weak {font-weight:bold;color:#CC2222;} .message-effect-resist {font-weight:bold;color:#6688AA;} .message-effect-immune {font-weight:bold;color:#666666;} .message-learn-list {margin-top:0;margin-bottom:0;} .message-throttle-notice, .message-error {color:#992222;} .message-overflow, .chat small.message-overflow {font-size:0pt;} .message-overflow::before {font-size:9pt;content:'...';} .subtle {color:#3A4A66;}
</style>
<div class="wrapper replay-wrapper" style="max-width:1180px;margin:0 auto">
<input type="hidden" name="replayid" value="uu-565707256" />
<div class="battle"></div><div class="battle-log"></div><div class="replay-controls"></div><div class="replay-controls-2"></div>
<h1 style="font-weight:normal;text-align:center"><strong>UU</strong><br /><a href="http://pokemonshowdown.com/users/thefrozenlopunny" class="subtle" target="_blank">The frozen lopunny</a> vs. <a href="http://pokemonshowdown.com/users/seekyy" class="subtle" target="_blank">seekyy</a></h1>
<script type="text/plain" class="battle-log-data">|j|The frozen lopunny
|j|seekyy
|player|p1|The frozen lopunny|279
|player|p2|seekyy|1
|gametype|singles
|gen|6
|tier|UU
|seed|52214,58702,20112,10872
|rule|Sleep Clause Mod: Limit one foe put to sleep
|rule|Species Clause: Limit one of each Pokémon
|rule|OHKO Clause: OHKO moves are banned
|rule|Moody Clause: Moody is banned
|rule|Evasion Moves Clause: Evasion moves are banned
|rule|Endless Battle Clause: Forcing endless battles is banned
|rule|HP Percentage Mod: HP is shown in percentages
|clearpoke
|poke|p1|Ampharos, F, shiny|item
|poke|p1|Suicune|item
|poke|p1|Toxicroak, F|item
|poke|p1|Umbreon, F|item
|poke|p1|Mienshao, M|item
|poke|p1|Forretress, M|item
|poke|p2|Cresselia, F|item
|poke|p2|Milotic, M|item
|poke|p2|Mienshao, F|item
|poke|p2|Tentacruel, F|item
|poke|p2|Arcanine, F|item
|poke|p2|Absol, F|item
|rule|Swagger Clause: Swagger is banned
|rule|Baton Pass Clause: Limit one Baton Passer, can't pass Spe and other stats simultaneously
|teampreview
|choice|team 1, team 2, team 3, team 4, team 5, team 6|team 3, team 2, team 1, team 4, team 5, team 6
|
|start
|switch|p1a: Adorable|Ampharos, F, shiny|384\/384
|switch|p2a: Mienshao|Mienshao, F|271\/271
|turn|1
|choice|move voltswitch|move fakeout
|
|move|p2a: Mienshao|Fake Out|p1a: Adorable
|-damage|p1a: Adorable|311\/384
|-damage|p2a: Mienshao|244\/271|[from] item: Life Orb
|cant|p1a: Adorable|flinch
|
|upkeep
|turn|2
|choice|move voltswitch|move poisonjab
|
|move|p2a: Mienshao|Poison Jab|p1a: Adorable
|-damage|p1a: Adorable|173\/384
|-status|p1a: Adorable|psn
|-damage|p2a: Mienshao|217\/271|[from] item: Life Orb
|move|p1a: Adorable|Volt Switch|p2a: Mienshao
|-damage|p2a: Mienshao|84\/271
|choice|switch 6|
|
|switch|p1a: Metal Wallnut|Forretress, M|354\/354
|
|upkeep
|turn|3
|choice|move voltswitch|move drainpunch
|
|move|p2a: Mienshao|Drain Punch|p1a: Metal Wallnut
|-damage|p1a: Metal Wallnut|253\/354
|-heal|p2a: Mienshao|135\/271|[from] drain|[of] p1a: Metal Wallnut
|-damage|p2a: Mienshao|108\/271|[from] item: Life Orb
|move|p1a: Metal Wallnut|Volt Switch|p2a: Mienshao
|-damage|p2a: Mienshao|53\/271
|choice|switch 6|
|
|switch|p1a: Adorable|Ampharos, F, shiny|173\/384 psn
|
|-damage|p1a: Adorable|125\/384 psn|[from] psn
|upkeep
|turn|4
|choice|switch 2|move uturn
|
|switch|p1a: Suicune|Suicune|404\/404
|-ability|p1a: Suicune|Pressure
|move|p2a: Mienshao|U-turn|p1a: Suicune
|-damage|p1a: Suicune|335\/404
|-damage|p2a: Mienshao|26\/271|[from] item: Life Orb
|choice||switch 3
|
|switch|p2a: Cresselia|Cresselia, F|381\/381
|
|-heal|p1a: Suicune|360\/404|[from] item: Leftovers
|upkeep
|turn|5
|choice|move calmmind|move calmmind
|
|move|p2a: Cresselia|Calm Mind|p2a: Cresselia
|-boost|p2a: Cresselia|spa|1
|-boost|p2a: Cresselia|spd|1
|move|p1a: Suicune|Calm Mind|p1a: Suicune
|-boost|p1a: Suicune|spa|1
|-boost|p1a: Suicune|spd|1
|
|-heal|p1a: Suicune|385\/404|[from] item: Leftovers
|upkeep
|turn|6
|choice|move calmmind|move calmmind
|
|move|p2a: Cresselia|Calm Mind|p2a: Cresselia
|-boost|p2a: Cresselia|spa|1
|-boost|p2a: Cresselia|spd|1
|move|p1a: Suicune|Calm Mind|p1a: Suicune
|-boost|p1a: Suicune|spa|1
|-boost|p1a: Suicune|spd|1
|
|-heal|p1a: Suicune|404\/404|[from] item: Leftovers
|upkeep
|turn|7
|choice|move calmmind|move calmmind
|
|move|p1a: Suicune|Calm Mind|p1a: Suicune
|-boost|p1a: Suicune|spa|1
|-boost|p1a: Suicune|spd|1
|move|p2a: Cresselia|Calm Mind|p2a: Cresselia
|-boost|p2a: Cresselia|spa|1
|-boost|p2a: Cresselia|spd|1
|
|upkeep
|turn|8
|choice|move calmmind|move energyball
|
|move|p1a: Suicune|Calm Mind|p1a: Suicune
|-boost|p1a: Suicune|spa|1
|-boost|p1a: Suicune|spd|1
|move|p2a: Cresselia|Energy Ball|p1a: Suicune
|-supereffective|p1a: Suicune
|-damage|p1a: Suicune|324\/404
|
|-heal|p1a: Suicune|349\/404|[from] item: Leftovers
|upkeep
|turn|9
|choice|move scald|move psyshock
|
|move|p1a: Suicune|Scald|p2a: Cresselia
|-damage|p2a: Cresselia|312\/381
|move|p2a: Cresselia|Psyshock|p1a: Suicune
|-damage|p1a: Suicune|219\/404
|
|-heal|p1a: Suicune|244\/404|[from] item: Leftovers
|-heal|p2a: Cresselia|335\/381|[from] item: Leftovers
|upkeep
|turn|10
|choice|move calmmind|move energyball
|
|move|p2a: Cresselia|Energy Ball|p1a: Suicune
|-supereffective|p1a: Suicune
|-damage|p1a: Suicune|158\/404
|move|p1a: Suicune|Calm Mind|p1a: Suicune
|-boost|p1a: Suicune|spa|1
|-boost|p1a: Suicune|spd|1
|
|-heal|p2a: Cresselia|358\/381|[from] item: Leftovers
|-heal|p1a: Suicune|183\/404|[from] item: Leftovers
|upkeep
|turn|11
|choice|move scald|move energyball
|
|move|p2a: Cresselia|Energy Ball|p1a: Suicune
|-supereffective|p1a: Suicune
|-damage|p1a: Suicune|105\/404
|move|p1a: Suicune|Scald|p2a: Cresselia
|-damage|p2a: Cresselia|282\/381
|-status|p2a: Cresselia|brn
|
|-heal|p1a: Suicune|130\/404|[from] item: Leftovers
|-heal|p2a: Cresselia|305\/381 brn|[from] item: Leftovers
|-damage|p2a: Cresselia|258\/381 brn|[from] brn
|upkeep
|turn|12
|choice|move rest|move energyball
|
|move|p1a: Suicune|Rest|p1a: Suicune
|-status|p1a: Suicune|slp
|-heal|p1a: Suicune|404\/404 slp|[silent]
|-status|p1a: Suicune|slp|[from] move: Rest
|move|p2a: Cresselia|Energy Ball|p1a: Suicune
|-supereffective|p1a: Suicune
|-damage|p1a: Suicune|338\/404 slp
|
|-heal|p1a: Suicune|363\/404 slp|[from] item: Leftovers
|-heal|p2a: Cresselia|281\/381 brn|[from] item: Leftovers
|-damage|p2a: Cresselia|234\/381 brn|[from] brn
|upkeep
|turn|13
|choice|move sleeptalk|move moonblast
|
|move|p2a: Cresselia|Moonblast|p1a: Suicune
|-damage|p1a: Suicune|327\/404 slp
|cant|p1a: Suicune|slp
|move|p1a: Suicune|Sleep Talk|p1a: Suicune
|move|p1a: Suicune|Calm Mind|p1a: Suicune|[from]Sleep Talk
|-boost|p1a: Suicune|spa|1
|-boost|p1a: Suicune|spd|1
|
|-heal|p1a: Suicune|352\/404 slp|[from] item: Leftovers
|-heal|p2a: Cresselia|257\/381 brn|[from] item: Leftovers
|-damage|p2a: Cresselia|210\/381 brn|[from] brn
|upkeep
|turn|14
|choice|move sleeptalk|move calmmind
|
|cant|p1a: Suicune|slp
|move|p1a: Suicune|Sleep Talk|p1a: Suicune
|move|p1a: Suicune|Scald|p2a: Cresselia|[from]Sleep Talk
|-damage|p2a: Cresselia|116\/381 brn
|move|p2a: Cresselia|Calm Mind|p2a: Cresselia
|-boost|p2a: Cresselia|spa|1
|-boost|p2a: Cresselia|spd|1
|
|-heal|p1a: Suicune|377\/404 slp|[from] item: Leftovers
|-heal|p2a: Cresselia|139\/381 brn|[from] item: Leftovers
|-damage|p2a: Cresselia|92\/381 brn|[from] brn
|upkeep
|turn|15
|choice|move scald|move energyball
|
|move|p2a: Cresselia|Energy Ball|p1a: Suicune
|-supereffective|p1a: Suicune
|-damage|p1a: Suicune|297\/404 slp
|-curestatus|p1a: Suicune|slp|[msg]
|move|p1a: Suicune|Scald|p2a: Cresselia
|-damage|p2a: Cresselia|11\/381 brn
|
|-heal|p1a: Suicune|322\/404|[from] item: Leftovers
|-heal|p2a: Cresselia|34\/381 brn|[from] item: Leftovers
|-damage|p2a: Cresselia|0 fnt|[from] brn
|upkeep
|faint|p2a: Cresselia
|choice||switch 6
|
|switch|p2a: Absol|Absol, F|271\/271
|-ability|p2a: Absol|Pressure
|turn|16
|choice|move scald|move megahorn mega
|
|detailschange|p2a: Absol|Absol-Mega, F
|-mega|p2a: Absol|Absol|Absolite
|move|p2a: Absol|Megahorn|p1a: Suicune
|-damage|p1a: Suicune|222\/404
|move|p1a: Suicune|Scald|p2a: Absol
|-crit|p2a: Absol
|-damage|p2a: Absol|0 fnt
|faint|p2a: Absol
|
|-heal|p1a: Suicune|247\/404|[from] item: Leftovers
|upkeep
|choice||switch 3
|
|switch|p2a: Mienshao|Mienshao, F|116\/271
|turn|17
|choice|move scald|move fakeout
|
|move|p2a: Mienshao|Fake Out|p1a: Suicune
|-damage|p1a: Suicune|204\/404
|-damage|p2a: Mienshao|89\/271|[from] item: Life Orb
|cant|p1a: Suicune|flinch
|
|-heal|p1a: Suicune|229\/404|[from] item: Leftovers
|upkeep
|turn|18
|choice|move rest|move uturn
|
|move|p2a: Mienshao|U-turn|p1a: Suicune
|-damage|p1a: Suicune|163\/404
|-damage|p2a: Mienshao|62\/271|[from] item: Life Orb
|choice||switch 4
|
|switch|p2a: Tentacruel|Tentacruel, F|301\/301
|move|p1a: Suicune|Rest|p1a: Suicune
|-status|p1a: Suicune|slp
|-heal|p1a: Suicune|404\/404 slp|[silent]
|-status|p1a: Suicune|slp|[from] move: Rest
|
|upkeep
|turn|19
|choice|move sleeptalk|move gigadrain
|
|move|p2a: Tentacruel|Giga Drain|p1a: Suicune
|-supereffective|p1a: Suicune
|-damage|p1a: Suicune|370\/404 slp
|cant|p1a: Suicune|slp
|move|p1a: Suicune|Sleep Talk|p1a: Suicune
|move|p1a: Suicune|Scald|p2a: Tentacruel|[from]Sleep Talk
|-resisted|p2a: Tentacruel
|-damage|p2a: Tentacruel|177\/301
|
|-heal|p2a: Tentacruel|195\/301|[from] item: Black Sludge
|-heal|p1a: Suicune|395\/404 slp|[from] item: Leftovers
|upkeep
|turn|20
|-message|seekyy forfeited.
|
|win|The frozen lopunny
|l|seekyy</script>
</div>
<div class="battle-log battle-log-inline"><div class="inner"><div class="battle-options"></div><div class="inner"><div class="chat"><small>The frozen lopunny joined.</small></div><div class="chat"><small>seekyy joined.</small></div><div class=""><small>Format:</small> <br><strong>UU</strong></div><div class=""><small><em>Sleep Clause Mod:</em> Limit one foe put to sleep</small></div><div class=""><small><em>Species Clause:</em> Limit one of each Pokémon</small></div><div class=""><small><em>OHKO Clause:</em> OHKO moves are banned</small></div><div class=""><small><em>Moody Clause:</em> Moody is banned</small></div><div class=""><small><em>Evasion Moves Clause:</em> Evasion moves are banned</small></div><div class=""><small><em>Endless Battle Clause:</em> Forcing endless battles is banned</small></div><div class=""><small><em>HP Percentage Mod:</em> HP is shown in percentages</small></div><div class=""><small><em>Swagger Clause:</em> Swagger is banned</small></div><div class=""><small><em>Baton Pass Clause:</em> Limit one Baton Passer, can't pass Spe and other stats simultaneously</small></div><div class="chat battle-history"><strong>The frozen lopunny's team:</strong> <em style="color:#445566;display:block;">Ampharos / Suicune / Toxicroak / Umbreon / Mienshao / Forretress</em></div><div class="chat battle-history"><strong>seekyy's team:</strong> <em style="color:#445566;display:block;">Cresselia / Milotic / Mienshao / Tentacruel / Arcanine / Absol</em></div><div class="spacer battle-history"><br></div><div class="battle-history">Battle started between The frozen lopunny and seekyy!<br></div><div class="spacer battle-history"><br></div><div class="battle-history">Go! Adorable (<strong>Ampharos</strong>)!<br></div><div class="spacer battle-history"><br></div><div class="battle-history">seekyy sent out <strong>Mienshao</strong>!<br></div><div class="spacer battle-history"><br></div><h2 class="battle-history">Turn 1</h2><div class="spacer battle-history"><br></div><div class="battle-history">The opposing Mienshao used <strong>Fake Out</strong>!<br></div><div class="battle-history"><small>(Adorable lost <abbr title="−73/384">19.0%</abbr> of its health!)</small><br></div><div class="battle-history"><small>The opposing Mienshao lost some of its HP!</small><br></div><div class="spacer battle-history"><br></div><div class="battle-history">Adorable flinched and couldn't move!<br></div><div class="spacer battle-history"><br></div><h2 class="battle-history">Turn 2</h2><div class="spacer battle-history"><br></div><div class="battle-history">The opposing Mienshao used <strong>Poison Jab</strong>!<br></div><div class="battle-history"><small>(Adorable lost <abbr title="−138/384">35.9%</abbr> of its health!)</small><br></div><div class="battle-history"><small>Adorable was poisoned!</small><br></div><div class="battle-history"><small>The opposing Mienshao lost some of its HP!</small><br></div><div class="spacer battle-history"><br></div><div class="battle-history">Adorable used <strong>Volt Switch</strong>!<br></div><div class="battle-history"><small>(The opposing Mienshao lost <abbr title="−133/271">49.1%</abbr> of its health!)</small><br></div><div class="spacer battle-history"><br></div><div class="battle-history">Adorable went back to The frozen lopunny!<br></div><div class="battle-history">Go! Metal Wallnut (<strong>Forretress</strong>)!<br></div><div class="spacer battle-history"><br></div><h2 class="battle-history">Turn 3</h2><div class="spacer battle-history"><br></div><div class="battle-history">The opposing Mienshao used <strong>Drain Punch</strong>!<br></div><div class="battle-history"><small>(Metal Wallnut lost <abbr title="−101/354">28.5%</abbr> of its health!)</small><br></div><div class="battle-history"><small>Metal Wallnut had its energy drained!</small><br></div><div class="battle-history"><small>The opposing Mienshao lost some of its HP!</small><br></div><div class="spacer battle-history"><br></div><div class="battle-history">Metal Wallnut used <strong>Volt Switch</strong>!<br></div><div class="battle-history"><small>(The opposing Mienshao lost <abbr title="−55/271">20.3%</abbr> of its health!)</small><br></div><div class="spacer battle-history"><br></div><div class="battle-history">Metal Wallnut went back to The frozen lopunny!<br></div><div class="battle-history">Go! Adorable (<strong>Ampharos</strong>)!<br></div><div class="spacer battle-history"><br></div><div class="battle-history"><small>Adorable was hurt by poison!</small><br></div><div class="spacer battle-history"><br></div><h2 class="battle-history">Turn 4</h2><div class="spacer battle-history"><br></div><div class="battle-history">Adorable, come back!<br></div><div class="battle-history">Go! <strong>Suicune</strong>!<br></div><div class="battle-history"><small>[Suicune's Pressure]</small><br><small>Suicune is exerting its pressure!</small><br></div><div class="spacer battle-history"><br></div><div class="battle-history">The opposing Mienshao used <strong>U-turn</strong>!<br></div><div class="battle-history"><small>(Suicune lost <abbr title="−69/404">17.1%</abbr> of its health!)</small><br></div><div class="battle-history"><small>The opposing Mienshao lost some of its HP!</small><br></div><div class="spacer battle-history"><br></div><div class="battle-history">The opposing Mienshao went back to seekyy!<br></div><div class="battle-history">seekyy sent out <strong>Cresselia</strong>!<br></div><div class="spacer battle-history"><br></div><div class="battle-history"><small>Suicune restored a little HP using its Leftovers!</small><br></div><div class="spacer battle-history"><br></div><h2 class="battle-history">Turn 5</h2><div class="spacer battle-history"><br></div><div class="battle-history">The opposing Cresselia used <strong>Calm Mind</strong>!<br></div><div class="battle-history"><small>The opposing Cresselia's Special Attack rose!</small><br></div><div class="battle-history"><small>The opposing Cresselia's Special Defense rose!</small><br></div><div class="spacer battle-history"><br></div><div class="battle-history">Suicune used <strong>Calm Mind</strong>!<br></div><div class="battle-history"><small>Suicune's Special Attack rose!</small><br></div><div class="battle-history"><small>Suicune's Special Defense rose!</small><br></div><div class="spacer battle-history"><br></div><div class="battle-history"><small>Suicune restored a little HP using its Leftovers!</small><br></div><div class="spacer battle-history"><br></div><h2 class="battle-history">Turn 6</h2><div class="spacer battle-history"><br></div><div class="battle-history">The opposing Cresselia used <strong>Calm Mind</strong>!<br></div><div class="battle-history"><small>The opposing Cresselia's Special Attack rose!</small><br></div><div class="battle-history"><small>The opposing Cresselia's Special Defense rose!</small><br></div><div class="spacer battle-history"><br></div><div class="battle-history">Suicune used <strong>Calm Mind</strong>!<br></div><div class="battle-history"><small>Suicune's Special Attack rose!</small><br></div><div class="battle-history"><small>Suicune's Special Defense rose!</small><br></div><div class="spacer battle-history"><br></div><div class="battle-history"><small>Suicune restored a little HP using its Leftovers!</small><br></div><div class="spacer battle-history"><br></div><h2 class="battle-history">Turn 7</h2><div class="spacer battle-history"><br></div><div class="battle-history">Suicune used <strong>Calm Mind</strong>!<br></div><div class="battle-history"><small>Suicune's Special Attack rose!</small><br></div><div class="battle-history"><small>Suicune's Special Defense rose!</small><br></div><div class="spacer battle-history"><br></div><div class="battle-history">The opposing Cresselia used <strong>Calm Mind</strong>!<br></div><div class="battle-history"><small>The opposing Cresselia's Special Attack rose!</small><br></div><div class="battle-history"><small>The opposing Cresselia's Special Defense rose!</small><br></div><div class="spacer battle-history"><br></div><h2 class="battle-history">Turn 8</h2><div class="spacer battle-history"><br></div><div class="battle-history">Suicune used <strong>Calm Mind</strong>!<br></div><div class="battle-history"><small>Suicune's Special Attack rose!</small><br></div><div class="battle-history"><small>Suicune's Special Defense rose!</small><br></div><div class="spacer battle-history"><br></div><div class="battle-history">The opposing Cresselia used <strong>Energy Ball</strong>!<br></div><div class="battle-history"><small>It's super effective!</small><br></div><div class="battle-history"><small>(Suicune lost <abbr title="−80/404">19.8%</abbr> of its health!)</small><br></div><div class="spacer battle-history"><br></div><div class="battle-history"><small>Suicune restored a little HP using its Leftovers!</small><br></div><div class="spacer battle-history"><br></div><h2 class="battle-history">Turn 9</h2><div class="spacer battle-history"><br></div><div class="battle-history">Suicune used <strong>Scald</strong>!<br></div><div class="battle-history"><small>(The opposing Cresselia lost <abbr title="−69/381">18.1%</abbr> of its health!)</small><br></div><div class="spacer battle-history"><br></div><div class="battle-history">The opposing Cresselia used <strong>Psyshock</strong>!<br></div><div class="battle-history"><small>(Suicune lost <abbr title="−130/404">32.2%</abbr> of its health!)</small><br></div><div class="spacer battle-history"><br></div><div class="battle-history"><small>Suicune restored a little HP using its Leftovers!</small><br></div><div class="battle-history"><small>The opposing Cresselia restored a little HP using its Leftovers!</small><br></div><div class="spacer battle-history"><br></div><h2 class="battle-history">Turn 10</h2><div class="spacer battle-history"><br></div><div class="battle-history">The opposing Cresselia used <strong>Energy Ball</strong>!<br></div><div class="battle-history"><small>It's super effective!</small><br></div><div class="battle-history"><small>(Suicune lost <abbr title="−86/404">21.3%</abbr> of its health!)</small><br></div><div class="spacer battle-history"><br></div><div class="battle-history">Suicune used <strong>Calm Mind</strong>!<br></div><div class="battle-history"><small>Suicune's Special Attack rose!</small><br></div><div class="battle-history"><small>Suicune's Special Defense rose!</small><br></div><div class="spacer battle-history"><br></div><div class="battle-history"><small>The opposing Cresselia restored a little HP using its Leftovers!</small><br></div><div class="battle-history"><small>Suicune restored a little HP using its Leftovers!</small><br></div><div class="spacer battle-history"><br></div><h2 class="battle-history">Turn 11</h2><div class="spacer battle-history"><br></div><div class="battle-history">The opposing Cresselia used <strong>Energy Ball</strong>!<br></div><div class="battle-history"><small>It's super effective!</small><br></div><div class="battle-history"><small>(Suicune lost <abbr title="−78/404">19.3%</abbr> of its health!)</small><br></div><div class="spacer battle-history"><br></div><div class="battle-history">Suicune used <strong>Scald</strong>!<br></div><div class="battle-history"><small>(The opposing Cresselia lost <abbr title="−76/381">19.9%</abbr> of its health!)</small><br></div><div class="battle-history"><small>The opposing Cresselia was burned!</small><br></div><div class="spacer battle-history"><br></div><div class="battle-history"><small>Suicune restored a little HP using its Leftovers!</small><br></div><div class="battle-history"><small>The opposing Cresselia restored a little HP using its Leftovers!</small><br></div><div class="battle-history"><small>The opposing Cresselia was hurt by its burn!</small><br></div><div class="spacer battle-history"><br></div><h2 class="battle-history">Turn 12</h2><div class="spacer battle-history"><br></div><div class="battle-history">Suicune used <strong>Rest</strong>!<br></div><div class="battle-history"><small>Suicune fell asleep!</small><br></div><div class="battle-history"><small>Suicune slept and became healthy!</small><br></div><div class="spacer battle-history"><br></div><div class="battle-history">The opposing Cresselia used <strong>Energy Ball</strong>!<br></div><div class="battle-history"><small>It's super effective!</small><br></div><div class="battle-history"><small>(Suicune lost <abbr title="−66/404">16.3%</abbr> of its health!)</small><br></div><div class="spacer battle-history"><br></div><div class="battle-history"><small>Suicune restored a little HP using its Leftovers!</small><br></div><div class="battle-history"><small>The opposing Cresselia restored a little HP using its Leftovers!</small><br></div><div class="battle-history"><small>The opposing Cresselia was hurt by its burn!</small><br></div><div class="spacer battle-history"><br></div><h2 class="battle-history">Turn 13</h2><div class="spacer battle-history"><br></div><div class="battle-history">The opposing Cresselia used <strong>Moonblast</strong>!<br></div><div class="battle-history"><small>(Suicune lost <abbr title="−36/404">8.9%</abbr> of its health!)</small><br></div><div class="spacer battle-history"><br></div><div class="battle-history">Suicune is fast asleep.<br></div><div class="spacer battle-history"><br></div><div class="battle-history">Suicune used <strong>Sleep Talk</strong>!<br></div><div class="spacer battle-history"><br></div><div class="battle-history">Suicune used <strong>Calm Mind</strong>!<br></div><div class="battle-history"><small>Suicune's Special Attack rose!</small><br></div><div class="battle-history"><small>Suicune's Special Defense rose!</small><br></div><div class="spacer battle-history"><br></div><div class="battle-history"><small>Suicune restored a little HP using its Leftovers!</small><br></div><div class="battle-history"><small>The opposing Cresselia restored a little HP using its Leftovers!</small><br></div><div class="battle-history"><small>The opposing Cresselia was hurt by its burn!</small><br></div><div class="spacer battle-history"><br></div><h2 class="battle-history">Turn 14</h2><div class="spacer battle-history"><br></div><div class="battle-history">Suicune is fast asleep.<br></div><div class="spacer battle-history"><br></div><div class="battle-history">Suicune used <strong>Sleep Talk</strong>!<br></div><div class="spacer battle-history"><br></div><div class="battle-history">Suicune used <strong>Scald</strong>!<br></div><div class="battle-history"><small>(The opposing Cresselia lost <abbr title="−94/381">24.7%</abbr> of its health!)</small><br></div><div class="spacer battle-history"><br></div><div class="battle-history">The opposing Cresselia used <strong>Calm Mind</strong>!<br></div><div class="battle-history"><small>The opposing Cresselia's Special Attack rose!</small><br></div><div class="battle-history"><small>The opposing Cresselia's Special Defense rose!</small><br></div><div class="spacer battle-history"><br></div><div class="battle-history"><small>Suicune restored a little HP using its Leftovers!</small><br></div><div class="battle-history"><small>The opposing Cresselia restored a little HP using its Leftovers!</small><br></div><div class="battle-history"><small>The opposing Cresselia was hurt by its burn!</small><br></div><div class="spacer battle-history"><br></div><h2 class="battle-history">Turn 15</h2><div class="spacer battle-history"><br></div><div class="battle-history">The opposing Cresselia used <strong>Energy Ball</strong>!<br></div><div class="battle-history"><small>It's super effective!</small><br></div><div class="battle-history"><small>(Suicune lost <abbr title="−80/404">19.8%</abbr> of its health!)</small><br></div><div class="battle-history"><small>Suicune woke up!</small><br></div><div class="spacer battle-history"><br></div><div class="battle-history">Suicune used <strong>Scald</strong>!<br></div><div class="battle-history"><small>(The opposing Cresselia lost <abbr title="−81/381">21.3%</abbr> of its health!)</small><br></div><div class="spacer battle-history"><br></div><div class="battle-history"><small>Suicune restored a little HP using its Leftovers!</small><br></div><div class="battle-history"><small>The opposing Cresselia restored a little HP using its Leftovers!</small><br></div><div class="battle-history"><small>The opposing Cresselia was hurt by its burn!</small><br></div><div class="spacer battle-history"><br></div><div class="battle-history">The opposing Cresselia fainted!<br></div><div class="spacer battle-history"><br></div><div class="battle-history">seekyy sent out <strong>Absol</strong>!<br></div><div class="battle-history"><small>[The opposing Absol's Pressure]</small><br><small>The opposing Absol is exerting its pressure!</small><br></div><div class="spacer battle-history"><br></div><h2 class="battle-history">Turn 16</h2><div class="spacer battle-history"><br></div><div class="battle-history"><small>The opposing Absol's Absolite is reacting to seekyy's Mega Bracelet!</small><br>The opposing Absol has Mega Evolved into Mega Absol!<br></div><div class="spacer battle-history"><br></div><div class="battle-history">The opposing Absol used <strong>Megahorn</strong>!<br></div><div class="battle-history"><small>(Suicune lost <abbr title="−100/404">24.8%</abbr> of its health!)</small><br></div><div class="spacer battle-history"><br></div><div class="battle-history">Suicune used <strong>Scald</strong>!<br></div><div class="battle-history"><small>A critical hit!</small><br></div><div class="battle-history"><small>(The opposing Absol lost <abbr title="−271/271">100%</abbr> of its health!)</small><br></div><div class="spacer battle-history"><br></div><div class="battle-history">The opposing Absol fainted!<br></div><div class="spacer battle-history"><br></div><div class="battle-history"><small>Suicune restored a little HP using its Leftovers!</small><br></div><div class="spacer battle-history"><br></div><div class="battle-history">seekyy sent out <strong>Mienshao</strong>!<br></div><div class="spacer battle-history"><br></div><h2 class="battle-history">Turn 17</h2><div class="spacer battle-history"><br></div><div class="battle-history">The opposing Mienshao used <strong>Fake Out</strong>!<br></div><div class="battle-history"><small>(Suicune lost <abbr title="−43/404">10.6%</abbr> of its health!)</small><br></div><div class="battle-history"><small>The opposing Mienshao lost some of its HP!</small><br></div><div class="spacer battle-history"><br></div><div class="battle-history">Suicune flinched and couldn't move!<br></div><div class="spacer battle-history"><br></div><div class="battle-history"><small>Suicune restored a little HP using its Leftovers!</small><br></div><div class="spacer battle-history"><br></div><h2 class="battle-history">Turn 18</h2><div class="spacer battle-history"><br></div><div class="battle-history">The opposing Mienshao used <strong>U-turn</strong>!<br></div><div class="battle-history"><small>(Suicune lost <abbr title="−66/404">16.3%</abbr> of its health!)</small><br></div><div class="battle-history"><small>The opposing Mienshao lost some of its HP!</small><br></div><div class="spacer battle-history"><br></div><div class="battle-history">The opposing Mienshao went back to seekyy!<br></div><div class="battle-history">seekyy sent out <strong>Tentacruel</strong>!<br></div><div class="spacer battle-history"><br></div><div class="battle-history">Suicune used <strong>Rest</strong>!<br></div><div class="battle-history"><small>Suicune fell asleep!</small><br></div><div class="battle-history"><small>Suicune slept and became healthy!</small><br></div><div class="spacer battle-history"><br></div><h2 class="battle-history">Turn 19</h2><div class="spacer battle-history"><br></div><div class="battle-history">The opposing Tentacruel used <strong>Giga Drain</strong>!<br></div><div class="battle-history"><small>It's super effective!</small><br></div><div class="battle-history"><small>(Suicune lost <abbr title="−34/404">8.4%</abbr> of its health!)</small><br></div><div class="spacer battle-history"><br></div><div class="battle-history">Suicune is fast asleep.<br></div><div class="spacer battle-history"><br></div><div class="battle-history">Suicune used <strong>Sleep Talk</strong>!<br></div><div class="spacer battle-history"><br></div><div class="battle-history">Suicune used <strong>Scald</strong>!<br></div><div class="battle-history"><small>It's not very effective...</small><br></div><div class="battle-history"><small>(The opposing Tentacruel lost <abbr title="−124/301">41.2%</abbr> of its health!)</small><br></div><div class="spacer battle-history"><br></div><div class="battle-history"><small>The opposing Tentacruel restored a little HP using its Black Sludge!</small><br></div><div class="battle-history"><small>Suicune restored a little HP using its Leftovers!</small><br></div><div class="spacer battle-history"><br></div><h2 class="battle-history">Turn 20</h2><div class="spacer battle-history"><br></div><div class="battle-history"><small>seekyy forfeited.</small><br></div><div class="spacer battle-history"><br></div><div class="battle-history"><strong>The frozen lopunny</strong> won the battle!<br></div><div class="chat"><small>seekyy left.</small></div></div><div class="inner-preempt"></div></div></div>
</div>
<script>
let daily = Math.floor(Date.now()/1000/60/60/24);document.write('<script src="https://play.pokemonshowdown.com/js/replay-embed.js?version'+daily+'"></'+'script>');
</script>
