<!DOCTYPE html>
<meta charset="utf-8" />
<!-- version 1 -->
<title>UU replay: Smigou) vs. The frozen lopunny</title>
<style>
html,body {font-family:Verdana, sans-serif;font-size:10pt;margin:0;padding:0;}body{padding:12px 0;} .battle-log {font-family:Verdana, sans-serif;font-size:10pt;} .battle-log-inline {border:1px solid #AAAAAA;background:#EEF2F5;color:black;max-width:640px;margin:0 auto 80px;padding-bottom:5px;} .battle-log .inner {padding:4px 8px 0px 8px;} .battle-log .inner-preempt {padding:0 8px 4px 8px;} .battle-log .inner-after {margin-top:0.5em;} .battle-log h2 {margin:0.5em -8px;padding:4px 8px;border:1px solid #AAAAAA;background:#E0E7EA;border-left:0;border-right:0;font-family:Verdana, sans-serif;font-size:13pt;} .battle-log .chat {vertical-align:middle;padding:3px 0 3px 0;font-size:8pt;} .battle-log .chat strong {color:#40576A;} .battle-log .chat em {padding:1px 4px 1px 3px;color:#000000;font-style:normal;} .chat.mine {background:rgba(0,0,0,0.05);margin-left:-8px;margin-right:-8px;padding-left:8px;padding-right:8px;} .spoiler {color:#BBBBBB;background:#BBBBBB;padding:0px 3px;} .spoiler:hover, .spoiler:active, .spoiler-shown {color:#000000;background:#E2E2E2;padding:0px 3px;} .spoiler a {color:#BBBBBB;} .spoiler:hover a, .spoiler:active a, .spoiler-shown a {color:#2288CC;} .chat code, .chat .spoiler:hover code, .chat .spoiler:active code, .chat .spoiler-shown code {border:1px solid #C0C0C0;background:#EEEEEE;color:black;padding:0 2px;} .chat .spoiler code {border:1px solid #CCCCCC;background:#CCCCCC;color:#CCCCCC;} .battle-log .rated {padding:3px 4px;} .battle-log .rated strong {color:white;background:#89A;padding:1px 4px;border-radius:4px;} .spacer {margin-top:0.5em;} .message-announce {background:#6688AA;color:white;padding:1px 4px 2px;} .message-announce a, .broadcast-green a, .broadcast-blue a, .broadcast-red a {color:#DDEEFF;} .broadcast-green {background-color:#559955;color:white;padding:2px 4px;} .broadcast-blue {background-color:#6688AA;color:white;padding:2px 4px;} .infobox {border:1px solid #6688AA;padding:2px 4px;} .infobox-limited {max-height:200px;overflow:auto;overflow-x:hidden;} .broadcast-red {background-color:#AA5544;color:white;padding:2px 4px;} .message-learn-canlearn {font-weight:bold;color:#228822;text-decoration:underline;} .message-learn-cannotlearn {font-weight:bold;color:#CC2222;text-decoration:underline;} .message-effect-weak {font-weight:bold;color:#CC2222;} .message-effect-resist {font-weight:bold;color:#6688AA;} .message-effect-immune {font-weight:bold;color:#666666;} .message-learn-list {margin-top:0;margin-bottom:0;} .message-throttle-notice, .message-error {color:#992222;} .message-overflow, .chat small.message-overflow {font-size:0pt;} .message-overflow::before {font-size:9pt;content:'...';} .subtle {color:#3A4A66;}
</style>
<div class="wrapper replay-wrapper" style="max-width:1180px;margin:0 auto">
<input type="hidden" name="replayid" value="uu-568541490" />
<div class="battle"></div><div class="battle-log"></div><div class="replay-controls"></div><div class="replay-controls-2"></div>
<h1 style="font-weight:normal;text-align:center"><strong>UU</strong><br /><a href="http://pokemonshowdown.com/users/smigou" class="subtle" target="_blank">Smigou)</a> vs. <a href="http://pokemonshowdown.com/users/thefrozenlopunny" class="subtle" target="_blank">The frozen lopunny</a></h1>
<script type="text/plain" class="battle-log-data">|j|Smigou)
|j|The frozen lopunny
|player|p1|Smigou)|165
|player|p2|The frozen lopunny|279
|gametype|singles
|gen|6
|tier|UU
|rated
|seed|41298,56587,27424,31092
|rule|Sleep Clause Mod: Limit one foe put to sleep
|rule|Species Clause: Limit one of each Pokémon
|rule|OHKO Clause: OHKO moves are banned
|rule|Moody Clause: Moody is banned
|rule|Evasion Moves Clause: Evasion moves are banned
|rule|Endless Battle Clause: Forcing endless battles is banned
|rule|HP Percentage Mod: HP is shown in percentages
|clearpoke
|poke|p1|Zoroark, F|item
|poke|p1|Swampert, M|item
|poke|p1|Sceptile, M|item
|poke|p1|Gardevoir, F|item
|poke|p1|Chandelure, M|item
|poke|p1|Noivern, M|item
|poke|p2|Mienshao, F, shiny|item
|poke|p2|Whimsicott, F|item
|poke|p2|Vaporeon, F|item
|poke|p2|Forretress, M|item
|poke|p2|Krookodile, M|item
|poke|p2|Chandelure, F|item
|rule|Swagger Clause: Swagger is banned
|rule|Baton Pass Clause: Limit one Baton Passer, can't pass Spe and other stats simultaneously
|teampreview
|inactive|Battle timer is ON: inactive players will automatically lose when time's up. (requested by The frozen lopunny)
|choice|team 4, team 1, team 3, team 6, team 5, team 2|team 1, team 2, team 3, team 4, team 5, team 6
|
|start
|switch|p1a: Gardevoir|Gardevoir, F|288\/288
|switch|p2a: ThisIsMyHappyFace|Mienshao, F, shiny|271\/271
|turn|1
|choice|move protect|move uturn
|
|move|p1a: Gardevoir|Protect|p1a: Gardevoir
|-singleturn|p1a: Gardevoir|Protect
|move|p2a: ThisIsMyHappyFace|U-turn|p1a: Gardevoir
|-activate|p1a: Gardevoir|move: Protect
|
|upkeep
|turn|2
|choice|switch 4|move uturn
|
|switch|p1a: Noivern|Noivern, M|336\/336
|-item|p2a: ThisIsMyHappyFace|Choice Scarf|[from] ability: Frisk|[of] p1a: Noivern|[identify]
|move|p2a: ThisIsMyHappyFace|U-turn|p1a: Noivern
|-resisted|p1a: Noivern
|-damage|p1a: Noivern|291\/336
|choice||switch 3
|
|switch|p2a: Catfish|Vaporeon, F|464\/464
|
|upkeep
|turn|3
|choice|move dragonpulse|move protect
|
|move|p2a: Catfish|Protect|p2a: Catfish
|-singleturn|p2a: Catfish|Protect
|move|p1a: Noivern|Dragon Pulse|p2a: Catfish
|-activate|p2a: Catfish|move: Protect
|
|upkeep
|turn|4
|choice|move dragonpulse|move wish
|
|move|p1a: Noivern|Dragon Pulse|p2a: Catfish
|-damage|p2a: Catfish|388\/464
|move|p2a: Catfish|Wish|p2a: Catfish
|
|-heal|p2a: Catfish|417\/464|[from] item: Leftovers
|upkeep
|turn|5
|choice|switch 3|move scald
|
|switch|p1a: Sceptile|Sceptile, M|281\/281
|move|p2a: Catfish|Scald|p1a: Sceptile
|-resisted|p1a: Sceptile
|-damage|p1a: Sceptile|225\/281
|
|-heal|p2a: Catfish|464\/464|[from] move: Wish|[wisher] Catfish
|upkeep
|turn|6
|choice|move gigadrain|switch 2
|
|switch|p2a: Poof|Whimsicott, F|311\/311
|move|p1a: Sceptile|Giga Drain|p2a: Poof
|-resisted|p2a: Poof
|-damage|p2a: Poof|236\/311
|-heal|p1a: Sceptile|263\/281|[from] drain|[of] p2a: Poof
|
|-heal|p2a: Poof|255\/311|[from] item: Leftovers
|upkeep
|turn|7
|choice|switch 5|move uturn
|
|switch|p1a: Chandelure|Chandelure, M|273\/273
|move|p2a: Poof|U-turn|p1a: Chandelure
|-resisted|p1a: Chandelure
|-damage|p1a: Chandelure|264\/273
|choice||switch 5
|
|switch|p2a: Dingodile|Krookodile, M|331\/331
|
|-heal|p1a: Chandelure|273\/273|[from] item: Leftovers
|upkeep
|turn|8
|choice|switch 6|move pursuit
|
|-activate|p1a: Chandelure|move: Pursuit
|move|p2a: Dingodile|Pursuit|p1a: Chandelure|[from]Pursuit
|-supereffective|p1a: Chandelure
|-damage|p1a: Chandelure|0 fnt
|faint|p1a: Chandelure
|-ability|p2a: Dingodile|Moxie|boost
|-boost|p2a: Dingodile|atk|1
|
|upkeep
|choice|switch 6|
|
|switch|p1a: Swampert|Swampert, M|341\/341
|turn|9
|choice|move raindance mega|switch 4
|
|switch|p2a: Metal wallnut|Forretress, M|354\/354
|detailschange|p1a: Swampert|Swampert-Mega, M
|-mega|p1a: Swampert|Swampert|Swampertite
|move|p1a: Swampert|Rain Dance|p1a: Swampert
|-weather|RainDance
|
|-weather|RainDance|[upkeep]
|upkeep
|turn|10
|choice|move hydrocannon|move toxicspikes
|
|move|p1a: Swampert|Hydro Cannon|p2a: Metal wallnut
|-ability|p2a: Metal wallnut|Sturdy
|-damage|p2a: Metal wallnut|1\/354
|move|p2a: Metal wallnut|Toxic Spikes|p1a: Swampert
|-sidestart|p1: Smigou)|move: Toxic Spikes
|
|-weather|RainDance|[upkeep]
|-heal|p2a: Metal wallnut|23\/354|[from] item: Leftovers
|upkeep
|turn|11
|-mustrecharge|p1a: Swampert
|-mustrecharge|p1a: Swampert
|-mustrecharge|p1a: Swampert
|choice|move recharge|move toxicspikes
|
|cant|p1a: Swampert|recharge
|move|p2a: Metal wallnut|Toxic Spikes|p1a: Swampert
|-sidestart|p1: Smigou)|move: Toxic Spikes
|
|-weather|RainDance|[upkeep]
|-heal|p2a: Metal wallnut|45\/354|[from] item: Leftovers
|upkeep
|turn|12
|choice|move icepunch|switch 2
|
|switch|p2a: Catfish|Vaporeon, F|464\/464
|move|p1a: Swampert|Ice Punch|p2a: Catfish
|-resisted|p2a: Catfish
|-damage|p2a: Catfish|402\/464
|
|-weather|RainDance|[upkeep]
|-heal|p2a: Catfish|431\/464|[from] item: Leftovers
|upkeep
|turn|13
|choice|move protect|move wish
|
|move|p1a: Swampert|Protect|p1a: Swampert
|-singleturn|p1a: Swampert|Protect
|move|p2a: Catfish|Wish|p2a: Catfish
|
|-weather|none
|-heal|p2a: Catfish|460\/464|[from] item: Leftovers
|upkeep
|turn|14
|choice|switch 5|switch 2
|
|switch|p1a: Sceptile|Sceptile, M|263\/281
|-status|p1a: Sceptile|tox
|switch|p2a: Metal wallnut|Forretress, M|45\/354
|
|-heal|p2a: Metal wallnut|277\/354|[from] move: Wish|[wisher] Catfish
|-heal|p2a: Metal wallnut|299\/354|[from] item: Leftovers
|-damage|p1a: Sceptile|246\/281 tox|[from] psn
|upkeep
|turn|15
|choice|move gigadrain|switch 5
|
|switch|p2a: Poof|Whimsicott, F|255\/311
|move|p1a: Sceptile|Giga Drain|p2a: Poof
|-resisted|p2a: Poof
|-crit|p2a: Poof
|-damage|p2a: Poof|147\/311
|-heal|p1a: Sceptile|281\/281 tox|[from] drain|[of] p2a: Poof
|
|-heal|p2a: Poof|166\/311|[from] item: Leftovers
|-damage|p1a: Sceptile|247\/281 tox|[from] psn
|upkeep
|turn|16
|choice|move solarbeam|move uturn
|
|move|p1a: Sceptile|Solar Beam|p2a: Poof|[still]
|-prepare|p1a: Sceptile|Solar Beam|p2a: Poof
|move|p2a: Poof|U-turn|p1a: Sceptile
|-supereffective|p1a: Sceptile
|-damage|p1a: Sceptile|141\/281 tox
|choice||switch 3
|
|switch|p2a: ThisIsMyHappyFace|Mienshao, F, shiny|271\/271
|
|-damage|p1a: Sceptile|90\/281 tox|[from] psn
|upkeep
|turn|17
|choice|move solarbeam|move uturn
|
|move|p2a: ThisIsMyHappyFace|U-turn|p1a: Sceptile
|-supereffective|p1a: Sceptile
|-damage|p1a: Sceptile|0 fnt
|faint|p1a: Sceptile
|choice||switch 2
|
|switch|p2a: Catfish|Vaporeon, F|460\/464
|
|-heal|p2a: Catfish|464\/464|[from] item: Leftovers
|upkeep
|choice|switch 3|
|
|switch|p1a: Noivern|Noivern, M|291\/336
|-item|p2a: Catfish|Leftovers|[from] ability: Frisk|[of] p1a: Noivern|[identify]
|turn|18
|choice|move hypervoice|move protect
|
|move|p2a: Catfish|Protect|p2a: Catfish
|-singleturn|p2a: Catfish|Protect
|move|p1a: Noivern|Hyper Voice|p2a: Catfish
|-activate|p2a: Catfish|move: Protect
|
|upkeep
|turn|19
|choice|move hypervoice|move scald
|
|move|p1a: Noivern|Hyper Voice|p2a: Catfish
|-damage|p2a: Catfish|407\/464
|move|p2a: Catfish|Scald|p1a: Noivern
|-resisted|p1a: Noivern
|-damage|p1a: Noivern|236\/336
|
|-heal|p2a: Catfish|436\/464|[from] item: Leftovers
|upkeep
|turn|20
|choice|move hypervoice|move scald
|
|move|p1a: Noivern|Hyper Voice|p2a: Catfish
|-damage|p2a: Catfish|382\/464
|move|p2a: Catfish|Scald|p1a: Noivern
|-resisted|p1a: Noivern
|-damage|p1a: Noivern|185\/336
|-status|p1a: Noivern|brn
|
|-heal|p2a: Catfish|411\/464|[from] item: Leftovers
|-damage|p1a: Noivern|143\/336 brn|[from] brn
|upkeep
|turn|21
|choice|switch 2|move wish
|
|switch|p1a: Swampert|Swampert-Mega, M|261\/261
|-status|p1a: Swampert|tox
|move|p2a: Catfish|Wish|p2a: Catfish
|
|-heal|p2a: Catfish|440\/464|[from] item: Leftovers
|-damage|p1a: Swampert|245\/261 tox|[from] psn
|upkeep
|turn|22
|choice|move shadowball|switch 3
|
|switch|p2a: Poof|Whimsicott, F|166\/311
|move|p1a: Swampert|Shadow Ball|p2a: Poof
|-damage|p2a: Poof|46\/311
|-unboost|p2a: Poof|spd|1
|
|-heal|p2a: Poof|278\/311|[from] move: Wish|[wisher] Catfish
|-heal|p2a: Poof|297\/311|[from] item: Leftovers
|-damage|p1a: Swampert|213\/261 tox|[from] psn
|upkeep
|turn|23
|choice|move uturn|switch 3
|
|switch|p2a: Catfish|Vaporeon, F|440\/464
|move|p1a: Swampert|U-turn|p2a: Catfish
|-damage|p2a: Catfish|346\/464
|choice|switch 5|
|
|switch|p1a: Swampert|Swampert-Mega, M|341\/341
|-status|p1a: Swampert|tox
|
|-heal|p2a: Catfish|375\/464|[from] item: Leftovers
|-damage|p1a: Swampert|320\/341 tox|[from] psn
|upkeep
|turn|24
|choice|move raindance|switch 3
|
|switch|p2a: Poof|Whimsicott, F|297\/311
|move|p1a: Swampert|Rain Dance|p1a: Swampert
|-weather|RainDance
|
|-weather|RainDance|[upkeep]
|-heal|p2a: Poof|311\/311|[from] item: Leftovers
|-damage|p1a: Swampert|278\/341 tox|[from] psn
|upkeep
|turn|25
|choice|switch 5|move encore
|
|switch|p1a: Zoroark|Zoroark, F|213\/261 tox
|move|p2a: Poof|Encore|p1a: Zoroark
|-fail|p1a: Zoroark
|
|-weather|RainDance|[upkeep]
|-damage|p1a: Zoroark|197\/261 tox|[from] psn
|upkeep
|turn|26
|choice|move suckerpunch|switch 2
|
|switch|p2a: ThisIsMyHappyFace|Mienshao, F, shiny|271\/271
|move|p1a: Zoroark|Sucker Punch|p2a: ThisIsMyHappyFace|[still]
|-fail|p1a: Zoroark
|
|-weather|RainDance|[upkeep]
|-damage|p1a: Zoroark|165\/261 tox|[from] psn
|upkeep
|turn|27
|choice|move darkpulse|move highjumpkick
|
|move|p2a: ThisIsMyHappyFace|High Jump Kick|p1a: Zoroark
|-supereffective|p1a: Zoroark
|-damage|p1a: Zoroark|0 fnt
|faint|p1a: Zoroark
|
|-weather|RainDance|[upkeep]
|upkeep
|choice|switch 2|
|
|switch|p1a: Noivern|Noivern, M|143\/336 brn
|-item|p2a: ThisIsMyHappyFace|Choice Scarf|[from] ability: Frisk|[of] p1a: Noivern|[identify]
|turn|28
|choice|move dragonpulse|switch 3
|
|switch|p2a: Catfish|Vaporeon, F|375\/464
|move|p1a: Noivern|Dragon Pulse|p2a: Catfish
|-damage|p2a: Catfish|288\/464
|
|-weather|none
|-heal|p2a: Catfish|317\/464|[from] item: Leftovers
|-damage|p1a: Noivern|101\/336 brn|[from] brn
|upkeep
|turn|29
|choice|switch 4|move wish
|
|switch|p1a: Gardevoir|Gardevoir, F|288\/288
|-status|p1a: Gardevoir|tox
|move|p2a: Catfish|Wish|p2a: Catfish
|
|-heal|p2a: Catfish|346\/464|[from] item: Leftovers
|-damage|p1a: Gardevoir|270\/288 tox|[from] psn
|upkeep
|turn|30
|choice|move confuseray|move protect
|
|move|p2a: Catfish|Protect|p2a: Catfish
|-singleturn|p2a: Catfish|Protect
|move|p1a: Gardevoir|Confuse Ray|p2a: Catfish
|-activate|p2a: Catfish|move: Protect
|
|-heal|p2a: Catfish|464\/464|[from] move: Wish|[wisher] Catfish
|-damage|p1a: Gardevoir|234\/288 tox|[from] psn
|upkeep
|turn|31
|choice|move confuseray|switch 5
|
|switch|p2a: Metal wallnut|Forretress, M|299\/354
|move|p1a: Gardevoir|Confuse Ray|p2a: Metal wallnut
|-start|p2a: Metal wallnut|confusion
|
|-heal|p2a: Metal wallnut|321\/354|[from] item: Leftovers
|-damage|p1a: Gardevoir|180\/288 tox|[from] psn
|upkeep
|turn|32
|choice|move energyball|switch 5
|
|switch|p2a: Catfish|Vaporeon, F|464\/464
|move|p1a: Gardevoir|Energy Ball|p2a: Catfish
|-supereffective|p2a: Catfish
|-damage|p2a: Catfish|316\/464
|
|-heal|p2a: Catfish|345\/464|[from] item: Leftovers
|-damage|p1a: Gardevoir|108\/288 tox|[from] psn
|upkeep
|turn|33
|choice|move confuseray|move protect
|
|move|p2a: Catfish|Protect|p2a: Catfish
|-singleturn|p2a: Catfish|Protect
|move|p1a: Gardevoir|Confuse Ray|p2a: Catfish
|-activate|p2a: Catfish|move: Protect
|
|-heal|p2a: Catfish|374\/464|[from] item: Leftovers
|-damage|p1a: Gardevoir|18\/288 tox|[from] psn
|upkeep
|turn|34
|choice|move protect|switch 5
|
|switch|p2a: Metal wallnut|Forretress, M|321\/354
|move|p1a: Gardevoir|Protect|p1a: Gardevoir
|-fail|p1a: Gardevoir
|
|-heal|p2a: Metal wallnut|343\/354|[from] item: Leftovers
|-damage|p1a: Gardevoir|0 fnt|[from] psn
|upkeep
|faint|p1a: Gardevoir
|choice|switch 5|
|
|switch|p1a: Swampert|Swampert-Mega, M|278\/341 tox
|turn|35
|choice|move hydrocannon|switch 5
|
|switch|p2a: Catfish|Vaporeon, F|374\/464
|move|p1a: Swampert|Hydro Cannon|p2a: Catfish
|-heal|p2a: Catfish|464\/464|[from] ability: Water Absorb|[of] p1a: Swampert
|
|-damage|p1a: Swampert|257\/341 tox|[from] psn
|upkeep
|turn|36
|choice|move icepunch|move wish
|
|move|p1a: Swampert|Ice Punch|p2a: Catfish
|-resisted|p2a: Catfish
|-damage|p2a: Catfish|404\/464
|move|p2a: Catfish|Wish|p2a: Catfish
|
|-heal|p2a: Catfish|433\/464|[from] item: Leftovers
|-damage|p1a: Swampert|215\/341 tox|[from] psn
|upkeep
|turn|37
|-message|Smigou) forfeited.
|
|win|The frozen lopunny
|l|Smigou)
|raw|Smigou)'s rating: 1045 &rarr; <strong>1041<\/strong><br \/>(-4 for losing)
|raw|The frozen lopunny's rating: 1393 &rarr; <strong>1398<\/strong><br \/>(+5 for winning)</script>
</div>
<div class="battle-log battle-log-inline"><div class="inner"><div class="battle-options"></div><div class="inner"><div class="chat"><small>Smigou) joined.</small></div><div class="chat"><small>The frozen lopunny joined.</small></div><div class=""><small>Format:</small> <br><strong>UU</strong></div><div class="rated"><strong>Rated battle</strong></div><div class=""><small><em>Sleep Clause Mod:</em> Limit one foe put to sleep</small></div><div class=""><small><em>Species Clause:</em> Limit one of each Pokémon</small></div><div class=""><small><em>OHKO Clause:</em> OHKO moves are banned</small></div><div class=""><small><em>Moody Clause:</em> Moody is banned</small></div><div class=""><small><em>Evasion Moves Clause:</em> Evasion moves are banned</small></div><div class=""><small><em>Endless Battle Clause:</em> Forcing endless battles is banned</small></div><div class=""><small><em>HP Percentage Mod:</em> HP is shown in percentages</small></div><div class=""><small><em>Swagger Clause:</em> Swagger is banned</small></div><div class=""><small><em>Baton Pass Clause:</em> Limit one Baton Passer, can't pass Spe and other stats simultaneously</small></div><div class="chat battle-history"><strong>Smigou)'s team:</strong> <em style="color:#445566;display:block;">Zoroark / Swampert / Sceptile / Gardevoir / Chandelure / Noivern</em></div><div class="chat battle-history"><strong>The frozen lopunny's team:</strong> <em style="color:#445566;display:block;">Mienshao / Whimsicott / Vaporeon / Forretress / Krookodile / Chandelure</em></div><div class="chat message-error">Battle timer is ON: inactive players will automatically lose when time's up. (requested by The frozen lopunny)</div><div class="spacer battle-history"><br></div><div class="battle-history">Battle started between Smigou) and The frozen lopunny!<br></div><div class="spacer battle-history"><br></div><div class="battle-history">Go! <strong>Gardevoir</strong>!<br></div><div class="spacer battle-history"><br></div><div class="battle-history">The frozen lopunny sent out ThisIsMyHappyFace (<strong>Mienshao</strong>)!<br></div><div class="spacer battle-history"><br></div><h2 class="battle-history">Turn 1</h2><div class="spacer battle-history"><br></div><div class="battle-history">Gardevoir used <strong>Protect</strong>!<br></div><div class="battle-history"><small>Gardevoir protected itself!</small><br></div><div class="spacer battle-history"><br></div><div class="battle-history">The opposing ThisIsMyHappyFace used <strong>U-turn</strong>!<br></div><div class="battle-history"><small>Gardevoir protected itself!</small><br></div><div class="spacer battle-history"><br></div><h2 class="battle-history">Turn 2</h2><div class="spacer battle-history"><br></div><div class="battle-history">Gardevoir, come back!<br></div><div class="battle-history">Go! <strong>Noivern</strong>!<br></div><div class="battle-history"><small>[Noivern's Frisk]</small><br><small>Noivern frisked the opposing ThisIsMyHappyFace and found its Choice Scarf!</small><br></div><div class="spacer battle-history"><br></div><div class="battle-history">The opposing ThisIsMyHappyFace used <strong>U-turn</strong>!<br></div><div class="battle-history"><small>It's not very effective...</small><br></div><div class="battle-history"><small>(Noivern lost <abbr title="−45/336">13.4%</abbr> of its health!)</small><br></div><div class="spacer battle-history"><br></div><div class="battle-history">The opposing ThisIsMyHappyFace went back to The frozen lopunny!<br></div><div class="battle-history">The frozen lopunny sent out Catfish (<strong>Vaporeon</strong>)!<br></div><div class="spacer battle-history"><br></div><h2 class="battle-history">Turn 3</h2><div class="spacer battle-history"><br></div><div class="battle-history">The opposing Catfish used <strong>Protect</strong>!<br></div><div class="battle-history"><small>The opposing Catfish protected itself!</small><br></div><div class="spacer battle-history"><br></div><div class="battle-history">Noivern used <strong>Dragon Pulse</strong>!<br></div><div class="battle-history"><small>The opposing Catfish protected itself!</small><br></div><div class="spacer battle-history"><br></div><h2 class="battle-history">Turn 4</h2><div class="spacer battle-history"><br></div><div class="battle-history">Noivern used <strong>Dragon Pulse</strong>!<br></div><div class="battle-history"><small>(The opposing Catfish lost <abbr title="−76/464">16.4%</abbr> of its health!)</small><br></div><div class="spacer battle-history"><br></div><div class="battle-history">The opposing Catfish used <strong>Wish</strong>!<br></div><div class="spacer battle-history"><br></div><div class="battle-history"><small>The opposing Catfish restored a little HP using its Leftovers!</small><br></div><div class="spacer battle-history"><br></div><h2 class="battle-history">Turn 5</h2><div class="spacer battle-history"><br></div><div class="battle-history">Noivern, come back!<br></div><div class="battle-history">Go! <strong>Sceptile</strong>!<br></div><div class="spacer battle-history"><br></div><div class="battle-history">The opposing Catfish used <strong>Scald</strong>!<br></div><div class="battle-history"><small>It's not very effective...</small><br></div><div class="battle-history"><small>(Sceptile lost <abbr title="−56/281">19.9%</abbr> of its health!)</small><br></div><div class="spacer battle-history"><br></div><div class="battle-history"><small>Catfish's wish came true!</small><br></div><div class="spacer battle-history"><br></div><h2 class="battle-history">Turn 6</h2><div class="spacer battle-history"><br></div><div class="battle-history">The frozen lopunny withdrew Catfish!<br></div><div class="battle-history">The frozen lopunny sent out Poof (<strong>Whimsicott</strong>)!<br></div><div class="spacer battle-history"><br></div><div class="battle-history">Sceptile used <strong>Giga Drain</strong>!<br></div><div class="battle-history"><small>It's not very effective...</small><br></div><div class="battle-history"><small>(The opposing Poof lost <abbr title="−75/311">24.1%</abbr> of its health!)</small><br></div><div class="battle-history"><small>The opposing Poof had its energy drained!</small><br></div><div class="spacer battle-history"><br></div><div class="battle-history"><small>The opposing Poof restored a little HP using its Leftovers!</small><br></div><div class="spacer battle-history"><br></div><h2 class="battle-history">Turn 7</h2><div class="spacer battle-history"><br></div><div class="battle-history">Sceptile, come back!<br></div><div class="battle-history">Go! <strong>Chandelure</strong>!<br></div><div class="spacer battle-history"><br></div><div class="battle-history">The opposing Poof used <strong>U-turn</strong>!<br></div><div class="battle-history"><small>It's not very effective...</small><br></div><div class="battle-history"><small>(Chandelure lost <abbr title="−9/273">3.3%</abbr> of its health!)</small><br></div><div class="spacer battle-history"><br></div><div class="battle-history">The opposing Poof went back to The frozen lopunny!<br></div><div class="battle-history">The frozen lopunny sent out Dingodile (<strong>Krookodile</strong>)!<br></div><div class="spacer battle-history"><br></div><div class="battle-history"><small>Chandelure restored a little HP using its Leftovers!</small><br></div><div class="spacer battle-history"><br></div><h2 class="battle-history">Turn 8</h2><div class="spacer battle-history"><br></div><div class="battle-history"><small>(Chandelure is being withdrawn...)</small><br></div><div class="spacer battle-history"><br></div><div class="battle-history">The opposing Dingodile used <strong>Pursuit</strong>!<br></div><div class="battle-history"><small>It's super effective!</small><br></div><div class="battle-history"><small>(Chandelure lost <abbr title="−273/273">100%</abbr> of its health!)</small><br></div><div class="spacer battle-history"><br></div><div class="battle-history">Chandelure fainted!<br></div><div class="battle-history"><small>[The opposing Dingodile's Moxie]</small><br></div><div class="battle-history"><small>The opposing Dingodile's Attack rose!</small><br></div><div class="spacer battle-history"><br></div><div class="battle-history">Go! <strong>Swampert</strong>!<br></div><div class="spacer battle-history"><br></div><h2 class="battle-history">Turn 9</h2><div class="spacer battle-history"><br></div><div class="battle-history">The frozen lopunny withdrew Dingodile!<br></div><div class="battle-history">The frozen lopunny sent out Metal wallnut (<strong>Forretress</strong>)!<br></div><div class="spacer battle-history"><br></div><div class="battle-history"><small>Swampert's Swampertite is reacting to Smigou)'s Mega Bracelet!</small><br>Swampert has Mega Evolved into Mega Swampert!<br></div><div class="spacer battle-history"><br></div><div class="battle-history">Swampert used <strong>Rain Dance</strong>!<br></div><div class="battle-history"><small>It started to rain!</small><br></div><div class="spacer battle-history"><br></div><div class="battle-history"><small>(Rain continues to fall!)</small><br></div><div class="spacer battle-history"><br></div><h2 class="battle-history">Turn 10</h2><div class="spacer battle-history"><br></div><div class="battle-history">Swampert used <strong>Hydro Cannon</strong>!<br></div><div class="battle-history"><small>[The opposing Metal wallnut's Sturdy]</small><br><small>The opposing Metal wallnut endured the hit!</small><br></div><div class="battle-history"><small>(The opposing Metal wallnut lost <abbr title="−353/354">99.7%</abbr> of its health!)</small><br></div><div class="spacer battle-history"><br></div><div class="battle-history">The opposing Metal wallnut used <strong>Toxic Spikes</strong>!<br></div><div class="battle-history"><small>Poison spikes were scattered on the ground all around your team!</small><br></div><div class="spacer battle-history"><br></div><div class="battle-history"><small>(Rain continues to fall!)</small><br></div><div class="battle-history"><small>The opposing Metal wallnut restored a little HP using its Leftovers!</small><br></div><div class="spacer battle-history"><br></div><h2 class="battle-history">Turn 11</h2><div class="spacer battle-history"><br></div><div class="battle-history">Swampert must recharge!<br></div><div class="spacer battle-history"><br></div><div class="battle-history">The opposing Metal wallnut used <strong>Toxic Spikes</strong>!<br></div><div class="battle-history"><small>Poison spikes were scattered on the ground all around your team!</small><br></div><div class="spacer battle-history"><br></div><div class="battle-history"><small>(Rain continues to fall!)</small><br></div><div class="battle-history"><small>The opposing Metal wallnut restored a little HP using its Leftovers!</small><br></div><div class="spacer battle-history"><br></div><h2 class="battle-history">Turn 12</h2><div class="spacer battle-history"><br></div><div class="battle-history">The frozen lopunny withdrew Metal wallnut!<br></div><div class="battle-history">The frozen lopunny sent out Catfish (<strong>Vaporeon</strong>)!<br></div><div class="spacer battle-history"><br></div><div class="battle-history">Swampert used <strong>Ice Punch</strong>!<br></div><div class="battle-history"><small>It's not very effective...</small><br></div><div class="battle-history"><small>(The opposing Catfish lost <abbr title="−62/464">13.4%</abbr> of its health!)</small><br></div><div class="spacer battle-history"><br></div><div class="battle-history"><small>(Rain continues to fall!)</small><br></div><div class="battle-history"><small>The opposing Catfish restored a little HP using its Leftovers!</small><br></div><div class="spacer battle-history"><br></div><h2 class="battle-history">Turn 13</h2><div class="spacer battle-history"><br></div><div class="battle-history">Swampert used <strong>Protect</strong>!<br></div><div class="battle-history"><small>Swampert protected itself!</small><br></div><div class="spacer battle-history"><br></div><div class="battle-history">The opposing Catfish used <strong>Wish</strong>!<br></div><div class="spacer battle-history"><br></div><div class="battle-history"><small>The rain stopped.</small><br></div><div class="battle-history"><small>The opposing Catfish restored a little HP using its Leftovers!</small><br></div><div class="spacer battle-history"><br></div><h2 class="battle-history">Turn 14</h2><div class="spacer battle-history"><br></div><div class="battle-history">Swampert, come back!<br></div><div class="battle-history">Go! <strong>Sceptile</strong>!<br></div><div class="battle-history"><small>Sceptile was badly poisoned!</small><br></div><div class="spacer battle-history"><br></div><div class="battle-history">The frozen lopunny withdrew Catfish!<br></div><div class="battle-history">The frozen lopunny sent out Metal wallnut (<strong>Forretress</strong>)!<br></div><div class="spacer battle-history"><br></div><div class="battle-history"><small>Catfish's wish came true!</small><br></div><div class="battle-history"><small>The opposing Metal wallnut restored a little HP using its Leftovers!</small><br></div><div class="battle-history"><small>Sceptile was hurt by poison!</small><br></div><div class="spacer battle-history"><br></div><h2 class="battle-history">Turn 15</h2><div class="spacer battle-history"><br></div><div class="battle-history">The frozen lopunny withdrew Metal wallnut!<br></div><div class="battle-history">The frozen lopunny sent out Poof (<strong>Whimsicott</strong>)!<br></div><div class="spacer battle-history"><br></div><div class="battle-history">Sceptile used <strong>Giga Drain</strong>!<br></div><div class="battle-history"><small>It's not very effective...</small><br></div><div class="battle-history"><small>A critical hit!</small><br></div><div class="battle-history"><small>(The opposing Poof lost <abbr title="−108/311">34.7%</abbr> of its health!)</small><br></div><div class="battle-history"><small>The opposing Poof had its energy drained!</small><br></div><div class="spacer battle-history"><br></div><div class="battle-history"><small>The opposing Poof restored a little HP using its Leftovers!</small><br></div><div class="battle-history"><small>Sceptile was hurt by poison!</small><br></div><div class="spacer battle-history"><br></div><h2 class="battle-history">Turn 16</h2><div class="spacer battle-history"><br></div><div class="battle-history">Sceptile used <strong>Solar Beam</strong>!<br></div><div class="battle-history"><small>Sceptile absorbed light!</small><br></div><div class="spacer battle-history"><br></div><div class="battle-history">The opposing Poof used <strong>U-turn</strong>!<br></div><div class="battle-history"><small>It's super effective!</small><br></div><div class="battle-history"><small>(Sceptile lost <abbr title="−106/281">37.7%</abbr> of its health!)</small><br></div><div class="spacer battle-history"><br></div><div class="battle-history">The opposing Poof went back to The frozen lopunny!<br></div><div class="battle-history">The frozen lopunny sent out ThisIsMyHappyFace (<strong>Mienshao</strong>)!<br></div><div class="spacer battle-history"><br></div><div class="battle-history"><small>Sceptile was hurt by poison!</small><br></div><div class="spacer battle-history"><br></div><h2 class="battle-history">Turn 17</h2><div class="spacer battle-history"><br></div><div class="battle-history">The opposing ThisIsMyHappyFace used <strong>U-turn</strong>!<br></div><div class="battle-history"><small>It's super effective!</small><br></div><div class="battle-history"><small>(Sceptile lost <abbr title="−90/281">32.0%</abbr> of its health!)</small><br></div><div class="spacer battle-history"><br></div><div class="battle-history">Sceptile fainted!<br></div><div class="spacer battle-history"><br></div><div class="battle-history">The opposing ThisIsMyHappyFace went back to The frozen lopunny!<br></div><div class="battle-history">The frozen lopunny sent out Catfish (<strong>Vaporeon</strong>)!<br></div><div class="spacer battle-history"><br></div><div class="battle-history"><small>The opposing Catfish restored a little HP using its Leftovers!</small><br></div><div class="spacer battle-history"><br></div><div class="battle-history">Go! <strong>Noivern</strong>!<br></div><div class="battle-history"><small>[Noivern's Frisk]</small><br><small>Noivern frisked the opposing Catfish and found its Leftovers!</small><br></div><div class="spacer battle-history"><br></div><h2 class="battle-history">Turn 18</h2><div class="spacer battle-history"><br></div><div class="battle-history">The opposing Catfish used <strong>Protect</strong>!<br></div><div class="battle-history"><small>The opposing Catfish protected itself!</small><br></div><div class="spacer battle-history"><br></div><div class="battle-history">Noivern used <strong>Hyper Voice</strong>!<br></div><div class="battle-history"><small>The opposing Catfish protected itself!</small><br></div><div class="spacer battle-history"><br></div><h2 class="battle-history">Turn 19</h2><div class="spacer battle-history"><br></div><div class="battle-history">Noivern used <strong>Hyper Voice</strong>!<br></div><div class="battle-history"><small>(The opposing Catfish lost <abbr title="−57/464">12.3%</abbr> of its health!)</small><br></div><div class="spacer battle-history"><br></div><div class="battle-history">The opposing Catfish used <strong>Scald</strong>!<br></div><div class="battle-history"><small>It's not very effective...</small><br></div><div class="battle-history"><small>(Noivern lost <abbr title="−55/336">16.4%</abbr> of its health!)</small><br></div><div class="spacer battle-history"><br></div><div class="battle-history"><small>The opposing Catfish restored a little HP using its Leftovers!</small><br></div><div class="spacer battle-history"><br></div><h2 class="battle-history">Turn 20</h2><div class="spacer battle-history"><br></div><div class="battle-history">Noivern used <strong>Hyper Voice</strong>!<br></div><div class="battle-history"><small>(The opposing Catfish lost <abbr title="−54/464">11.6%</abbr> of its health!)</small><br></div><div class="spacer battle-history"><br></div><div class="battle-history">The opposing Catfish used <strong>Scald</strong>!<br></div><div class="battle-history"><small>It's not very effective...</small><br></div><div class="battle-history"><small>(Noivern lost <abbr title="−51/336">15.2%</abbr> of its health!)</small><br></div><div class="battle-history"><small>Noivern was burned!</small><br></div><div class="spacer battle-history"><br></div><div class="battle-history"><small>The opposing Catfish restored a little HP using its Leftovers!</small><br></div><div class="battle-history"><small>Noivern was hurt by its burn!</small><br></div><div class="spacer battle-history"><br></div><h2 class="battle-history">Turn 21</h2><div class="spacer battle-history"><br></div><div class="battle-history">Noivern, come back!<br></div><div class="battle-history">Go! Swampert (<strong>Swampert-Mega</strong>)!<br></div><div class="battle-history"><small>Swampert was badly poisoned!</small><br></div><div class="spacer battle-history"><br></div><div class="battle-history">The opposing Catfish used <strong>Wish</strong>!<br></div><div class="spacer battle-history"><br></div><div class="battle-history"><small>The opposing Catfish restored a little HP using its Leftovers!</small><br></div><div class="battle-history"><small>Swampert was hurt by poison!</small><br></div><div class="spacer battle-history"><br></div><h2 class="battle-history">Turn 22</h2><div class="spacer battle-history"><br></div><div class="battle-history">The frozen lopunny withdrew Catfish!<br></div><div class="battle-history">The frozen lopunny sent out Poof (<strong>Whimsicott</strong>)!<br></div><div class="spacer battle-history"><br></div><div class="battle-history">Swampert used <strong>Shadow Ball</strong>!<br></div><div class="battle-history"><small>(The opposing Poof lost <abbr title="−120/311">38.6%</abbr> of its health!)</small><br></div><div class="battle-history"><small>The opposing Poof's Special Defense fell!</small><br></div><div class="spacer battle-history"><br></div><div class="battle-history"><small>Catfish's wish came true!</small><br></div><div class="battle-history"><small>The opposing Poof restored a little HP using its Leftovers!</small><br></div><div class="battle-history"><small>Swampert was hurt by poison!</small><br></div><div class="spacer battle-history"><br></div><h2 class="battle-history">Turn 23</h2><div class="spacer battle-history"><br></div><div class="battle-history">The frozen lopunny withdrew Poof!<br></div><div class="battle-history">The frozen lopunny sent out Catfish (<strong>Vaporeon</strong>)!<br></div><div class="spacer battle-history"><br></div><div class="battle-history">Swampert used <strong>U-turn</strong>!<br></div><div class="battle-history"><small>(The opposing Catfish lost <abbr title="−94/464">20.3%</abbr> of its health!)</small><br></div><div class="spacer battle-history"><br></div><div class="battle-history">Swampert went back to Smigou)!<br></div><div class="battle-history">Go! Swampert (<strong>Swampert-Mega</strong>)!<br></div><div class="battle-history"><small>Swampert was badly poisoned!</small><br></div><div class="spacer battle-history"><br></div><div class="battle-history"><small>The opposing Catfish restored a little HP using its Leftovers!</small><br></div><div class="battle-history"><small>Swampert was hurt by poison!</small><br></div><div class="spacer battle-history"><br></div><h2 class="battle-history">Turn 24</h2><div class="spacer battle-history"><br></div><div class="battle-history">The frozen lopunny withdrew Catfish!<br></div><div class="battle-history">The frozen lopunny sent out Poof (<strong>Whimsicott</strong>)!<br></div><div class="spacer battle-history"><br></div><div class="battle-history">Swampert used <strong>Rain Dance</strong>!<br></div><div class="battle-history"><small>It started to rain!</small><br></div><div class="spacer battle-history"><br></div><div class="battle-history"><small>(Rain continues to fall!)</small><br></div><div class="battle-history"><small>The opposing Poof restored a little HP using its Leftovers!</small><br></div><div class="battle-history"><small>Swampert was hurt by poison!</small><br></div><div class="spacer battle-history"><br></div><h2 class="battle-history">Turn 25</h2><div class="spacer battle-history"><br></div><div class="battle-history">Swampert, come back!<br></div><div class="battle-history">Go! <strong>Zoroark</strong>!<br></div><div class="spacer battle-history"><br></div><div class="battle-history">The opposing Poof used <strong>Encore</strong>!<br></div><div class="battle-history"><small>But it failed!</small><br></div><div class="spacer battle-history"><br></div><div class="battle-history"><small>(Rain continues to fall!)</small><br></div><div class="battle-history"><small>Zoroark was hurt by poison!</small><br></div><div class="spacer battle-history"><br></div><h2 class="battle-history">Turn 26</h2><div class="spacer battle-history"><br></div><div class="battle-history">The frozen lopunny withdrew Poof!<br></div><div class="battle-history">The frozen lopunny sent out ThisIsMyHappyFace (<strong>Mienshao</strong>)!<br></div><div class="spacer battle-history"><br></div><div class="battle-history">Zoroark used <strong>Sucker Punch</strong>!<br></div><div class="battle-history"><small>But it failed!</small><br></div><div class="spacer battle-history"><br></div><div class="battle-history"><small>(Rain continues to fall!)</small><br></div><div class="battle-history"><small>Zoroark was hurt by poison!</small><br></div><div class="spacer battle-history"><br></div><h2 class="battle-history">Turn 27</h2><div class="spacer battle-history"><br></div><div class="battle-history">The opposing ThisIsMyHappyFace used <strong>High Jump Kick</strong>!<br></div><div class="battle-history"><small>It's super effective!</small><br></div><div class="battle-history"><small>(Zoroark lost <abbr title="−165/261">63.2%</abbr> of its health!)</small><br></div><div class="spacer battle-history"><br></div><div class="battle-history">Zoroark fainted!<br></div><div class="spacer battle-history"><br></div><div class="battle-history"><small>(Rain continues to fall!)</small><br></div><div class="spacer battle-history"><br></div><div class="battle-history">Go! <strong>Noivern</strong>!<br></div><div class="battle-history"><small>[Noivern's Frisk]</small><br><small>Noivern frisked the opposing ThisIsMyHappyFace and found its Choice Scarf!</small><br></div><div class="spacer battle-history"><br></div><h2 class="battle-history">Turn 28</h2><div class="spacer battle-history"><br></div><div class="battle-history">The frozen lopunny withdrew ThisIsMyHappyFace!<br></div><div class="battle-history">The frozen lopunny sent out Catfish (<strong>Vaporeon</strong>)!<br></div><div class="spacer battle-history"><br></div><div class="battle-history">Noivern used <strong>Dragon Pulse</strong>!<br></div><div class="battle-history"><small>(The opposing Catfish lost <abbr title="−87/464">18.8%</abbr> of its health!)</small><br></div><div class="spacer battle-history"><br></div><div class="battle-history"><small>The rain stopped.</small><br></div><div class="battle-history"><small>The opposing Catfish restored a little HP using its Leftovers!</small><br></div><div class="battle-history"><small>Noivern was hurt by its burn!</small><br></div><div class="spacer battle-history"><br></div><h2 class="battle-history">Turn 29</h2><div class="spacer battle-history"><br></div><div class="battle-history">Noivern, come back!<br></div><div class="battle-history">Go! <strong>Gardevoir</strong>!<br></div><div class="battle-history"><small>Gardevoir was badly poisoned!</small><br></div><div class="spacer battle-history"><br></div><div class="battle-history">The opposing Catfish used <strong>Wish</strong>!<br></div><div class="spacer battle-history"><br></div><div class="battle-history"><small>The opposing Catfish restored a little HP using its Leftovers!</small><br></div><div class="battle-history"><small>Gardevoir was hurt by poison!</small><br></div><div class="spacer battle-history"><br></div><h2 class="battle-history">Turn 30</h2><div class="spacer battle-history"><br></div><div class="battle-history">The opposing Catfish used <strong>Protect</strong>!<br></div><div class="battle-history"><small>The opposing Catfish protected itself!</small><br></div><div class="spacer battle-history"><br></div><div class="battle-history">Gardevoir used <strong>Confuse Ray</strong>!<br></div><div class="battle-history"><small>The opposing Catfish protected itself!</small><br></div><div class="spacer battle-history"><br></div><div class="battle-history"><small>Catfish's wish came true!</small><br></div><div class="battle-history"><small>Gardevoir was hurt by poison!</small><br></div><div class="spacer battle-history"><br></div><h2 class="battle-history">Turn 31</h2><div class="spacer battle-history"><br></div><div class="battle-history">The frozen lopunny withdrew Catfish!<br></div><div class="battle-history">The frozen lopunny sent out Metal wallnut (<strong>Forretress</strong>)!<br></div><div class="spacer battle-history"><br></div><div class="battle-history">Gardevoir used <strong>Confuse Ray</strong>!<br></div><div class="battle-history"><small>The opposing Metal wallnut became confused!</small><br></div><div class="spacer battle-history"><br></div><div class="battle-history"><small>The opposing Metal wallnut restored a little HP using its Leftovers!</small><br></div><div class="battle-history"><small>Gardevoir was hurt by poison!</small><br></div><div class="spacer battle-history"><br></div><h2 class="battle-history">Turn 32</h2><div class="spacer battle-history"><br></div><div class="battle-history">The frozen lopunny withdrew Metal wallnut!<br></div><div class="battle-history">The frozen lopunny sent out Catfish (<strong>Vaporeon</strong>)!<br></div><div class="spacer battle-history"><br></div><div class="battle-history">Gardevoir used <strong>Energy Ball</strong>!<br></div><div class="battle-history"><small>It's super effective!</small><br></div><div class="battle-history"><small>(The opposing Catfish lost <abbr title="−148/464">31.9%</abbr> of its health!)</small><br></div><div class="spacer battle-history"><br></div><div class="battle-history"><small>The opposing Catfish restored a little HP using its Leftovers!</small><br></div><div class="battle-history"><small>Gardevoir was hurt by poison!</small><br></div><div class="spacer battle-history"><br></div><h2 class="battle-history">Turn 33</h2><div class="spacer battle-history"><br></div><div class="battle-history">The opposing Catfish used <strong>Protect</strong>!<br></div><div class="battle-history"><small>The opposing Catfish protected itself!</small><br></div><div class="spacer battle-history"><br></div><div class="battle-history">Gardevoir used <strong>Confuse Ray</strong>!<br></div><div class="battle-history"><small>The opposing Catfish protected itself!</small><br></div><div class="spacer battle-history"><br></div><div class="battle-history"><small>The opposing Catfish restored a little HP using its Leftovers!</small><br></div><div class="battle-history"><small>Gardevoir was hurt by poison!</small><br></div><div class="spacer battle-history"><br></div><h2 class="battle-history">Turn 34</h2><div class="spacer battle-history"><br></div><div class="battle-history">The frozen lopunny withdrew Catfish!<br></div><div class="battle-history">The frozen lopunny sent out Metal wallnut (<strong>Forretress</strong>)!<br></div><div class="spacer battle-history"><br></div><div class="battle-history">Gardevoir used <strong>Protect</strong>!<br></div><div class="battle-history"><small>But it failed!</small><br></div><div class="spacer battle-history"><br></div><div class="battle-history"><small>The opposing Metal wallnut restored a little HP using its Leftovers!</small><br></div><div class="battle-history"><small>Gardevoir was hurt by poison!</small><br></div><div class="spacer battle-history"><br></div><div class="battle-history">Gardevoir fainted!<br></div><div class="spacer battle-history"><br></div><div class="battle-history">Go! Swampert (<strong>Swampert-Mega</strong>)!<br></div><div class="spacer battle-history"><br></div><h2 class="battle-history">Turn 35</h2><div class="spacer battle-history"><br></div><div class="battle-history">The frozen lopunny withdrew Metal wallnut!<br></div><div class="battle-history">The frozen lopunny sent out Catfish (<strong>Vaporeon</strong>)!<br></div><div class="spacer battle-history"><br></div><div class="battle-history">Swampert used <strong>Hydro Cannon</strong>!<br></div><div class="battle-history"><small>[The opposing Catfish's Water Absorb]</small><br><small>The opposing Catfish restored its HP.</small><br></div><div class="spacer battle-history"><br></div><div class="battle-history"><small>Swampert was hurt by poison!</small><br></div><div class="spacer battle-history"><br></div><h2 class="battle-history">Turn 36</h2><div class="spacer battle-history"><br></div><div class="battle-history">Swampert used <strong>Ice Punch</strong>!<br></div><div class="battle-history"><small>It's not very effective...</small><br></div><div class="battle-history"><small>(The opposing Catfish lost <abbr title="−60/464">12.9%</abbr> of its health!)</small><br></div><div class="spacer battle-history"><br></div><div class="battle-history">The opposing Catfish used <strong>Wish</strong>!<br></div><div class="spacer battle-history"><br></div><div class="battle-history"><small>The opposing Catfish restored a little HP using its Leftovers!</small><br></div><div class="battle-history"><small>Swampert was hurt by poison!</small><br></div><div class="spacer battle-history"><br></div><h2 class="battle-history">Turn 37</h2><div class="spacer battle-history"><br></div><div class="battle-history"><small>Smigou) forfeited.</small><br></div><div class="spacer battle-history"><br></div><div class="battle-history"><strong>The frozen lopunny</strong> won the battle!<br></div><div class="chat"><small>Smigou) left.</small></div><div class="chat">Smigou)'s rating: 1045 → <strong>1041</strong><br>(-4 for losing)</div><div class="chat">The frozen lopunny's rating: 1393 → <strong>1398</strong><br>(+5 for winning)</div></div><div class="inner-preempt"></div></div></div>
</div>
<script>
let daily = Math.floor(Date.now()/1000/60/60/24);document.write('<script src="https://play.pokemonshowdown.com/js/replay-embed.js?version'+daily+'"></'+'script>');
</script>
