<!DOCTYPE html>
<meta charset="utf-8" />
<!-- version 1 -->
<title>UU replay: Chief Time vs. Hydra Dominatus</title>
<style>
html,body {font-family:Verdana, sans-serif;font-size:10pt;margin:0;padding:0;}body{padding:12px 0;} .battle-log {font-family:Verdana, sans-serif;font-size:10pt;} .battle-log-inline {border:1px solid #AAAAAA;background:#EEF2F5;color:black;max-width:640px;margin:0 auto 80px;padding-bottom:5px;} .battle-log .inner {padding:4px 8px 0px 8px;} .battle-log .inner-preempt {padding:0 8px 4px 8px;} .battle-log .inner-after {margin-top:0.5em;} .battle-log h2 {margin:0.5em -8px;padding:4px 8px;border:1px solid #AAAAAA;background:#E0E7EA;border-left:0;border-right:0;font-family:Verdana, sans-serif;font-size:13pt;} .battle-log .chat {vertical-align:middle;padding:3px 0 3px 0;font-size:8pt;} .battle-log .chat strong {color:#40576A;} .battle-log .chat em {padding:1px 4px 1px 3px;color:#000000;font-style:normal;} .chat.mine {background:rgba(0,0,0,0.05);margin-left:-8px;margin-right:-8px;padding-left:8px;padding-right:8px;} .spoiler {color:#BBBBBB;background:#BBBBBB;padding:0px 3px;} .spoiler:hover, .spoiler:active, .spoiler-shown {color:#000000;background:#E2E2E2;padding:0px 3px;} .spoiler a {color:#BBBBBB;} .spoiler:hover a, .spoiler:active a, .spoiler-shown a {color:#2288CC;} .chat code, .chat .spoiler:hover code, .chat .spoiler:active code, .chat .spoiler-shown code {border:1px solid #C0C0C0;background:#EEEEEE;color:black;padding:0 2px;} .chat .spoiler code {border:1px solid #CCCCCC;background:#CCCCCC;color:#CCCCCC;} .battle-log .rated {padding:3px 4px;} .battle-log .rated strong {color:white;background:#89A;padding:1px 4px;border-radius:4px;} .spacer {margin-top:0.5em;} .message-announce {background:#6688AA;color:white;padding:1px 4px 2px;} .message-announce a, .broadcast-green a, .broadcast-blue a, .broadcast-red a {color:#DDEEFF;} .broadcast-green {background-color:#559955;color:white;padding:2px 4px;} .broadcast-blue {background-color:#6688AA;color:white;padding:2px 4px;} .infobox {border:1px solid #6688AA;padding:2px 4px;} .infobox-limited {max-height:200px;overflow:auto;overflow-x:hidden;} .broadcast-red {background-color:#AA5544;color:white;padding:2px 4px;} .message-learn-canlearn {font-weight:bold;color:#228822;text-decoration:underline;} .message-learn-cannotlearn {font-weight:bold;color:#CC2222;text-decoration:underline;} .message-effect-weak {font-weight:bold;color:#CC2222;} .message-effect-resist {font-weight:bold;color:#6688AA;} .message-effect-immune {font-weight:bold;color:#666666;} .message-learn-list {margin-top:0;margin-bottom:0;} .message-throttle-notice, .message-error {color:#992222;} .message-overflow, .chat small.message-overflow {font-size:0pt;} .message-overflow::before {font-size:9pt;content:'...';} .subtle {color:#3A4A66;}
</style>
<div class="wrapper replay-wrapper" style="max-width:1180px;margin:0 auto">
<input type="hidden" name="replayid" value="uu-572443368" />
<div class="battle"></div><div class="battle-log"></div><div class="replay-controls"></div><div class="replay-controls-2"></div>
<h1 style="font-weight:normal;text-align:center"><strong>UU</strong><br /><a href="http://pokemonshowdown.com/users/chieftime" class="subtle" target="_blank">Chief Time</a> vs. <a href="http://pokemonshowdown.com/users/hydradominatus" class="subtle" target="_blank">Hydra Dominatus</a></h1>
<script type="text/plain" class="battle-log-data">|j|Chief Time
|j|Hydra Dominatus
|player|p1|Chief Time|153
|player|p2|Hydra Dominatus|254
|gametype|singles
|gen|6
|tier|UU
|rated
|seed|37020,41449,23099,10507
|rule|Sleep Clause Mod: Limit one foe put to sleep
|rule|Species Clause: Limit one of each Pokémon
|rule|OHKO Clause: OHKO moves are banned
|rule|Moody Clause: Moody is banned
|rule|Evasion Moves Clause: Evasion moves are banned
|rule|Endless Battle Clause: Forcing endless battles is banned
|rule|HP Percentage Mod: HP is shown in percentages
|clearpoke
|poke|p1|Chandelure, M|item
|poke|p1|Darmanitan, F|item
|poke|p1|Rotom-Heat|item
|poke|p1|Moltres|item
|poke|p1|Gyarados, F|item
|poke|p1|Aerodactyl, F|item
|poke|p2|Banette, M, shiny|item
|poke|p2|Infernape, M, shiny|item
|poke|p2|Haxorus, M, shiny|item
|poke|p2|Chatot, M, shiny|item
|poke|p2|Yanmega, M, shiny|item
|poke|p2|Lucario, M|item
|rule|Swagger Clause: Swagger is banned
|rule|Baton Pass Clause: Limit one Baton Passer, can't pass Spe and other stats simultaneously
|teampreview
|inactive|Battle timer is ON: inactive players will automatically lose when time's up. (requested by Hydra Dominatus)
|choice|team 4, team 2, team 3, team 1, team 5, team 6|team 2, team 1, team 3, team 4, team 5, team 6
|
|start
|switch|p1a: Moltres|Moltres|321\/321
|switch|p2a: Infernape|Infernape, M, shiny|294\/294
|-ability|p1a: Moltres|Pressure
|turn|1
|choice|move hurricane|move stealthrock
|
|move|p2a: Infernape|Stealth Rock|p1a: Moltres
|-sidestart|p1: Chief Time|move: Stealth Rock
|move|p1a: Moltres|Hurricane|p2a: Infernape
|-supereffective|p2a: Infernape
|-enditem|p2a: Infernape|Focus Sash
|-damage|p2a: Infernape|1\/294
|-start|p2a: Infernape|confusion
|-damage|p1a: Moltres|289\/321|[from] item: Life Orb
|
|upkeep
|turn|2
|choice|move agility|move thunderpunch
|
|-activate|p2a: Infernape|confusion
|move|p2a: Infernape|Thunder Punch|p1a: Moltres
|-supereffective|p1a: Moltres
|-damage|p1a: Moltres|85\/321
|move|p1a: Moltres|Agility|p1a: Moltres
|-boost|p1a: Moltres|spe|2
|
|upkeep
|turn|3
|choice|move ancientpower|move thunderpunch
|
|move|p1a: Moltres|Ancient Power|p2a: Infernape
|-damage|p2a: Infernape|0 fnt
|-damage|p1a: Moltres|53\/321|[from] item: Life Orb
|faint|p2a: Infernape
|
|upkeep
|choice||switch 6
|
|switch|p2a: Lucario|Lucario, M|282\/282
|turn|4
|choice|move flamethrower|move extremespeed
|
|move|p2a: Lucario|Extreme Speed|p1a: Moltres
|-damage|p1a: Moltres|0 fnt
|faint|p1a: Moltres
|
|upkeep
|choice|switch 2|
|
|switch|p1a: Darmanitan|Darmanitan, F|352\/352
|-damage|p1a: Darmanitan|264\/352|[from] Stealth Rock
|turn|5
|choice|move flareblitz|switch 3
|
|switch|p2a: Haxorus|Haxorus, M, shiny|294\/294
|-ability|p2a: Haxorus|Mold Breaker
|move|p1a: Darmanitan|Flare Blitz|p2a: Haxorus
|-resisted|p2a: Haxorus
|-damage|p2a: Haxorus|30\/294
|-damage|p1a: Darmanitan|177\/352|[from] recoil|[of] p2a: Haxorus
|
|upkeep
|turn|6
|choice|move flareblitz|move outrage
|
|move|p2a: Haxorus|Outrage|p1a: Darmanitan
|-damage|p1a: Darmanitan|0 fnt
|faint|p1a: Darmanitan
|
|upkeep
|choice|switch 5|
|
|switch|p1a: Gyarados|Gyarados, F|331\/331
|-damage|p1a: Gyarados|249\/331|[from] Stealth Rock
|turn|7
|choice|move dragondance|move outrage
|
|move|p2a: Haxorus|Outrage|p1a: Gyarados|[from]lockedmove
|-damage|p1a: Gyarados|0 fnt
|faint|p1a: Gyarados
|
|upkeep
|choice|switch 6|
|
|switch|p1a: Aerodactyl|Aerodactyl, F|301\/301
|-ability|p1a: Aerodactyl|Unnerve|p2: Hydra Dominatus
|-damage|p1a: Aerodactyl|226\/301|[from] Stealth Rock
|turn|8
|choice|move aerialace mega|move outrage
|
|detailschange|p1a: Aerodactyl|Aerodactyl-Mega, F
|-mega|p1a: Aerodactyl|Aerodactyl|Aerodactylite
|move|p2a: Haxorus|Outrage|p1a: Aerodactyl|[from]lockedmove
|-damage|p1a: Aerodactyl|0 fnt
|-start|p2a: Haxorus|confusion|[fatigue]
|faint|p1a: Aerodactyl
|
|upkeep
|choice|switch 3|
|
|switch|p1a: Rotom|Rotom-Heat|304\/304
|-damage|p1a: Rotom|228\/304|[from] Stealth Rock
|turn|9
|choice|move discharge|move outrage
|
|-activate|p2a: Haxorus|confusion
|move|p2a: Haxorus|Outrage|p1a: Rotom
|-damage|p1a: Rotom|5\/304
|move|p1a: Rotom|Discharge|p2a: Haxorus
|-resisted|p2a: Haxorus
|-crit|p2a: Haxorus
|-damage|p2a: Haxorus|0 fnt
|faint|p2a: Haxorus
|
|upkeep
|choice||switch 3
|
|switch|p2a: Lucario|Lucario, M|282\/282
|turn|10
|choice|move overheat|move extremespeed
|
|move|p2a: Lucario|Extreme Speed|p1a: Rotom
|-damage|p1a: Rotom|0 fnt
|faint|p1a: Rotom
|
|upkeep
|choice|switch 4|
|
|switch|p1a: Chandelure|Chandelure, M|261\/261
|-damage|p1a: Chandelure|196\/261|[from] Stealth Rock
|turn|11
|choice|move fireblast|move stoneedge
|
|move|p2a: Lucario|Stone Edge|p1a: Chandelure
|-supereffective|p1a: Chandelure
|-crit|p1a: Chandelure
|-damage|p1a: Chandelure|0 fnt
|faint|p1a: Chandelure
|
|win|Hydra Dominatus
|raw|Chief Time's rating: 1136 &rarr; <strong>1122<\/strong><br \/>(-14 for losing)
|raw|Hydra Dominatus's rating: 1305 &rarr; <strong>1316<\/strong><br \/>(+11 for winning)
|c|☆Hydra Dominatus|gg</script>
</div>
<div class="battle-log battle-log-inline"><div class="inner"><div class="battle-options"></div><div class="inner"><div class="chat"><small>Chief Time joined.</small></div><div class="chat"><small>Hydra Dominatus joined.</small></div><div class=""><small>Format:</small> <br><strong>UU</strong></div><div class="rated"><strong>Rated battle</strong></div><div class=""><small><em>Sleep Clause Mod:</em> Limit one foe put to sleep</small></div><div class=""><small><em>Species Clause:</em> Limit one of each Pokémon</small></div><div class=""><small><em>OHKO Clause:</em> OHKO moves are banned</small></div><div class=""><small><em>Moody Clause:</em> Moody is banned</small></div><div class=""><small><em>Evasion Moves Clause:</em> Evasion moves are banned</small></div><div class=""><small><em>Endless Battle Clause:</em> Forcing endless battles is banned</small></div><div class=""><small><em>HP Percentage Mod:</em> HP is shown in percentages</small></div><div class=""><small><em>Swagger Clause:</em> Swagger is banned</small></div><div class=""><small><em>Baton Pass Clause:</em> Limit one Baton Passer, can't pass Spe and other stats simultaneously</small></div><div class="chat battle-history"><strong>Chief Time's team:</strong> <em style="color:#445566;display:block;">Chandelure / Darmanitan / Rotom-Heat / Moltres / Gyarados / Aerodactyl</em></div><div class="chat battle-history"><strong>Hydra Dominatus's team:</strong> <em style="color:#445566;display:block;">Banette / Infernape / Haxorus / Chatot / Yanmega / Lucario</em></div><div class="chat message-error">Battle timer is ON: inactive players will automatically lose when time's up. (requested by Hydra Dominatus)</div><div class="spacer battle-history"><br></div><div class="battle-history">Battle started between Chief Time and Hydra Dominatus!<br></div><div class="spacer battle-history"><br></div><div class="battle-history">Go! <strong>Moltres</strong>!<br></div><div class="spacer battle-history"><br></div><div class="battle-history">Hydra Dominatus sent out <strong>Infernape</strong>!<br></div><div class="battle-history"><small>[Moltres's Pressure]</small><br><small>Moltres is exerting its pressure!</small><br></div><div class="spacer battle-history"><br></div><h2 class="battle-history">Turn 1</h2><div class="spacer battle-history"><br></div><div class="battle-history">The opposing Infernape used <strong>Stealth Rock</strong>!<br></div><div class="battle-history"><small>Pointed stones float in the air around your team!</small><br></div><div class="spacer battle-history"><br></div><div class="battle-history">Moltres used <strong>Hurricane</strong>!<br></div><div class="battle-history"><small>It's super effective!</small><br></div><div class="battle-history"><small>The opposing Infernape hung on using its Focus Sash!</small><br></div><div class="battle-history"><small>(The opposing Infernape lost <abbr title="−293/294">99.7%</abbr> of its health!)</small><br></div><div class="battle-history"><small>The opposing Infernape became confused!</small><br></div><div class="battle-history"><small>Moltres lost some of its HP!</small><br></div><div class="spacer battle-history"><br></div><h2 class="battle-history">Turn 2</h2><div class="spacer battle-history"><br></div><div class="battle-history"><small>The opposing Infernape is confused!</small><br></div><div class="battle-history">The opposing Infernape used <strong>Thunder Punch</strong>!<br></div><div class="battle-history"><small>It's super effective!</small><br></div><div class="battle-history"><small>(Moltres lost <abbr title="−204/321">63.6%</abbr> of its health!)</small><br></div><div class="spacer battle-history"><br></div><div class="battle-history">Moltres used <strong>Agility</strong>!<br></div><div class="battle-history"><small>Moltres's Speed rose sharply!</small><br></div><div class="spacer battle-history"><br></div><h2 class="battle-history">Turn 3</h2><div class="spacer battle-history"><br></div><div class="battle-history">Moltres used <strong>Ancient Power</strong>!<br></div><div class="battle-history"><small>(The opposing Infernape lost <abbr title="−1/294">0.3%</abbr> of its health!)</small><br></div><div class="battle-history"><small>Moltres lost some of its HP!</small><br></div><div class="spacer battle-history"><br></div><div class="battle-history">The opposing Infernape fainted!<br></div><div class="spacer battle-history"><br></div><div class="battle-history">Hydra Dominatus sent out <strong>Lucario</strong>!<br></div><div class="spacer battle-history"><br></div><h2 class="battle-history">Turn 4</h2><div class="spacer battle-history"><br></div><div class="battle-history">The opposing Lucario used <strong>Extreme Speed</strong>!<br></div><div class="battle-history"><small>(Moltres lost <abbr title="−53/321">16.5%</abbr> of its health!)</small><br></div><div class="spacer battle-history"><br></div><div class="battle-history">Moltres fainted!<br></div><div class="spacer battle-history"><br></div><div class="battle-history">Go! <strong>Darmanitan</strong>!<br></div><div class="battle-history"><small>Pointed stones dug into Darmanitan!</small><br></div><div class="spacer battle-history"><br></div><h2 class="battle-history">Turn 5</h2><div class="spacer battle-history"><br></div><div class="battle-history">Hydra Dominatus withdrew Lucario!<br></div><div class="battle-history">Hydra Dominatus sent out <strong>Haxorus</strong>!<br></div><div class="battle-history"><small>[The opposing Haxorus's Mold Breaker]</small><br><small>The opposing Haxorus breaks the mold!</small><br></div><div class="spacer battle-history"><br></div><div class="battle-history">Darmanitan used <strong>Flare Blitz</strong>!<br></div><div class="battle-history"><small>It's not very effective...</small><br></div><div class="battle-history"><small>(The opposing Haxorus lost <abbr title="−264/294">89.8%</abbr> of its health!)</small><br></div><div class="battle-history"><small>Darmanitan is damaged by the recoil!</small><br></div><div class="spacer battle-history"><br></div><h2 class="battle-history">Turn 6</h2><div class="spacer battle-history"><br></div><div class="battle-history">The opposing Haxorus used <strong>Outrage</strong>!<br></div><div class="battle-history"><small>(Darmanitan lost <abbr title="−177/352">50.3%</abbr> of its health!)</small><br></div><div class="spacer battle-history"><br></div><div class="battle-history">Darmanitan fainted!<br></div><div class="spacer battle-history"><br></div><div class="battle-history">Go! <strong>Gyarados</strong>!<br></div><div class="battle-history"><small>Pointed stones dug into Gyarados!</small><br></div><div class="spacer battle-history"><br></div><h2 class="battle-history">Turn 7</h2><div class="spacer battle-history"><br></div><div class="battle-history">The opposing Haxorus used <strong>Outrage</strong>!<br></div><div class="battle-history"><small>(Gyarados lost <abbr title="−249/331">75.2%</abbr> of its health!)</small><br></div><div class="spacer battle-history"><br></div><div class="battle-history">Gyarados fainted!<br></div><div class="spacer battle-history"><br></div><div class="battle-history">Go! <strong>Aerodactyl</strong>!<br></div><div class="battle-history"><small>[Aerodactyl's Unnerve]</small><br><small>The opposing team is too nervous to eat Berries!</small><br></div><div class="battle-history"><small>Pointed stones dug into Aerodactyl!</small><br></div><div class="spacer battle-history"><br></div><h2 class="battle-history">Turn 8</h2><div class="spacer battle-history"><br></div><div class="battle-history"><small>Aerodactyl's Aerodactylite is reacting to Chief Time's Mega Bracelet!</small><br>Aerodactyl has Mega Evolved into Mega Aerodactyl!<br></div><div class="spacer battle-history"><br></div><div class="battle-history">The opposing Haxorus used <strong>Outrage</strong>!<br></div><div class="battle-history"><small>(Aerodactyl lost <abbr title="−226/301">75.1%</abbr> of its health!)</small><br></div><div class="battle-history"><small>The opposing Haxorus became confused due to fatigue!</small><br></div><div class="spacer battle-history"><br></div><div class="battle-history">Aerodactyl fainted!<br></div><div class="spacer battle-history"><br></div><div class="battle-history">Go! Rotom (<strong>Rotom-Heat</strong>)!<br></div><div class="battle-history"><small>Pointed stones dug into Rotom!</small><br></div><div class="spacer battle-history"><br></div><h2 class="battle-history">Turn 9</h2><div class="spacer battle-history"><br></div><div class="battle-history"><small>The opposing Haxorus is confused!</small><br></div><div class="battle-history">The opposing Haxorus used <strong>Outrage</strong>!<br></div><div class="battle-history"><small>(Rotom lost <abbr title="−223/304">73.4%</abbr> of its health!)</small><br></div><div class="spacer battle-history"><br></div><div class="battle-history">Rotom used <strong>Discharge</strong>!<br></div><div class="battle-history"><small>It's not very effective...</small><br></div><div class="battle-history"><small>A critical hit!</small><br></div><div class="battle-history"><small>(The opposing Haxorus lost <abbr title="−30/294">10.2%</abbr> of its health!)</small><br></div><div class="spacer battle-history"><br></div><div class="battle-history">The opposing Haxorus fainted!<br></div><div class="spacer battle-history"><br></div><div class="battle-history">Hydra Dominatus sent out <strong>Lucario</strong>!<br></div><div class="spacer battle-history"><br></div><h2 class="battle-history">Turn 10</h2><div class="spacer battle-history"><br></div><div class="battle-history">The opposing Lucario used <strong>Extreme Speed</strong>!<br></div><div class="battle-history"><small>(Rotom lost <abbr title="−5/304">1.6%</abbr> of its health!)</small><br></div><div class="spacer battle-history"><br></div><div class="battle-history">Rotom fainted!<br></div><div class="spacer battle-history"><br></div><div class="battle-history">Go! <strong>Chandelure</strong>!<br></div><div class="battle-history"><small>Pointed stones dug into Chandelure!</small><br></div><div class="spacer battle-history"><br></div><h2 class="battle-history">Turn 11</h2><div class="spacer battle-history"><br></div><div class="battle-history">The opposing Lucario used <strong>Stone Edge</strong>!<br></div><div class="battle-history"><small>It's super effective!</small><br></div><div class="battle-history"><small>A critical hit!</small><br></div><div class="battle-history"><small>(Chandelure lost <abbr title="−196/261">75.1%</abbr> of its health!)</small><br></div><div class="spacer battle-history"><br></div><div class="battle-history">Chandelure fainted!<br></div><div class="spacer battle-history"><br></div><div class="battle-history"><strong>Hydra Dominatus</strong> won the battle!<br></div><div class="chat">Chief Time's rating: 1136 → <strong>1122</strong><br>(-14 for losing)</div><div class="chat">Hydra Dominatus's rating: 1305 → <strong>1316</strong><br>(+11 for winning)</div><div class="chat chatmessage-hydradominatus"><strong style="color:hsl(280,62%,49%)"><small>☆</small><span class="username" data-name="Hydra Dominatus">Hydra Dominatus</span>:</strong> <em>gg</em></div></div><div class="inner-preempt"></div></div></div>
</div>
<script>
let daily = Math.floor(Date.now()/1000/60/60/24);document.write('<script src="https://play.pokemonshowdown.com/js/replay-embed.js?version'+daily+'"></'+'script>');
</script>
