<!DOCTYPE html>
<meta charset="utf-8" />
<!-- version 1 -->
<title>UU replay: wuhoodude vs. spittle</title>
<style>
html,body {font-family:Verdana, sans-serif;font-size:10pt;margin:0;padding:0;}body{padding:12px 0;} .battle-log {font-family:Verdana, sans-serif;font-size:10pt;} .battle-log-inline {border:1px solid #AAAAAA;background:#EEF2F5;color:black;max-width:640px;margin:0 auto 80px;padding-bottom:5px;} .battle-log .inner {padding:4px 8px 0px 8px;} .battle-log .inner-preempt {padding:0 8px 4px 8px;} .battle-log .inner-after {margin-top:0.5em;} .battle-log h2 {margin:0.5em -8px;padding:4px 8px;border:1px solid #AAAAAA;background:#E0E7EA;border-left:0;border-right:0;font-family:Verdana, sans-serif;font-size:13pt;} .battle-log .chat {vertical-align:middle;padding:3px 0 3px 0;font-size:8pt;} .battle-log .chat strong {color:#40576A;} .battle-log .chat em {padding:1px 4px 1px 3px;color:#000000;font-style:normal;} .chat.mine {background:rgba(0,0,0,0.05);margin-left:-8px;margin-right:-8px;padding-left:8px;padding-right:8px;} .spoiler {color:#BBBBBB;background:#BBBBBB;padding:0px 3px;} .spoiler:hover, .spoiler:active, .spoiler-shown {color:#000000;background:#E2E2E2;padding:0px 3px;} .spoiler a {color:#BBBBBB;} .spoiler:hover a, .spoiler:active a, .spoiler-shown a {color:#2288CC;} .chat code, .chat .spoiler:hover code, .chat .spoiler:active code, .chat .spoiler-shown code {border:1px solid #C0C0C0;background:#EEEEEE;color:black;padding:0 2px;} .chat .spoiler code {border:1px solid #CCCCCC;background:#CCCCCC;color:#CCCCCC;} .battle-log .rated {padding:3px 4px;} .battle-log .rated strong {color:white;background:#89A;padding:1px 4px;border-radius:4px;} .spacer {margin-top:0.5em;} .message-announce {background:#6688AA;color:white;padding:1px 4px 2px;} .message-announce a, .broadcast-green a, .broadcast-blue a, .broadcast-red a {color:#DDEEFF;} .broadcast-green {background-color:#559955;color:white;padding:2px 4px;} .broadcast-blue {background-color:#6688AA;color:white;padding:2px 4px;} .infobox {border:1px solid #6688AA;padding:2px 4px;} .infobox-limited {max-height:200px;overflow:auto;overflow-x:hidden;} .broadcast-red {background-color:#AA5544;color:white;padding:2px 4px;} .message-learn-canlearn {font-weight:bold;color:#228822;text-decoration:underline;} .message-learn-cannotlearn {font-weight:bold;color:#CC2222;text-decoration:underline;} .message-effect-weak {font-weight:bold;color:#CC2222;} .message-effect-resist {font-weight:bold;color:#6688AA;} .message-effect-immune {font-weight:bold;color:#666666;} .message-learn-list {margin-top:0;margin-bottom:0;} .message-throttle-notice, .message-error {color:#992222;} .message-overflow, .chat small.message-overflow {font-size:0pt;} .message-overflow::before {font-size:9pt;content:'...';} .subtle {color:#3A4A66;}
</style>
<div class="wrapper replay-wrapper" style="max-width:1180px;margin:0 auto">
<input type="hidden" name="replayid" value="uu-547541231" />
<div class="battle"></div><div class="battle-log"></div><div class="replay-controls"></div><div class="replay-controls-2"></div>
<h1 style="font-weight:normal;text-align:center"><strong>UU</strong><br /><a href="http://pokemonshowdown.com/users/wuhoodude" class="subtle" target="_blank">wuhoodude</a> vs. <a href="http://pokemonshowdown.com/users/spittle" class="subtle" target="_blank">spittle</a></h1>
<script type="text/plain" class="battle-log-data">|j|wuhoodude
|j|spittle
|player|p1|wuhoodude|124
|player|p2|spittle|141
|gametype|singles
|gen|6
|tier|UU
|seed|24146,38724,17842,14410
|rule|Sleep Clause Mod: Limit one foe put to sleep
|rule|Species Clause: Limit one of each Pokémon
|rule|OHKO Clause: OHKO moves are banned
|rule|Moody Clause: Moody is banned
|rule|Evasion Moves Clause: Evasion moves are banned
|rule|Endless Battle Clause: Forcing endless battles is banned
|rule|HP Percentage Mod: HP is shown in percentages
|clearpoke
|poke|p1|Entei, shiny|item
|poke|p1|Porygon-Z, shiny|item
|poke|p1|Infernape, M, shiny|item
|poke|p1|Crobat, M|item
|poke|p1|Doublade, M, shiny|item
|poke|p1|Krookodile, M, shiny|item
|poke|p2|Mamoswine, M|item
|poke|p2|Gyarados, F|item
|poke|p2|Conkeldurr, M|item
|poke|p2|Hydreigon, F|item
|poke|p2|Crobat, F|item
|poke|p2|Aerodactyl, F|item
|rule|Swagger Clause: Swagger is banned
|rule|Baton Pass Clause: Limit one Baton Passer, can't pass Spe and other stats simultaneously
|teampreview
|choice|team 6, team 2, team 3, team 4, team 5, team 1|team 3, team 2, team 1, team 4, team 5, team 6
|
|start
|switch|p1a: Krookodile|Krookodile, M, shiny|331\/331
|switch|p2a: Conkeldurr|Conkeldurr, M|351\/351
|-ability|p1a: Krookodile|Intimidate|boost
|-unboost|p2a: Conkeldurr|atk|1
|turn|1
|choice|switch 4|move focuspunch
|
|-singleturn|p2a: Conkeldurr|move: Focus Punch
|switch|p1a: Crobat|Crobat, M|373\/373
|move|p2a: Conkeldurr|Focus Punch|p1a: Crobat
|-resisted|p1a: Crobat
|-damage|p1a: Crobat|274\/373
|
|-heal|p1a: Crobat|297\/373|[from] item: Black Sludge
|upkeep
|turn|2
|c|☆spittle|damage.
|choice|move uturn|switch 6
|
|switch|p2a: Aerodactyl|Aerodactyl, F|301\/301
|move|p1a: Crobat|U-turn|p2a: Aerodactyl
|-resisted|p2a: Aerodactyl
|-damage|p2a: Aerodactyl|263\/301
|choice|switch 5|
|
|switch|p1a: Doublade|Doublade, M, shiny|322\/322
|
|upkeep
|turn|3
|choice|move ironhead|switch 6
|
|switch|p2a: Conkeldurr|Conkeldurr, M|351\/351
|move|p1a: Doublade|Iron Head|p2a: Conkeldurr
|-damage|p2a: Conkeldurr|213\/351
|
|upkeep
|turn|4
|choice|move ironhead|move knockoff
|
|move|p2a: Conkeldurr|Knock Off|p1a: Doublade
|-supereffective|p1a: Doublade
|-damage|p1a: Doublade|136\/322
|-enditem|p1a: Doublade|Eviolite|[from] move: Knock Off|[of] p2a: Conkeldurr
|move|p1a: Doublade|Iron Head|p2a: Conkeldurr
|-damage|p2a: Conkeldurr|65\/351
|
|upkeep
|turn|5
|j|Valeo
|c| Valeo|Holy unholy offensive
|choice|move sacredsword|switch 2
|
|switch|p2a: Gyarados|Gyarados, F|331\/331
|-ability|p2a: Gyarados|Intimidate|boost
|-unboost|p1a: Doublade|atk|1
|move|p1a: Doublade|Sacred Sword|p2a: Gyarados
|-resisted|p2a: Gyarados
|-damage|p2a: Gyarados|291\/331
|
|upkeep
|turn|6
|choice|move ironhead|move dragondance
|
|move|p2a: Gyarados|Dragon Dance|p2a: Gyarados
|-boost|p2a: Gyarados|atk|1
|-boost|p2a: Gyarados|spe|1
|move|p1a: Doublade|Iron Head|p2a: Gyarados
|-resisted|p2a: Gyarados
|-damage|p2a: Gyarados|237\/331
|
|upkeep
|turn|7
|choice|move swordsdance|move earthquake
|
|move|p2a: Gyarados|Earthquake|p1a: Doublade
|-supereffective|p1a: Doublade
|-damage|p1a: Doublade|0 fnt
|faint|p1a: Doublade
|
|upkeep
|choice|switch 3|
|
|switch|p1a: Fire Monkey|Infernape, M, shiny|293\/293
|turn|8
|c|☆spittle|it's my bird spam team
|choice|move stoneedge|switch 3
|
|switch|p2a: Mamoswine|Mamoswine, M|361\/361
|move|p1a: Fire Monkey|Stone Edge|p2a: Mamoswine|[miss]
|-miss|p1a: Fire Monkey|p2a: Mamoswine
|
|upkeep
|turn|9
|c|☆wuhoodude|where are my switchins
|c| Valeo|bird spam + mamo
|choice|switch 4|move stealthrock
|
|switch|p1a: Krookodile|Krookodile, M, shiny|331\/331
|-ability|p1a: Krookodile|Intimidate|boost
|-unboost|p2a: Mamoswine|atk|1
|move|p2a: Mamoswine|Stealth Rock|p1a: Krookodile
|-sidestart|p1: wuhoodude|move: Stealth Rock
|
|upkeep
|turn|10
|choice|move stealthrock|switch 3
|
|switch|p2a: Gyarados|Gyarados, F|237\/331
|-ability|p2a: Gyarados|Intimidate|boost
|-unboost|p1a: Krookodile|atk|1
|move|p1a: Krookodile|Stealth Rock|p2a: Gyarados
|-sidestart|p2: spittle|move: Stealth Rock
|
|upkeep
|turn|11
|c| Valeo|mamo has like 2 or 3 solid switchins at best in gen 6
|choice|move taunt|move dragondance
|
|move|p1a: Krookodile|Taunt|p2a: Gyarados
|-start|p2a: Gyarados|move: Taunt
|cant|p2a: Gyarados|move: Taunt|Dragon Dance
|
|upkeep
|turn|12
|c|☆spittle|cress, zong, rotom-h
|choice|move knockoff|move waterfall
|
|move|p1a: Krookodile|Knock Off|p2a: Gyarados
|-damage|p2a: Gyarados|102\/331
|-enditem|p2a: Gyarados|Lum Berry|[from] move: Knock Off|[of] p1a: Krookodile
|move|p2a: Gyarados|Waterfall|p1a: Krookodile
|-supereffective|p1a: Krookodile
|-damage|p1a: Krookodile|0 fnt
|faint|p1a: Krookodile
|
|upkeep
|c| Valeo|Then the argument goes along the path of
|c| Valeo|'Oh there's knock off'
|c| Valeo|Or 'Stone miss exists'
|choice|switch 6|
|
|switch|p1a: Entei|Entei, shiny|371\/371
|-damage|p1a: Entei|279\/371|[from] Stealth Rock
|-ability|p1a: Entei|Pressure
|turn|13
|choice|move extremespeed|move waterfall
|
|move|p1a: Entei|Extreme Speed|p2a: Gyarados
|-damage|p2a: Gyarados|0 fnt
|faint|p2a: Gyarados
|
|upkeep
|choice||switch 6
|
|switch|p2a: Aerodactyl|Aerodactyl, F|263\/301
|-damage|p2a: Aerodactyl|188\/301|[from] Stealth Rock
|turn|14
|choice|move extremespeed|move stoneedge mega
|
|detailschange|p2a: Aerodactyl|Aerodactyl-Mega, F
|-mega|p2a: Aerodactyl|Aerodactyl|Aerodactylite
|move|p1a: Entei|Extreme Speed|p2a: Aerodactyl
|-resisted|p2a: Aerodactyl
|-damage|p2a: Aerodactyl|103\/301
|move|p2a: Aerodactyl|Stone Edge|p1a: Entei
|-supereffective|p1a: Entei
|-damage|p1a: Entei|0 fnt
|faint|p1a: Entei
|
|upkeep
|choice|switch 4|
|
|switch|p1a: Fire Monkey|Infernape, M, shiny|293\/293
|-damage|p1a: Fire Monkey|257\/293|[from] Stealth Rock
|turn|15
|choice|move stoneedge|switch 5
|
|switch|p2a: Crobat|Crobat, F|311\/311
|-damage|p2a: Crobat|234\/311|[from] Stealth Rock
|move|p1a: Fire Monkey|Stone Edge|p2a: Crobat
|-supereffective|p2a: Crobat
|-damage|p2a: Crobat|0 fnt
|faint|p2a: Crobat
|
|upkeep
|choice||switch 3
|
|switch|p2a: Mamoswine|Mamoswine, M|361\/361
|-damage|p2a: Mamoswine|316\/361|[from] Stealth Rock
|turn|16
|choice|switch 5|move knockoff
|
|switch|p1a: Crobat|Crobat, M|297\/373
|-damage|p1a: Crobat|204\/373|[from] Stealth Rock
|move|p2a: Mamoswine|Knock Off|p1a: Crobat
|-damage|p1a: Crobat|10\/373
|-enditem|p1a: Crobat|Black Sludge|[from] move: Knock Off|[of] p2a: Mamoswine
|-damage|p2a: Mamoswine|280\/361|[from] item: Life Orb
|
|upkeep
|turn|17
|choice|move roost|move iceshard
|
|move|p2a: Mamoswine|Ice Shard|p1a: Crobat
|-supereffective|p1a: Crobat
|-damage|p1a: Crobat|0 fnt
|-damage|p2a: Mamoswine|244\/361|[from] item: Life Orb
|faint|p1a: Crobat
|
|upkeep
|c| Valeo|Mind if we play a game sparrow?
|c|☆spittle|i'm sure you must have faced this team on oras ladder in the past?
|c|☆spittle|no problem valeo
|c|☆spittle|send me a challenge
|c| Valeo|Sounds good
|choice|switch 5|
|
|switch|p1a: Fire Monkey|Infernape, M, shiny|257\/293
|-damage|p1a: Fire Monkey|221\/293|[from] Stealth Rock
|turn|18
|choice|move closecombat|move iceshard
|
|move|p2a: Mamoswine|Ice Shard|p1a: Fire Monkey
|-resisted|p1a: Fire Monkey
|-damage|p1a: Fire Monkey|156\/293
|-damage|p2a: Mamoswine|208\/361|[from] item: Life Orb
|move|p1a: Fire Monkey|Close Combat|p2a: Mamoswine
|-supereffective|p2a: Mamoswine
|-damage|p2a: Mamoswine|0 fnt
|-unboost|p1a: Fire Monkey|def|1
|-unboost|p1a: Fire Monkey|spd|1
|faint|p2a: Mamoswine
|
|upkeep
|choice||switch 2
|
|switch|p2a: Conkeldurr|Conkeldurr, M|65\/351
|-damage|p2a: Conkeldurr|44\/351|[from] Stealth Rock
|turn|19
|choice|switch 2|move machpunch
|
|switch|p1a: Porygon-Z|Porygon-Z, shiny|311\/311
|-damage|p1a: Porygon-Z|273\/311|[from] Stealth Rock
|move|p2a: Conkeldurr|Mach Punch|p1a: Porygon-Z
|-supereffective|p1a: Porygon-Z
|-damage|p1a: Porygon-Z|0 fnt
|faint|p1a: Porygon-Z
|
|upkeep
|choice|switch 2|
|
|switch|p1a: Fire Monkey|Infernape, M, shiny|156\/293
|-damage|p1a: Fire Monkey|120\/293|[from] Stealth Rock
|turn|20
|choice|move closecombat|move machpunch
|
|move|p2a: Conkeldurr|Mach Punch|p1a: Fire Monkey
|-damage|p1a: Fire Monkey|0 fnt
|faint|p1a: Fire Monkey
|
|win|spittle
|player|p1
|player|p2
|c|☆wuhoodude|gg
|c|☆spittle|gg
|l|wuhoodude</script>
</div>
<div class="battle-log battle-log-inline"><div class="inner"><div class="battle-options"></div><div class="inner"><div class="chat"><small>wuhoodude joined.</small></div><div class="chat"><small>spittle joined.</small></div><div class=""><small>Format:</small> <br><strong>UU</strong></div><div class=""><small><em>Sleep Clause Mod:</em> Limit one foe put to sleep</small></div><div class=""><small><em>Species Clause:</em> Limit one of each Pokémon</small></div><div class=""><small><em>OHKO Clause:</em> OHKO moves are banned</small></div><div class=""><small><em>Moody Clause:</em> Moody is banned</small></div><div class=""><small><em>Evasion Moves Clause:</em> Evasion moves are banned</small></div><div class=""><small><em>Endless Battle Clause:</em> Forcing endless battles is banned</small></div><div class=""><small><em>HP Percentage Mod:</em> HP is shown in percentages</small></div><div class=""><small><em>Swagger Clause:</em> Swagger is banned</small></div><div class=""><small><em>Baton Pass Clause:</em> Limit one Baton Passer, can't pass Spe and other stats simultaneously</small></div><div class="chat battle-history"><strong>wuhoodude's team:</strong> <em style="color:#445566;display:block;">Entei / Porygon-Z / Infernape / Crobat / Doublade / Krookodile</em></div><div class="chat battle-history"><strong>spittle's team:</strong> <em style="color:#445566;display:block;">Mamoswine / Gyarados / Conkeldurr / Hydreigon / Crobat / Aerodactyl</em></div><div class="spacer battle-history"><br></div><div class="battle-history">Battle started between wuhoodude and spittle!<br></div><div class="spacer battle-history"><br></div><div class="battle-history">Go! <strong>Krookodile</strong>!<br></div><div class="spacer battle-history"><br></div><div class="battle-history">spittle sent out <strong>Conkeldurr</strong>!<br></div><div class="battle-history"><small>[Krookodile's Intimidate]</small><br></div><div class="battle-history"><small>The opposing Conkeldurr's Attack fell!</small><br></div><div class="spacer battle-history"><br></div><h2 class="battle-history">Turn 1</h2><div class="spacer battle-history"><br></div><div class="battle-history"><small>The opposing Conkeldurr is tightening its focus!</small><br></div><div class="spacer battle-history"><br></div><div class="battle-history">Krookodile, come back!<br></div><div class="battle-history">Go! <strong>Crobat</strong>!<br></div><div class="spacer battle-history"><br></div><div class="battle-history">The opposing Conkeldurr used <strong>Focus Punch</strong>!<br></div><div class="battle-history"><small>It's not very effective...</small><br></div><div class="battle-history"><small>(Crobat lost <abbr title="−99/373">26.5%</abbr> of its health!)</small><br></div><div class="spacer battle-history"><br></div><div class="battle-history"><small>Crobat restored a little HP using its Black Sludge!</small><br></div><div class="spacer battle-history"><br></div><h2 class="battle-history">Turn 2</h2><div class="chat chatmessage-spittle"><strong style="color:hsl(90,47%,43%)"><small>☆</small><span class="username" data-name="spittle">spittle</span>:</strong> <em>damage.</em></div><div class="spacer battle-history"><br></div><div class="battle-history">spittle withdrew Conkeldurr!<br></div><div class="battle-history">spittle sent out <strong>Aerodactyl</strong>!<br></div><div class="spacer battle-history"><br></div><div class="battle-history">Crobat used <strong>U-turn</strong>!<br></div><div class="battle-history"><small>It's not very effective...</small><br></div><div class="battle-history"><small>(The opposing Aerodactyl lost <abbr title="−38/301">12.6%</abbr> of its health!)</small><br></div><div class="spacer battle-history"><br></div><div class="battle-history">Crobat went back to wuhoodude!<br></div><div class="battle-history">Go! <strong>Doublade</strong>!<br></div><div class="spacer battle-history"><br></div><h2 class="battle-history">Turn 3</h2><div class="spacer battle-history"><br></div><div class="battle-history">spittle withdrew Aerodactyl!<br></div><div class="battle-history">spittle sent out <strong>Conkeldurr</strong>!<br></div><div class="spacer battle-history"><br></div><div class="battle-history">Doublade used <strong>Iron Head</strong>!<br></div><div class="battle-history"><small>(The opposing Conkeldurr lost <abbr title="−138/351">39.3%</abbr> of its health!)</small><br></div><div class="spacer battle-history"><br></div><h2 class="battle-history">Turn 4</h2><div class="spacer battle-history"><br></div><div class="battle-history">The opposing Conkeldurr used <strong>Knock Off</strong>!<br></div><div class="battle-history"><small>It's super effective!</small><br></div><div class="battle-history"><small>(Doublade lost <abbr title="−186/322">57.8%</abbr> of its health!)</small><br></div><div class="battle-history"><small>The opposing Conkeldurr knocked off Doublade's Eviolite!</small><br></div><div class="spacer battle-history"><br></div><div class="battle-history">Doublade used <strong>Iron Head</strong>!<br></div><div class="battle-history"><small>(The opposing Conkeldurr lost <abbr title="−148/351">42.2%</abbr> of its health!)</small><br></div><div class="spacer battle-history"><br></div><h2 class="battle-history">Turn 5</h2><div class="chat"><small>Valeo joined.</small></div><div class="chat chatmessage-valeo"><strong style="color:hsl(114,89%,31.907630395246564%)"><small> </small><span class="username" data-name="Valeo">Valeo</span>:</strong> <em>Holy unholy offensive</em></div><div class="spacer battle-history"><br></div><div class="battle-history">spittle withdrew Conkeldurr!<br></div><div class="battle-history">spittle sent out <strong>Gyarados</strong>!<br></div><div class="battle-history"><small>[The opposing Gyarados's Intimidate]</small><br></div><div class="battle-history"><small>Doublade's Attack fell!</small><br></div><div class="spacer battle-history"><br></div><div class="battle-history">Doublade used <strong>Sacred Sword</strong>!<br></div><div class="battle-history"><small>It's not very effective...</small><br></div><div class="battle-history"><small>(The opposing Gyarados lost <abbr title="−40/331">12.1%</abbr> of its health!)</small><br></div><div class="spacer battle-history"><br></div><h2 class="battle-history">Turn 6</h2><div class="spacer battle-history"><br></div><div class="battle-history">The opposing Gyarados used <strong>Dragon Dance</strong>!<br></div><div class="battle-history"><small>The opposing Gyarados's Attack rose!</small><br></div><div class="battle-history"><small>The opposing Gyarados's Speed rose!</small><br></div><div class="spacer battle-history"><br></div><div class="battle-history">Doublade used <strong>Iron Head</strong>!<br></div><div class="battle-history"><small>It's not very effective...</small><br></div><div class="battle-history"><small>(The opposing Gyarados lost <abbr title="−54/331">16.3%</abbr> of its health!)</small><br></div><div class="spacer battle-history"><br></div><h2 class="battle-history">Turn 7</h2><div class="spacer battle-history"><br></div><div class="battle-history">The opposing Gyarados used <strong>Earthquake</strong>!<br></div><div class="battle-history"><small>It's super effective!</small><br></div><div class="battle-history"><small>(Doublade lost <abbr title="−136/322">42.2%</abbr> of its health!)</small><br></div><div class="spacer battle-history"><br></div><div class="battle-history">Doublade fainted!<br></div><div class="spacer battle-history"><br></div><div class="battle-history">Go! Fire Monkey (<strong>Infernape</strong>)!<br></div><div class="spacer battle-history"><br></div><h2 class="battle-history">Turn 8</h2><div class="chat chatmessage-spittle"><strong style="color:hsl(90,47%,43%)"><small>☆</small><span class="username" data-name="spittle">spittle</span>:</strong> <em>it's my bird spam team</em></div><div class="spacer battle-history"><br></div><div class="battle-history">spittle withdrew Gyarados!<br></div><div class="battle-history">spittle sent out <strong>Mamoswine</strong>!<br></div><div class="spacer battle-history"><br></div><div class="battle-history">Fire Monkey used <strong>Stone Edge</strong>!<br></div><div class="battle-history"><small>The opposing Mamoswine avoided the attack!</small><br></div><div class="spacer battle-history"><br></div><h2 class="battle-history">Turn 9</h2><div class="chat chatmessage-wuhoodude"><strong style="color:hsl(38,42%,45%)"><small>☆</small><span class="username" data-name="wuhoodude">wuhoodude</span>:</strong> <em>where are my switchins</em></div><div class="chat chatmessage-valeo"><strong style="color:hsl(114,89%,31.907630395246564%)"><small> </small><span class="username" data-name="Valeo">Valeo</span>:</strong> <em>bird spam + mamo</em></div><div class="spacer battle-history"><br></div><div class="battle-history">Fire Monkey, come back!<br></div><div class="battle-history">Go! <strong>Krookodile</strong>!<br></div><div class="battle-history"><small>[Krookodile's Intimidate]</small><br></div><div class="battle-history"><small>The opposing Mamoswine's Attack fell!</small><br></div><div class="spacer battle-history"><br></div><div class="battle-history">The opposing Mamoswine used <strong>Stealth Rock</strong>!<br></div><div class="battle-history"><small>Pointed stones float in the air around your team!</small><br></div><div class="spacer battle-history"><br></div><h2 class="battle-history">Turn 10</h2><div class="spacer battle-history"><br></div><div class="battle-history">spittle withdrew Mamoswine!<br></div><div class="battle-history">spittle sent out <strong>Gyarados</strong>!<br></div><div class="battle-history"><small>[The opposing Gyarados's Intimidate]</small><br></div><div class="battle-history"><small>Krookodile's Attack fell!</small><br></div><div class="spacer battle-history"><br></div><div class="battle-history">Krookodile used <strong>Stealth Rock</strong>!<br></div><div class="battle-history"><small>Pointed stones float in the air around the opposing team!</small><br></div><div class="spacer battle-history"><br></div><h2 class="battle-history">Turn 11</h2><div class="chat chatmessage-valeo"><strong style="color:hsl(114,89%,31.907630395246564%)"><small> </small><span class="username" data-name="Valeo">Valeo</span>:</strong> <em>mamo has like 2 or 3 solid switchins at best in gen 6</em></div><div class="spacer battle-history"><br></div><div class="battle-history">Krookodile used <strong>Taunt</strong>!<br></div><div class="battle-history"><small>The opposing Gyarados fell for the taunt!</small><br></div><div class="spacer battle-history"><br></div><div class="battle-history">The opposing Gyarados can't use Dragon Dance after the taunt!<br></div><div class="spacer battle-history"><br></div><h2 class="battle-history">Turn 12</h2><div class="chat chatmessage-spittle"><strong style="color:hsl(90,47%,43%)"><small>☆</small><span class="username" data-name="spittle">spittle</span>:</strong> <em>cress, zong, rotom-h</em></div><div class="spacer battle-history"><br></div><div class="battle-history">Krookodile used <strong>Knock Off</strong>!<br></div><div class="battle-history"><small>(The opposing Gyarados lost <abbr title="−135/331">40.8%</abbr> of its health!)</small><br></div><div class="battle-history"><small>Krookodile knocked off the opposing Gyarados's Lum Berry!</small><br></div><div class="spacer battle-history"><br></div><div class="battle-history">The opposing Gyarados used <strong>Waterfall</strong>!<br></div><div class="battle-history"><small>It's super effective!</small><br></div><div class="battle-history"><small>(Krookodile lost <abbr title="−331/331">100%</abbr> of its health!)</small><br></div><div class="spacer battle-history"><br></div><div class="battle-history">Krookodile fainted!<br></div><div class="chat chatmessage-valeo"><strong style="color:hsl(114,89%,31.907630395246564%)"><small> </small><span class="username" data-name="Valeo">Valeo</span>:</strong> <em>Then the argument goes along the path of</em></div><div class="chat chatmessage-valeo"><strong style="color:hsl(114,89%,31.907630395246564%)"><small> </small><span class="username" data-name="Valeo">Valeo</span>:</strong> <em>'Oh there's knock off'</em></div><div class="chat chatmessage-valeo"><strong style="color:hsl(114,89%,31.907630395246564%)"><small> </small><span class="username" data-name="Valeo">Valeo</span>:</strong> <em>Or 'Stone miss exists'</em></div><div class="spacer battle-history"><br></div><div class="battle-history">Go! <strong>Entei</strong>!<br></div><div class="battle-history"><small>Pointed stones dug into Entei!</small><br></div><div class="battle-history"><small>[Entei's Pressure]</small><br><small>Entei is exerting its pressure!</small><br></div><div class="spacer battle-history"><br></div><h2 class="battle-history">Turn 13</h2><div class="spacer battle-history"><br></div><div class="battle-history">Entei used <strong>Extreme Speed</strong>!<br></div><div class="battle-history"><small>(The opposing Gyarados lost <abbr title="−102/331">30.8%</abbr> of its health!)</small><br></div><div class="spacer battle-history"><br></div><div class="battle-history">The opposing Gyarados fainted!<br></div><div class="spacer battle-history"><br></div><div class="battle-history">spittle sent out <strong>Aerodactyl</strong>!<br></div><div class="battle-history"><small>Pointed stones dug into the opposing Aerodactyl!</small><br></div><div class="spacer battle-history"><br></div><h2 class="battle-history">Turn 14</h2><div class="spacer battle-history"><br></div><div class="battle-history"><small>The opposing Aerodactyl's Aerodactylite is reacting to spittle's Mega Bracelet!</small><br>The opposing Aerodactyl has Mega Evolved into Mega Aerodactyl!<br></div><div class="spacer battle-history"><br></div><div class="battle-history">Entei used <strong>Extreme Speed</strong>!<br></div><div class="battle-history"><small>It's not very effective...</small><br></div><div class="battle-history"><small>(The opposing Aerodactyl lost <abbr title="−85/301">28.2%</abbr> of its health!)</small><br></div><div class="spacer battle-history"><br></div><div class="battle-history">The opposing Aerodactyl used <strong>Stone Edge</strong>!<br></div><div class="battle-history"><small>It's super effective!</small><br></div><div class="battle-history"><small>(Entei lost <abbr title="−279/371">75.2%</abbr> of its health!)</small><br></div><div class="spacer battle-history"><br></div><div class="battle-history">Entei fainted!<br></div><div class="spacer battle-history"><br></div><div class="battle-history">Go! Fire Monkey (<strong>Infernape</strong>)!<br></div><div class="battle-history"><small>Pointed stones dug into Fire Monkey!</small><br></div><div class="spacer battle-history"><br></div><h2 class="battle-history">Turn 15</h2><div class="spacer battle-history"><br></div><div class="battle-history">spittle withdrew Aerodactyl!<br></div><div class="battle-history">spittle sent out <strong>Crobat</strong>!<br></div><div class="battle-history"><small>Pointed stones dug into the opposing Crobat!</small><br></div><div class="spacer battle-history"><br></div><div class="battle-history">Fire Monkey used <strong>Stone Edge</strong>!<br></div><div class="battle-history"><small>It's super effective!</small><br></div><div class="battle-history"><small>(The opposing Crobat lost <abbr title="−234/311">75.2%</abbr> of its health!)</small><br></div><div class="spacer battle-history"><br></div><div class="battle-history">The opposing Crobat fainted!<br></div><div class="spacer battle-history"><br></div><div class="battle-history">spittle sent out <strong>Mamoswine</strong>!<br></div><div class="battle-history"><small>Pointed stones dug into the opposing Mamoswine!</small><br></div><div class="spacer battle-history"><br></div><h2 class="battle-history">Turn 16</h2><div class="spacer battle-history"><br></div><div class="battle-history">Fire Monkey, come back!<br></div><div class="battle-history">Go! <strong>Crobat</strong>!<br></div><div class="battle-history"><small>Pointed stones dug into Crobat!</small><br></div><div class="spacer battle-history"><br></div><div class="battle-history">The opposing Mamoswine used <strong>Knock Off</strong>!<br></div><div class="battle-history"><small>(Crobat lost <abbr title="−194/373">52.0%</abbr> of its health!)</small><br></div><div class="battle-history"><small>The opposing Mamoswine knocked off Crobat's Black Sludge!</small><br></div><div class="battle-history"><small>The opposing Mamoswine lost some of its HP!</small><br></div><div class="spacer battle-history"><br></div><h2 class="battle-history">Turn 17</h2><div class="spacer battle-history"><br></div><div class="battle-history">The opposing Mamoswine used <strong>Ice Shard</strong>!<br></div><div class="battle-history"><small>It's super effective!</small><br></div><div class="battle-history"><small>(Crobat lost <abbr title="−10/373">2.7%</abbr> of its health!)</small><br></div><div class="battle-history"><small>The opposing Mamoswine lost some of its HP!</small><br></div><div class="spacer battle-history"><br></div><div class="battle-history">Crobat fainted!<br></div><div class="chat chatmessage-valeo"><strong style="color:hsl(114,89%,31.907630395246564%)"><small> </small><span class="username" data-name="Valeo">Valeo</span>:</strong> <em>Mind if we play a game sparrow?</em></div><div class="chat chatmessage-spittle"><strong style="color:hsl(90,47%,43%)"><small>☆</small><span class="username" data-name="spittle">spittle</span>:</strong> <em>i'm sure you must have faced this team on oras ladder in the past?</em></div><div class="chat chatmessage-spittle"><strong style="color:hsl(90,47%,43%)"><small>☆</small><span class="username" data-name="spittle">spittle</span>:</strong> <em>no problem valeo</em></div><div class="chat chatmessage-spittle"><strong style="color:hsl(90,47%,43%)"><small>☆</small><span class="username" data-name="spittle">spittle</span>:</strong> <em>send me a challenge</em></div><div class="chat chatmessage-valeo"><strong style="color:hsl(114,89%,31.907630395246564%)"><small> </small><span class="username" data-name="Valeo">Valeo</span>:</strong> <em>Sounds good</em></div><div class="spacer battle-history"><br></div><div class="battle-history">Go! Fire Monkey (<strong>Infernape</strong>)!<br></div><div class="battle-history"><small>Pointed stones dug into Fire Monkey!</small><br></div><div class="spacer battle-history"><br></div><h2 class="battle-history">Turn 18</h2><div class="spacer battle-history"><br></div><div class="battle-history">The opposing Mamoswine used <strong>Ice Shard</strong>!<br></div><div class="battle-history"><small>It's not very effective...</small><br></div><div class="battle-history"><small>(Fire Monkey lost <abbr title="−65/293">22.2%</abbr> of its health!)</small><br></div><div class="battle-history"><small>The opposing Mamoswine lost some of its HP!</small><br></div><div class="spacer battle-history"><br></div><div class="battle-history">Fire Monkey used <strong>Close Combat</strong>!<br></div><div class="battle-history"><small>It's super effective!</small><br></div><div class="battle-history"><small>(The opposing Mamoswine lost <abbr title="−208/361">57.6%</abbr> of its health!)</small><br></div><div class="battle-history"><small>Fire Monkey's Defense fell!</small><br></div><div class="battle-history"><small>Fire Monkey's Special Defense fell!</small><br></div><div class="spacer battle-history"><br></div><div class="battle-history">The opposing Mamoswine fainted!<br></div><div class="spacer battle-history"><br></div><div class="battle-history">spittle sent out <strong>Conkeldurr</strong>!<br></div><div class="battle-history"><small>Pointed stones dug into the opposing Conkeldurr!</small><br></div><div class="spacer battle-history"><br></div><h2 class="battle-history">Turn 19</h2><div class="spacer battle-history"><br></div><div class="battle-history">Fire Monkey, come back!<br></div><div class="battle-history">Go! <strong>Porygon-Z</strong>!<br></div><div class="battle-history"><small>Pointed stones dug into Porygon-Z!</small><br></div><div class="spacer battle-history"><br></div><div class="battle-history">The opposing Conkeldurr used <strong>Mach Punch</strong>!<br></div><div class="battle-history"><small>It's super effective!</small><br></div><div class="battle-history"><small>(Porygon-Z lost <abbr title="−273/311">87.8%</abbr> of its health!)</small><br></div><div class="spacer battle-history"><br></div><div class="battle-history">Porygon-Z fainted!<br></div><div class="spacer battle-history"><br></div><div class="battle-history">Go! Fire Monkey (<strong>Infernape</strong>)!<br></div><div class="battle-history"><small>Pointed stones dug into Fire Monkey!</small><br></div><div class="spacer battle-history"><br></div><h2 class="battle-history">Turn 20</h2><div class="spacer battle-history"><br></div><div class="battle-history">The opposing Conkeldurr used <strong>Mach Punch</strong>!<br></div><div class="battle-history"><small>(Fire Monkey lost <abbr title="−120/293">41.0%</abbr> of its health!)</small><br></div><div class="spacer battle-history"><br></div><div class="battle-history">Fire Monkey fainted!<br></div><div class="spacer battle-history"><br></div><div class="battle-history"><strong>spittle</strong> won the battle!<br></div><div class="chat chatmessage-wuhoodude"><strong style="color:hsl(38,42%,45%)"><small>☆</small><span class="username" data-name="wuhoodude">wuhoodude</span>:</strong> <em>gg</em></div><div class="chat chatmessage-spittle"><strong style="color:hsl(90,47%,43%)"><small>☆</small><span class="username" data-name="spittle">spittle</span>:</strong> <em>gg</em></div><div class="chat"><small>wuhoodude left.</small></div></div><div class="inner-preempt"></div></div></div>
</div>
<script>
let daily = Math.floor(Date.now()/1000/60/60/24);document.write('<script src="https://play.pokemonshowdown.com/js/replay-embed.js?version'+daily+'"></'+'script>');
</script>
