<!DOCTYPE html>
<meta charset="utf-8" />
<!-- version 1 -->
<title>UU replay: adriano234 vs. Tan★Bionica!!!</title>
<style>
html,body {font-family:Verdana, sans-serif;font-size:10pt;margin:0;padding:0;}body{padding:12px 0;} .battle-log {font-family:Verdana, sans-serif;font-size:10pt;} .battle-log-inline {border:1px solid #AAAAAA;background:#EEF2F5;color:black;max-width:640px;margin:0 auto 80px;padding-bottom:5px;} .battle-log .inner {padding:4px 8px 0px 8px;} .battle-log .inner-preempt {padding:0 8px 4px 8px;} .battle-log .inner-after {margin-top:0.5em;} .battle-log h2 {margin:0.5em -8px;padding:4px 8px;border:1px solid #AAAAAA;background:#E0E7EA;border-left:0;border-right:0;font-family:Verdana, sans-serif;font-size:13pt;} .battle-log .chat {vertical-align:middle;padding:3px 0 3px 0;font-size:8pt;} .battle-log .chat strong {color:#40576A;} .battle-log .chat em {padding:1px 4px 1px 3px;color:#000000;font-style:normal;} .chat.mine {background:rgba(0,0,0,0.05);margin-left:-8px;margin-right:-8px;padding-left:8px;padding-right:8px;} .spoiler {color:#BBBBBB;background:#BBBBBB;padding:0px 3px;} .spoiler:hover, .spoiler:active, .spoiler-shown {color:#000000;background:#E2E2E2;padding:0px 3px;} .spoiler a {color:#BBBBBB;} .spoiler:hover a, .spoiler:active a, .spoiler-shown a {color:#2288CC;} .chat code, .chat .spoiler:hover code, .chat .spoiler:active code, .chat .spoiler-shown code {border:1px solid #C0C0C0;background:#EEEEEE;color:black;padding:0 2px;} .chat .spoiler code {border:1px solid #CCCCCC;background:#CCCCCC;color:#CCCCCC;} .battle-log .rated {padding:3px 4px;} .battle-log .rated strong {color:white;background:#89A;padding:1px 4px;border-radius:4px;} .spacer {margin-top:0.5em;} .message-announce {background:#6688AA;color:white;padding:1px 4px 2px;} .message-announce a, .broadcast-green a, .broadcast-blue a, .broadcast-red a {color:#DDEEFF;} .broadcast-green {background-color:#559955;color:white;padding:2px 4px;} .broadcast-blue {background-color:#6688AA;color:white;padding:2px 4px;} .infobox {border:1px solid #6688AA;padding:2px 4px;} .infobox-limited {max-height:200px;overflow:auto;overflow-x:hidden;} .broadcast-red {background-color:#AA5544;color:white;padding:2px 4px;} .message-learn-canlearn {font-weight:bold;color:#228822;text-decoration:underline;} .message-learn-cannotlearn {font-weight:bold;color:#CC2222;text-decoration:underline;} .message-effect-weak {font-weight:bold;color:#CC2222;} .message-effect-resist {font-weight:bold;color:#6688AA;} .message-effect-immune {font-weight:bold;color:#666666;} .message-learn-list {margin-top:0;margin-bottom:0;} .message-throttle-notice, .message-error {color:#992222;} .message-overflow, .chat small.message-overflow {font-size:0pt;} .message-overflow::before {font-size:9pt;content:'...';} .subtle {color:#3A4A66;}
</style>
<div class="wrapper replay-wrapper" style="max-width:1180px;margin:0 auto">
<input type="hidden" name="replayid" value="uu-590736384" />
<div class="battle"></div><div class="battle-log"></div><div class="replay-controls"></div><div class="replay-controls-2"></div>
<h1 style="font-weight:normal;text-align:center"><strong>UU</strong><br /><a href="http://pokemonshowdown.com/users/adriano234" class="subtle" target="_blank">adriano234</a> vs. <a href="http://pokemonshowdown.com/users/tanbionica" class="subtle" target="_blank">Tan★Bionica!!!</a></h1>
<script type="text/plain" class="battle-log-data">|j|adriano234
|j|Tan★Bionica!!!
|player|p1|adriano234|262
|teamsize|p1|6
|player|p2|Tan★Bionica!!!|2
|teamsize|p2|6
|gametype|singles
|gen|6
|tier|UU
|seed|15951,36374,51001,50624
|rule|Sleep Clause Mod: Limit one foe put to sleep
|rule|Species Clause: Limit one of each Pokémon
|rule|OHKO Clause: OHKO moves are banned
|rule|Moody Clause: Moody is banned
|rule|Evasion Moves Clause: Evasion moves are banned
|rule|Endless Battle Clause: Forcing endless battles is banned
|rule|HP Percentage Mod: HP is shown in percentages
|clearpoke
|poke|p1|Mr. Mime, F|item
|poke|p1|Avalugg, F|item
|poke|p1|Electivire, F|item
|poke|p1|Gogoat, M|item
|poke|p1|Gastrodon-East, F|item
|poke|p1|Bastiodon, F|item
|poke|p2|Darmanitan, M|item
|poke|p2|Celebi|item
|poke|p2|Nidoking, M|item
|poke|p2|Galvantula, F|item
|poke|p2|Aerodactyl, M|item
|poke|p2|Krookodile, F|item
|rule|Swagger Clause: Swagger is banned
|rule|Baton Pass Clause: Limit one Baton Passer, can't pass Spe and other stats simultaneously
|teampreview
|j|Lasaruz
|j|nanan4
|choice|team 6, team 2, team 3, team 4, team 5, team 1|team 4, team 2, team 3, team 1, team 5, team 6
|
|start
|switch|p1a: Bastiodon|Bastiodon, F|324\/324
|switch|p2a: Galvantula|Galvantula, F|281\/281
|turn|1
|choice|move stealthrock|move stickyweb
|
|move|p2a: Galvantula|Sticky Web|p1a: Bastiodon
|-sidestart|p1: adriano234|move: Sticky Web
|move|p1a: Bastiodon|Stealth Rock|p2a: Galvantula
|-sidestart|p2: Tan★Bionica!!!|move: Stealth Rock
|
|upkeep
|turn|2
|choice|move ironhead|move thunder
|
|move|p2a: Galvantula|Thunder|p1a: Bastiodon
|-damage|p1a: Bastiodon|218\/324
|move|p1a: Bastiodon|Iron Head|p2a: Galvantula
|-resisted|p2a: Galvantula
|-damage|p2a: Galvantula|234\/281
|
|upkeep
|turn|3
|choice|switch 5|move thunder
|
|switch|p1a: Gastrodon|Gastrodon-East, F|426\/426
|-activate|p1a: Gastrodon|move: Sticky Web
|-unboost|p1a: Gastrodon|spe|1
|move|p2a: Galvantula|Thunder|p1a: Gastrodon
|-immune|p1a: Gastrodon|[msg]
|
|upkeep
|turn|4
|inactive|Battle timer is ON: inactive players will automatically lose when time's up. (requested by Tan★Bionica!!!)
|choice|move toxic|move energyball
|
|move|p2a: Galvantula|Energy Ball|p1a: Gastrodon
|-supereffective|p1a: Gastrodon
|-damage|p1a: Gastrodon|46\/426
|move|p1a: Gastrodon|Toxic|p2a: Galvantula
|-status|p2a: Galvantula|tox
|
|-damage|p2a: Galvantula|217\/281 tox|[from] psn
|upkeep
|turn|5
|choice|switch 4|move bugbuzz
|
|switch|p1a: Gogoat|Gogoat, M|387\/387
|-activate|p1a: Gogoat|move: Sticky Web
|-unboost|p1a: Gogoat|spe|1
|move|p2a: Galvantula|Bug Buzz|p1a: Gogoat
|-supereffective|p1a: Gogoat
|-damage|p1a: Gogoat|163\/387
|
|-damage|p2a: Galvantula|183\/281 tox|[from] psn
|upkeep
|turn|6
|choice|move leechseed|move bugbuzz
|
|move|p2a: Galvantula|Bug Buzz|p1a: Gogoat
|-supereffective|p1a: Gogoat
|-damage|p1a: Gogoat|0 fnt
|faint|p1a: Gogoat
|
|-damage|p2a: Galvantula|132\/281 tox|[from] psn
|upkeep
|choice|switch 6|
|
|switch|p1a: Mr. Mime|Mr. Mime, F|253\/253
|-activate|p1a: Mr. Mime|move: Sticky Web
|-unboost|p1a: Mr. Mime|spe|1
|turn|7
|choice|move calmmind|move bugbuzz
|
|move|p2a: Galvantula|Bug Buzz|p1a: Mr. Mime
|-damage|p1a: Mr. Mime|154\/253
|move|p1a: Mr. Mime|Calm Mind|p1a: Mr. Mime
|-boost|p1a: Mr. Mime|spa|1
|-boost|p1a: Mr. Mime|spd|1
|
|-damage|p2a: Galvantula|64\/281 tox|[from] psn
|upkeep
|turn|8
|c|☆Tan★Bionica!!!|tio
|c|☆Tan★Bionica!!!|es gen 6
|choice|move calmmind|move thunder
|
|move|p2a: Galvantula|Thunder|p1a: Mr. Mime
|-damage|p1a: Mr. Mime|82\/253
|move|p1a: Mr. Mime|Calm Mind|p1a: Mr. Mime
|-boost|p1a: Mr. Mime|spa|1
|-boost|p1a: Mr. Mime|spd|1
|
|-damage|p2a: Galvantula|0 fnt|[from] psn
|upkeep
|faint|p2a: Galvantula
|c|☆Tan★Bionica!!!|y Mr.Mime es fairy lel
|c|☆Tan★Bionica!!!|ah no sicierto
|c|☆Tan★Bionica!!!|que fairy estaba en 6ta gen
|choice||switch 4
|
|switch|p2a: Darmanitan|Darmanitan, M|351\/351
|-damage|p2a: Darmanitan|264\/351|[from] Stealth Rock
|turn|9
|j|MyNameItzOZMQ
|choice|move psychic|move earthquake
|
|move|p2a: Darmanitan|Earthquake|p1a: Mr. Mime
|-damage|p1a: Mr. Mime|0 fnt
|faint|p1a: Mr. Mime
|
|upkeep
|c|☆adriano234|no no pasa nada
|c|☆Tan★Bionica!!!|mueve
|c|☆Tan★Bionica!!!|rápido
|choice|switch 3|
|
|switch|p1a: Electivire|Electivire, F|354\/354
|-activate|p1a: Electivire|move: Sticky Web
|-unboost|p1a: Electivire|spe|1
|turn|10
|choice|move thunderpunch|move earthquake
|
|move|p2a: Darmanitan|Earthquake|p1a: Electivire
|-supereffective|p1a: Electivire
|-damage|p1a: Electivire|0 fnt
|faint|p1a: Electivire
|
|upkeep
|choice|switch 2|
|
|switch|p1a: Avalugg|Avalugg, F|363\/363
|-activate|p1a: Avalugg|move: Sticky Web
|-unboost|p1a: Avalugg|spe|1
|turn|11
|c|☆adriano234|este equipo es para ru sabes :v?
|c|☆Tan★Bionica!!!|seh
|c|☆Tan★Bionica!!!|:v
|choice|move toxic|switch 3
|
|switch|p2a: Nidoking|Nidoking, M|303\/303
|-damage|p2a: Nidoking|285\/303|[from] Stealth Rock
|move|p1a: Avalugg|Toxic|p2a: Nidoking
|-immune|p2a: Nidoking|[msg]
|
|upkeep
|turn|12
|c|☆adriano234|recien ahora me entero del torde xd
|choice|move avalanche|move fireblast
|
|move|p2a: Nidoking|Fire Blast|p1a: Avalugg
|-supereffective|p1a: Avalugg
|-ability|p1a: Avalugg|Sturdy
|-damage|p1a: Avalugg|1\/363
|move|p1a: Avalugg|Avalanche|p2a: Nidoking
|-supereffective|p2a: Nidoking
|-damage|p2a: Nidoking|0 fnt
|faint|p2a: Nidoking
|
|-heal|p1a: Avalugg|23\/363|[from] item: Leftovers
|upkeep
|j|pokenoob!25
|choice||switch 5
|
|switch|p2a: Aerodactyl|Aerodactyl, M|301\/301
|-damage|p2a: Aerodactyl|226\/301|[from] Stealth Rock
|turn|13
|choice|move avalanche|move pursuit mega
|
|detailschange|p2a: Aerodactyl|Aerodactyl-Mega, M
|-mega|p2a: Aerodactyl|Aerodactyl|Aerodactylite
|move|p2a: Aerodactyl|Pursuit|p1a: Avalugg
|-damage|p1a: Avalugg|0 fnt
|faint|p1a: Avalugg
|
|upkeep
|choice|switch 4|
|
|switch|p1a: Gastrodon|Gastrodon-East, F|46\/426
|-activate|p1a: Gastrodon|move: Sticky Web
|-unboost|p1a: Gastrodon|spe|1
|turn|14
|j|dragon Ren
|choice|move scald|move pursuit
|
|move|p2a: Aerodactyl|Pursuit|p1a: Gastrodon
|-damage|p1a: Gastrodon|0 fnt
|faint|p1a: Gastrodon
|
|upkeep
|l|dragon Ren
|choice|switch 5|
|
|switch|p1a: Bastiodon|Bastiodon, F|218\/324
|-activate|p1a: Bastiodon|move: Sticky Web
|-unboost|p1a: Bastiodon|spe|1
|turn|15
|c|☆adriano234|gg
|choice|move ironhead|move earthquake
|
|move|p2a: Aerodactyl|Earthquake|p1a: Bastiodon
|-supereffective|p1a: Bastiodon
|-damage|p1a: Bastiodon|0 fnt
|faint|p1a: Bastiodon
|
|win|Tan★Bionica!!!
|l|Lasaruz
|l|Tan★Bionica!!!
|l|pokenoob!25
|l|adriano234</script>
</div>
<div class="battle-log battle-log-inline"><div class="inner"><div class="battle-options"></div><div class="inner"><div class="chat"><small>adriano234 joined.</small></div><div class="chat"><small>Tan★Bionica!!! joined.</small></div><div class=""><small>Format:</small> <br><strong>UU</strong></div><div class=""><small><em>Sleep Clause Mod:</em> Limit one foe put to sleep</small></div><div class=""><small><em>Species Clause:</em> Limit one of each Pokémon</small></div><div class=""><small><em>OHKO Clause:</em> OHKO moves are banned</small></div><div class=""><small><em>Moody Clause:</em> Moody is banned</small></div><div class=""><small><em>Evasion Moves Clause:</em> Evasion moves are banned</small></div><div class=""><small><em>Endless Battle Clause:</em> Forcing endless battles is banned</small></div><div class=""><small><em>HP Percentage Mod:</em> HP is shown in percentages</small></div><div class=""><small><em>Swagger Clause:</em> Swagger is banned</small></div><div class=""><small><em>Baton Pass Clause:</em> Limit one Baton Passer, can't pass Spe and other stats simultaneously</small></div><div class="chat battle-history"><strong>adriano234's team:</strong> <em style="color:#445566;display:block;">Mr. Mime / Avalugg / Electivire / Gogoat / Gastrodon-East / Bastiodon</em></div><div class="chat battle-history"><strong>Tan★Bionica!!!'s team:</strong> <em style="color:#445566;display:block;">Darmanitan / Celebi / Nidoking / Galvantula / Aerodactyl / Krookodile</em></div><div class="chat"><small>Lasaruz joined.</small></div><div class="chat"><small>nanan4 joined.</small></div><div class="spacer battle-history"><br></div><div class="battle-history">Battle started between adriano234 and Tan★Bionica!!!!<br></div><div class="spacer battle-history"><br></div><div class="battle-history">Go! <strong>Bastiodon</strong>!<br></div><div class="spacer battle-history"><br></div><div class="battle-history">Tan★Bionica!!! sent out <strong>Galvantula</strong>!<br></div><div class="spacer battle-history"><br></div><h2 class="battle-history">Turn 1</h2><div class="spacer battle-history"><br></div><div class="battle-history">The opposing Galvantula used <strong>Sticky Web</strong>!<br></div><div class="battle-history"><small>A sticky web spreads out on the ground around your team!</small><br></div><div class="spacer battle-history"><br></div><div class="battle-history">Bastiodon used <strong>Stealth Rock</strong>!<br></div><div class="battle-history"><small>Pointed stones float in the air around the opposing team!</small><br></div><div class="spacer battle-history"><br></div><h2 class="battle-history">Turn 2</h2><div class="spacer battle-history"><br></div><div class="battle-history">The opposing Galvantula used <strong>Thunder</strong>!<br></div><div class="battle-history"><small>(Bastiodon lost <abbr title="−106/324">32.7%</abbr> of its health!)</small><br></div><div class="spacer battle-history"><br></div><div class="battle-history">Bastiodon used <strong>Iron Head</strong>!<br></div><div class="battle-history"><small>It's not very effective...</small><br></div><div class="battle-history"><small>(The opposing Galvantula lost <abbr title="−47/281">16.7%</abbr> of its health!)</small><br></div><div class="spacer battle-history"><br></div><h2 class="battle-history">Turn 3</h2><div class="spacer battle-history"><br></div><div class="battle-history">Bastiodon, come back!<br></div><div class="battle-history">Go! Gastrodon (<strong>Gastrodon-East</strong>)!<br></div><div class="battle-history"><small>Gastrodon was caught in a sticky web!</small><br></div><div class="battle-history"><small>Gastrodon's Speed fell!</small><br></div><div class="spacer battle-history"><br></div><div class="battle-history">The opposing Galvantula used <strong>Thunder</strong>!<br></div><div class="battle-history"><small>It doesn't affect Gastrodon...</small><br></div><div class="spacer battle-history"><br></div><h2 class="battle-history">Turn 4</h2><div class="chat message-error">Battle timer is ON: inactive players will automatically lose when time's up. (requested by Tan★Bionica!!!)</div><div class="spacer battle-history"><br></div><div class="battle-history">The opposing Galvantula used <strong>Energy Ball</strong>!<br></div><div class="battle-history"><small>It's super effective!</small><br></div><div class="battle-history"><small>(Gastrodon lost <abbr title="−380/426">89.2%</abbr> of its health!)</small><br></div><div class="spacer battle-history"><br></div><div class="battle-history">Gastrodon used <strong>Toxic</strong>!<br></div><div class="battle-history"><small>The opposing Galvantula was badly poisoned!</small><br></div><div class="spacer battle-history"><br></div><div class="battle-history"><small>The opposing Galvantula was hurt by poison!</small><br></div><div class="spacer battle-history"><br></div><h2 class="battle-history">Turn 5</h2><div class="spacer battle-history"><br></div><div class="battle-history">Gastrodon, come back!<br></div><div class="battle-history">Go! <strong>Gogoat</strong>!<br></div><div class="battle-history"><small>Gogoat was caught in a sticky web!</small><br></div><div class="battle-history"><small>Gogoat's Speed fell!</small><br></div><div class="spacer battle-history"><br></div><div class="battle-history">The opposing Galvantula used <strong>Bug Buzz</strong>!<br></div><div class="battle-history"><small>It's super effective!</small><br></div><div class="battle-history"><small>(Gogoat lost <abbr title="−224/387">57.9%</abbr> of its health!)</small><br></div><div class="spacer battle-history"><br></div><div class="battle-history"><small>The opposing Galvantula was hurt by poison!</small><br></div><div class="spacer battle-history"><br></div><h2 class="battle-history">Turn 6</h2><div class="spacer battle-history"><br></div><div class="battle-history">The opposing Galvantula used <strong>Bug Buzz</strong>!<br></div><div class="battle-history"><small>It's super effective!</small><br></div><div class="battle-history"><small>(Gogoat lost <abbr title="−163/387">42.1%</abbr> of its health!)</small><br></div><div class="spacer battle-history"><br></div><div class="battle-history">Gogoat fainted!<br></div><div class="spacer battle-history"><br></div><div class="battle-history"><small>The opposing Galvantula was hurt by poison!</small><br></div><div class="spacer battle-history"><br></div><div class="battle-history">Go! <strong>Mr. Mime</strong>!<br></div><div class="battle-history"><small>Mr. Mime was caught in a sticky web!</small><br></div><div class="battle-history"><small>Mr. Mime's Speed fell!</small><br></div><div class="spacer battle-history"><br></div><h2 class="battle-history">Turn 7</h2><div class="spacer battle-history"><br></div><div class="battle-history">The opposing Galvantula used <strong>Bug Buzz</strong>!<br></div><div class="battle-history"><small>(Mr. Mime lost <abbr title="−99/253">39.1%</abbr> of its health!)</small><br></div><div class="spacer battle-history"><br></div><div class="battle-history">Mr. Mime used <strong>Calm Mind</strong>!<br></div><div class="battle-history"><small>Mr. Mime's Special Attack rose!</small><br></div><div class="battle-history"><small>Mr. Mime's Special Defense rose!</small><br></div><div class="spacer battle-history"><br></div><div class="battle-history"><small>The opposing Galvantula was hurt by poison!</small><br></div><div class="spacer battle-history"><br></div><h2 class="battle-history">Turn 8</h2><div class="chat chatmessage-tanbionica"><strong style="color:hsl(178,88%,38.191775364179655%)"><small>☆</small><span class="username" data-name="Tan★Bionica!!!">Tan★Bionica!!!</span>:</strong> <em>tio</em></div><div class="chat chatmessage-tanbionica"><strong style="color:hsl(178,88%,38.191775364179655%)"><small>☆</small><span class="username" data-name="Tan★Bionica!!!">Tan★Bionica!!!</span>:</strong> <em>es gen 6</em></div><div class="spacer battle-history"><br></div><div class="battle-history">The opposing Galvantula used <strong>Thunder</strong>!<br></div><div class="battle-history"><small>(Mr. Mime lost <abbr title="−72/253">28.5%</abbr> of its health!)</small><br></div><div class="spacer battle-history"><br></div><div class="battle-history">Mr. Mime used <strong>Calm Mind</strong>!<br></div><div class="battle-history"><small>Mr. Mime's Special Attack rose!</small><br></div><div class="battle-history"><small>Mr. Mime's Special Defense rose!</small><br></div><div class="spacer battle-history"><br></div><div class="battle-history"><small>The opposing Galvantula was hurt by poison!</small><br></div><div class="spacer battle-history"><br></div><div class="battle-history">The opposing Galvantula fainted!<br></div><div class="chat chatmessage-tanbionica"><strong style="color:hsl(178,88%,38.191775364179655%)"><small>☆</small><span class="username" data-name="Tan★Bionica!!!">Tan★Bionica!!!</span>:</strong> <em>y Mr.Mime es fairy lel</em></div><div class="chat chatmessage-tanbionica"><strong style="color:hsl(178,88%,38.191775364179655%)"><small>☆</small><span class="username" data-name="Tan★Bionica!!!">Tan★Bionica!!!</span>:</strong> <em>ah no sicierto</em></div><div class="chat chatmessage-tanbionica"><strong style="color:hsl(178,88%,38.191775364179655%)"><small>☆</small><span class="username" data-name="Tan★Bionica!!!">Tan★Bionica!!!</span>:</strong> <em>que fairy estaba en 6ta gen</em></div><div class="spacer battle-history"><br></div><div class="battle-history">Tan★Bionica!!! sent out <strong>Darmanitan</strong>!<br></div><div class="battle-history"><small>Pointed stones dug into the opposing Darmanitan!</small><br></div><div class="spacer battle-history"><br></div><h2 class="battle-history">Turn 9</h2><div class="chat"><small>MyNameItzOZMQ joined.</small></div><div class="spacer battle-history"><br></div><div class="battle-history">The opposing Darmanitan used <strong>Earthquake</strong>!<br></div><div class="battle-history"><small>(Mr. Mime lost <abbr title="−82/253">32.4%</abbr> of its health!)</small><br></div><div class="spacer battle-history"><br></div><div class="battle-history">Mr. Mime fainted!<br></div><div class="chat chatmessage-adriano234"><strong style="color:hsl(214,66%,51.172606493995836%)"><small>☆</small><span class="username" data-name="adriano234">adriano234</span>:</strong> <em>no no pasa nada</em></div><div class="chat chatmessage-tanbionica"><strong style="color:hsl(178,88%,38.191775364179655%)"><small>☆</small><span class="username" data-name="Tan★Bionica!!!">Tan★Bionica!!!</span>:</strong> <em>mueve</em></div><div class="chat chatmessage-tanbionica"><strong style="color:hsl(178,88%,38.191775364179655%)"><small>☆</small><span class="username" data-name="Tan★Bionica!!!">Tan★Bionica!!!</span>:</strong> <em>rápido</em></div><div class="spacer battle-history"><br></div><div class="battle-history">Go! <strong>Electivire</strong>!<br></div><div class="battle-history"><small>Electivire was caught in a sticky web!</small><br></div><div class="battle-history"><small>Electivire's Speed fell!</small><br></div><div class="spacer battle-history"><br></div><h2 class="battle-history">Turn 10</h2><div class="spacer battle-history"><br></div><div class="battle-history">The opposing Darmanitan used <strong>Earthquake</strong>!<br></div><div class="battle-history"><small>It's super effective!</small><br></div><div class="battle-history"><small>(Electivire lost <abbr title="−354/354">100%</abbr> of its health!)</small><br></div><div class="spacer battle-history"><br></div><div class="battle-history">Electivire fainted!<br></div><div class="spacer battle-history"><br></div><div class="battle-history">Go! <strong>Avalugg</strong>!<br></div><div class="battle-history"><small>Avalugg was caught in a sticky web!</small><br></div><div class="battle-history"><small>Avalugg's Speed fell!</small><br></div><div class="spacer battle-history"><br></div><h2 class="battle-history">Turn 11</h2><div class="chat chatmessage-adriano234"><strong style="color:hsl(214,66%,51.172606493995836%)"><small>☆</small><span class="username" data-name="adriano234">adriano234</span>:</strong> <em>este equipo es para ru sabes :v?</em></div><div class="chat chatmessage-tanbionica"><strong style="color:hsl(178,88%,38.191775364179655%)"><small>☆</small><span class="username" data-name="Tan★Bionica!!!">Tan★Bionica!!!</span>:</strong> <em>seh</em></div><div class="chat chatmessage-tanbionica"><strong style="color:hsl(178,88%,38.191775364179655%)"><small>☆</small><span class="username" data-name="Tan★Bionica!!!">Tan★Bionica!!!</span>:</strong> <em>:v</em></div><div class="spacer battle-history"><br></div><div class="battle-history">Tan★Bionica!!! withdrew Darmanitan!<br></div><div class="battle-history">Tan★Bionica!!! sent out <strong>Nidoking</strong>!<br></div><div class="battle-history"><small>Pointed stones dug into the opposing Nidoking!</small><br></div><div class="spacer battle-history"><br></div><div class="battle-history">Avalugg used <strong>Toxic</strong>!<br></div><div class="battle-history"><small>It doesn't affect the opposing Nidoking...</small><br></div><div class="spacer battle-history"><br></div><h2 class="battle-history">Turn 12</h2><div class="chat chatmessage-adriano234"><strong style="color:hsl(214,66%,51.172606493995836%)"><small>☆</small><span class="username" data-name="adriano234">adriano234</span>:</strong> <em>recien ahora me entero del torde xd</em></div><div class="spacer battle-history"><br></div><div class="battle-history">The opposing Nidoking used <strong>Fire Blast</strong>!<br></div><div class="battle-history"><small>It's super effective!</small><br></div><div class="battle-history"><small>[Avalugg's Sturdy]</small><br><small>Avalugg endured the hit!</small><br></div><div class="battle-history"><small>(Avalugg lost <abbr title="−362/363">99.7%</abbr> of its health!)</small><br></div><div class="spacer battle-history"><br></div><div class="battle-history">Avalugg used <strong>Avalanche</strong>!<br></div><div class="battle-history"><small>It's super effective!</small><br></div><div class="battle-history"><small>(The opposing Nidoking lost <abbr title="−285/303">94.1%</abbr> of its health!)</small><br></div><div class="spacer battle-history"><br></div><div class="battle-history">The opposing Nidoking fainted!<br></div><div class="spacer battle-history"><br></div><div class="battle-history"><small>Avalugg restored a little HP using its Leftovers!</small><br></div><div class="chat"><small>pokenoob!25 joined.</small></div><div class="spacer battle-history"><br></div><div class="battle-history">Tan★Bionica!!! sent out <strong>Aerodactyl</strong>!<br></div><div class="battle-history"><small>Pointed stones dug into the opposing Aerodactyl!</small><br></div><div class="spacer battle-history"><br></div><h2 class="battle-history">Turn 13</h2><div class="spacer battle-history"><br></div><div class="battle-history"><small>The opposing Aerodactyl's Aerodactylite is reacting to Tan★Bionica!!!'s Mega Bracelet!</small><br>The opposing Aerodactyl has Mega Evolved into Mega Aerodactyl!<br></div><div class="spacer battle-history"><br></div><div class="battle-history">The opposing Aerodactyl used <strong>Pursuit</strong>!<br></div><div class="battle-history"><small>(Avalugg lost <abbr title="−23/363">6.3%</abbr> of its health!)</small><br></div><div class="spacer battle-history"><br></div><div class="battle-history">Avalugg fainted!<br></div><div class="spacer battle-history"><br></div><div class="battle-history">Go! Gastrodon (<strong>Gastrodon-East</strong>)!<br></div><div class="battle-history"><small>Gastrodon was caught in a sticky web!</small><br></div><div class="battle-history"><small>Gastrodon's Speed fell!</small><br></div><div class="spacer battle-history"><br></div><h2 class="battle-history">Turn 14</h2><div class="chat"><small>dragon Ren joined.</small></div><div class="spacer battle-history"><br></div><div class="battle-history">The opposing Aerodactyl used <strong>Pursuit</strong>!<br></div><div class="battle-history"><small>(Gastrodon lost <abbr title="−46/426">10.8%</abbr> of its health!)</small><br></div><div class="spacer battle-history"><br></div><div class="battle-history">Gastrodon fainted!<br></div><div class="chat"><small>dragon Ren left.</small></div><div class="spacer battle-history"><br></div><div class="battle-history">Go! <strong>Bastiodon</strong>!<br></div><div class="battle-history"><small>Bastiodon was caught in a sticky web!</small><br></div><div class="battle-history"><small>Bastiodon's Speed fell!</small><br></div><div class="spacer battle-history"><br></div><h2 class="battle-history">Turn 15</h2><div class="chat chatmessage-adriano234"><strong style="color:hsl(214,66%,51.172606493995836%)"><small>☆</small><span class="username" data-name="adriano234">adriano234</span>:</strong> <em>gg</em></div><div class="spacer battle-history"><br></div><div class="battle-history">The opposing Aerodactyl used <strong>Earthquake</strong>!<br></div><div class="battle-history"><small>It's super effective!</small><br></div><div class="battle-history"><small>(Bastiodon lost <abbr title="−218/324">67.3%</abbr> of its health!)</small><br></div><div class="spacer battle-history"><br></div><div class="battle-history">Bastiodon fainted!<br></div><div class="spacer battle-history"><br></div><div class="battle-history"><strong>Tan★Bionica!!!</strong> won the battle!<br></div><div class="chat"><small>Lasaruz left.</small></div><div class="chat"><small>Tan★Bionica!!! left.</small></div><div class="chat"><small>pokenoob!25 left.</small></div><div class="chat"><small>adriano234 left.</small></div></div><div class="inner-preempt"></div></div></div>
</div>
<script>
let daily = Math.floor(Date.now()/1000/60/60/24);document.write('<script src="https://play.pokemonshowdown.com/js/replay-embed.js?version'+daily+'"></'+'script>');
</script>
