<!DOCTYPE html>
<meta charset="utf-8" />
<!-- version 1 -->
<title>UU replay: Letose vs. i am TOPofLESS</title>
<style>
html,body {font-family:Verdana, sans-serif;font-size:10pt;margin:0;padding:0;}body{padding:12px 0;} .battle-log {font-family:Verdana, sans-serif;font-size:10pt;} .battle-log-inline {border:1px solid #AAAAAA;background:#EEF2F5;color:black;max-width:640px;margin:0 auto 80px;padding-bottom:5px;} .battle-log .inner {padding:4px 8px 0px 8px;} .battle-log .inner-preempt {padding:0 8px 4px 8px;} .battle-log .inner-after {margin-top:0.5em;} .battle-log h2 {margin:0.5em -8px;padding:4px 8px;border:1px solid #AAAAAA;background:#E0E7EA;border-left:0;border-right:0;font-family:Verdana, sans-serif;font-size:13pt;} .battle-log .chat {vertical-align:middle;padding:3px 0 3px 0;font-size:8pt;} .battle-log .chat strong {color:#40576A;} .battle-log .chat em {padding:1px 4px 1px 3px;color:#000000;font-style:normal;} .chat.mine {background:rgba(0,0,0,0.05);margin-left:-8px;margin-right:-8px;padding-left:8px;padding-right:8px;} .spoiler {color:#BBBBBB;background:#BBBBBB;padding:0px 3px;} .spoiler:hover, .spoiler:active, .spoiler-shown {color:#000000;background:#E2E2E2;padding:0px 3px;} .spoiler a {color:#BBBBBB;} .spoiler:hover a, .spoiler:active a, .spoiler-shown a {color:#2288CC;} .chat code, .chat .spoiler:hover code, .chat .spoiler:active code, .chat .spoiler-shown code {border:1px solid #C0C0C0;background:#EEEEEE;color:black;padding:0 2px;} .chat .spoiler code {border:1px solid #CCCCCC;background:#CCCCCC;color:#CCCCCC;} .battle-log .rated {padding:3px 4px;} .battle-log .rated strong {color:white;background:#89A;padding:1px 4px;border-radius:4px;} .spacer {margin-top:0.5em;} .message-announce {background:#6688AA;color:white;padding:1px 4px 2px;} .message-announce a, .broadcast-green a, .broadcast-blue a, .broadcast-red a {color:#DDEEFF;} .broadcast-green {background-color:#559955;color:white;padding:2px 4px;} .broadcast-blue {background-color:#6688AA;color:white;padding:2px 4px;} .infobox {border:1px solid #6688AA;padding:2px 4px;} .infobox-limited {max-height:200px;overflow:auto;overflow-x:hidden;} .broadcast-red {background-color:#AA5544;color:white;padding:2px 4px;} .message-learn-canlearn {font-weight:bold;color:#228822;text-decoration:underline;} .message-learn-cannotlearn {font-weight:bold;color:#CC2222;text-decoration:underline;} .message-effect-weak {font-weight:bold;color:#CC2222;} .message-effect-resist {font-weight:bold;color:#6688AA;} .message-effect-immune {font-weight:bold;color:#666666;} .message-learn-list {margin-top:0;margin-bottom:0;} .message-throttle-notice, .message-error {color:#992222;} .message-overflow, .chat small.message-overflow {font-size:0pt;} .message-overflow::before {font-size:9pt;content:'...';} .subtle {color:#3A4A66;}
</style>
<div class="wrapper replay-wrapper" style="max-width:1180px;margin:0 auto">
<input type="hidden" name="replayid" value="uu-586121102" />
<div class="battle"></div><div class="battle-log"></div><div class="replay-controls"></div><div class="replay-controls-2"></div>
<h1 style="font-weight:normal;text-align:center"><strong>UU</strong><br /><a href="http://pokemonshowdown.com/users/letose" class="subtle" target="_blank">Letose</a> vs. <a href="http://pokemonshowdown.com/users/iamtopofless" class="subtle" target="_blank">i am TOPofLESS</a></h1>
<script type="text/plain" class="battle-log-data">|j|Letose
|j|i am TOPofLESS
|player|p1|Letose|140
|teamsize|p1|6
|player|p2|i am TOPofLESS|54
|teamsize|p2|6
|gametype|singles
|gen|6
|tier|UU
|rated
|seed|21689,21413,332,15831
|rule|Sleep Clause Mod: Limit one foe put to sleep
|rule|Species Clause: Limit one of each Pokémon
|rule|OHKO Clause: OHKO moves are banned
|rule|Moody Clause: Moody is banned
|rule|Evasion Moves Clause: Evasion moves are banned
|rule|Endless Battle Clause: Forcing endless battles is banned
|rule|HP Percentage Mod: HP is shown in percentages
|clearpoke
|poke|p1|Conkeldurr, M|item
|poke|p1|Empoleon, M|item
|poke|p1|Celebi|item
|poke|p1|Sylveon, M|item
|poke|p1|Chandelure, M|item
|poke|p1|Hydreigon, F|item
|poke|p2|Sharpedo, F|item
|poke|p2|Pangoro, M|item
|poke|p2|Exploud, M|item
|poke|p2|Crobat, F|item
|poke|p2|Forretress, F|item
|poke|p2|Klefki, F|item
|rule|Swagger Clause: Swagger is banned
|rule|Baton Pass Clause: Limit one Baton Passer, can't pass Spe and other stats simultaneously
|teampreview
|choice|team 6, team 2, team 3, team 4, team 5, team 1|team 2, team 1, team 3, team 4, team 5, team 6
|
|start
|switch|p1a: Hydreigon|Hydreigon, F|325\/325
|switch|p2a: Pangoro|Pangoro, M|331\/331
|turn|1
|choice|move uturn|switch 6
|
|switch|p2a: Klefki|Klefki, F|318\/318
|move|p1a: Hydreigon|U-turn|p2a: Klefki
|-resisted|p2a: Klefki
|-damage|p2a: Klefki|305\/318
|choice|switch 5|
|
|switch|p1a: Chandelure|Chandelure, M|261\/261
|
|-heal|p2a: Klefki|318\/318|[from] item: Leftovers
|upkeep
|turn|2
|choice|move fireblast|move spikes
|
|move|p2a: Klefki|Spikes|p1a: Chandelure
|-sidestart|p1: Letose|Spikes
|move|p1a: Chandelure|Fire Blast|p2a: Klefki
|-supereffective|p2a: Klefki
|-damage|p2a: Klefki|0 fnt
|faint|p2a: Klefki
|
|upkeep
|choice||switch 2
|
|switch|p2a: Sharpedo|Sharpedo, F|281\/281
|turn|3
|choice|switch 3|move waterfall
|
|switch|p1a: Celebi|Celebi|401\/401
|-damage|p1a: Celebi|351\/401|[from] Spikes
|move|p2a: Sharpedo|Waterfall|p1a: Celebi
|-resisted|p1a: Celebi
|-damage|p1a: Celebi|302\/401
|
|-heal|p1a: Celebi|327\/401|[from] item: Leftovers
|-ability|p2a: Sharpedo|Speed Boost|boost
|-boost|p2a: Sharpedo|spe|1
|upkeep
|turn|4
|choice|move thunderwave|move crunch mega
|
|detailschange|p2a: Sharpedo|Sharpedo-Mega, F
|-mega|p2a: Sharpedo|Sharpedo|Sharpedonite
|move|p2a: Sharpedo|Crunch|p1a: Celebi
|-supereffective|p1a: Celebi
|-damage|p1a: Celebi|0 fnt
|faint|p1a: Celebi
|
|upkeep
|choice|switch 2|
|
|switch|p1a: Empoleon|Empoleon, M|371\/371
|-damage|p1a: Empoleon|325\/371|[from] Spikes
|turn|5
|choice|move stealthrock|move crunch
|
|move|p2a: Sharpedo|Crunch|p1a: Empoleon
|-damage|p1a: Empoleon|55\/371
|move|p1a: Empoleon|Stealth Rock|p2a: Sharpedo
|-sidestart|p2: i am TOPofLESS|move: Stealth Rock
|
|-heal|p1a: Empoleon|78\/371|[from] item: Leftovers
|upkeep
|turn|6
|inactive|Battle timer is ON: inactive players will automatically lose when time's up. (requested by i am TOPofLESS)
|choice|move defog|move crunch
|
|move|p2a: Sharpedo|Crunch|p1a: Empoleon
|-damage|p1a: Empoleon|0 fnt
|faint|p1a: Empoleon
|
|upkeep
|choice|switch 6|
|
|switch|p1a: Conkeldurr|Conkeldurr, M|351\/351
|-damage|p1a: Conkeldurr|308\/351|[from] Spikes
|turn|7
|choice|move drainpunch|switch 5
|
|switch|p2a: Forretress|Forretress, F|353\/353
|-damage|p2a: Forretress|309\/353|[from] Stealth Rock
|move|p1a: Conkeldurr|Drain Punch|p2a: Forretress
|-damage|p2a: Forretress|224\/353
|-heal|p1a: Conkeldurr|351\/351|[from] drain|[of] p2a: Forretress
|-damage|p1a: Conkeldurr|293\/351|[from] item: Rocky Helmet|[of] p2a: Forretress
|
|upkeep
|turn|8
|choice|move knockoff|move voltswitch
|
|move|p1a: Conkeldurr|Knock Off|p2a: Forretress
|-damage|p2a: Forretress|152\/353
|-damage|p1a: Conkeldurr|235\/351|[from] item: Rocky Helmet|[of] p2a: Forretress
|-enditem|p2a: Forretress|Rocky Helmet|[from] move: Knock Off|[of] p1a: Conkeldurr
|move|p2a: Forretress|Volt Switch|p1a: Conkeldurr
|-damage|p1a: Conkeldurr|208\/351
|choice||switch 4
|
|switch|p2a: Crobat|Crobat, F|311\/311
|-damage|p2a: Crobat|234\/311|[from] Stealth Rock
|
|upkeep
|turn|9
|choice|switch 5|move bravebird
|
|switch|p1a: Hydreigon|Hydreigon, F|325\/325
|move|p2a: Crobat|Brave Bird|p1a: Hydreigon
|-crit|p1a: Hydreigon
|-damage|p1a: Hydreigon|0 fnt
|-damage|p2a: Crobat|127\/311|[from] Recoil|[of] p1a: Hydreigon
|faint|p1a: Hydreigon
|
|upkeep
|choice|switch 4|
|
|switch|p1a: Sylveon|Sylveon, M|393\/393
|-damage|p1a: Sylveon|344\/393|[from] Spikes
|turn|10
|choice|move hypervoice|switch 4
|
|switch|p2a: Forretress|Forretress, F|152\/353
|-damage|p2a: Forretress|108\/353|[from] Stealth Rock
|move|p1a: Sylveon|Hyper Voice|p2a: Forretress
|-resisted|p2a: Forretress
|-crit|p2a: Forretress
|-damage|p2a: Forretress|0 fnt
|faint|p2a: Forretress
|
|-heal|p1a: Sylveon|368\/393|[from] item: Leftovers
|upkeep
|choice||switch 3
|
|switch|p2a: Exploud|Exploud, M|349\/349
|-damage|p2a: Exploud|306\/349|[from] Stealth Rock
|turn|11
|choice|switch 3|move boomburst
|
|switch|p1a: Chandelure|Chandelure, M|261\/261
|-damage|p1a: Chandelure|229\/261|[from] Spikes
|move|p2a: Exploud|Boomburst|p1a: Chandelure
|-damage|p1a: Chandelure|0 fnt
|faint|p1a: Chandelure
|
|upkeep
|choice|switch 5|
|
|switch|p1a: Conkeldurr|Conkeldurr, M|208\/351
|-damage|p1a: Conkeldurr|165\/351|[from] Spikes
|turn|12
|choice|move drainpunch|move boomburst
|
|move|p2a: Exploud|Boomburst|p1a: Conkeldurr
|-damage|p1a: Conkeldurr|0 fnt
|faint|p1a: Conkeldurr
|
|upkeep
|choice|switch 3|
|
|switch|p1a: Sylveon|Sylveon, M|368\/393
|-damage|p1a: Sylveon|319\/393|[from] Spikes
|turn|13
|c|☆Letose|gg
|choice|move hypervoice|move boomburst
|
|move|p2a: Exploud|Boomburst|p1a: Sylveon
|-damage|p1a: Sylveon|48\/393
|move|p1a: Sylveon|Hyper Voice|p2a: Exploud
|-damage|p2a: Exploud|107\/349
|
|-heal|p1a: Sylveon|72\/393|[from] item: Leftovers
|upkeep
|turn|14
|c|☆i am TOPofLESS|gg
|choice|move hypervoice|move boomburst
|
|move|p2a: Exploud|Boomburst|p1a: Sylveon
|-damage|p1a: Sylveon|0 fnt
|faint|p1a: Sylveon
|
|win|i am TOPofLESS
|raw|Letose's rating: 1361 &rarr; <strong>1335<\/strong><br \/>(-26 for losing)
|raw|i am TOPofLESS's rating: 1266 &rarr; <strong>1297<\/strong><br \/>(+31 for winning)</script>
</div>
<div class="battle-log battle-log-inline"><div class="inner"><div class="battle-options"></div><div class="inner"><div class="chat"><small>Letose joined.</small></div><div class="chat"><small>i am TOPofLESS joined.</small></div><div class=""><small>Format:</small> <br><strong>UU</strong></div><div class="rated"><strong>Rated battle</strong></div><div class=""><small><em>Sleep Clause Mod:</em> Limit one foe put to sleep</small></div><div class=""><small><em>Species Clause:</em> Limit one of each Pokémon</small></div><div class=""><small><em>OHKO Clause:</em> OHKO moves are banned</small></div><div class=""><small><em>Moody Clause:</em> Moody is banned</small></div><div class=""><small><em>Evasion Moves Clause:</em> Evasion moves are banned</small></div><div class=""><small><em>Endless Battle Clause:</em> Forcing endless battles is banned</small></div><div class=""><small><em>HP Percentage Mod:</em> HP is shown in percentages</small></div><div class=""><small><em>Swagger Clause:</em> Swagger is banned</small></div><div class=""><small><em>Baton Pass Clause:</em> Limit one Baton Passer, can't pass Spe and other stats simultaneously</small></div><div class="chat battle-history"><strong>Letose's team:</strong> <em style="color:#445566;display:block;">Conkeldurr / Empoleon / Celebi / Sylveon / Chandelure / Hydreigon</em></div><div class="chat battle-history"><strong>i am TOPofLESS's team:</strong> <em style="color:#445566;display:block;">Sharpedo / Pangoro / Exploud / Crobat / Forretress / Klefki</em></div><div class="spacer battle-history"><br></div><div class="battle-history">Battle started between Letose and i am TOPofLESS!<br></div><div class="spacer battle-history"><br></div><div class="battle-history">Go! <strong>Hydreigon</strong>!<br></div><div class="spacer battle-history"><br></div><div class="battle-history">i am TOPofLESS sent out <strong>Pangoro</strong>!<br></div><div class="spacer battle-history"><br></div><h2 class="battle-history">Turn 1</h2><div class="spacer battle-history"><br></div><div class="battle-history">i am TOPofLESS withdrew Pangoro!<br></div><div class="battle-history">i am TOPofLESS sent out <strong>Klefki</strong>!<br></div><div class="spacer battle-history"><br></div><div class="battle-history">Hydreigon used <strong>U-turn</strong>!<br></div><div class="battle-history"><small>It's not very effective...</small><br></div><div class="battle-history"><small>(The opposing Klefki lost <abbr title="−13/318">4.1%</abbr> of its health!)</small><br></div><div class="spacer battle-history"><br></div><div class="battle-history">Hydreigon went back to Letose!<br></div><div class="battle-history">Go! <strong>Chandelure</strong>!<br></div><div class="spacer battle-history"><br></div><div class="battle-history"><small>The opposing Klefki restored a little HP using its Leftovers!</small><br></div><div class="spacer battle-history"><br></div><h2 class="battle-history">Turn 2</h2><div class="spacer battle-history"><br></div><div class="battle-history">The opposing Klefki used <strong>Spikes</strong>!<br></div><div class="battle-history"><small>Spikes were scattered on the ground all around your team!</small><br></div><div class="spacer battle-history"><br></div><div class="battle-history">Chandelure used <strong>Fire Blast</strong>!<br></div><div class="battle-history"><small>It's super effective!</small><br></div><div class="battle-history"><small>(The opposing Klefki lost <abbr title="−318/318">100%</abbr> of its health!)</small><br></div><div class="spacer battle-history"><br></div><div class="battle-history">The opposing Klefki fainted!<br></div><div class="spacer battle-history"><br></div><div class="battle-history">i am TOPofLESS sent out <strong>Sharpedo</strong>!<br></div><div class="spacer battle-history"><br></div><h2 class="battle-history">Turn 3</h2><div class="spacer battle-history"><br></div><div class="battle-history">Chandelure, come back!<br></div><div class="battle-history">Go! <strong>Celebi</strong>!<br></div><div class="battle-history"><small>Celebi is hurt by the spikes!</small><br></div><div class="spacer battle-history"><br></div><div class="battle-history">The opposing Sharpedo used <strong>Waterfall</strong>!<br></div><div class="battle-history"><small>It's not very effective...</small><br></div><div class="battle-history"><small>(Celebi lost <abbr title="−49/401">12.2%</abbr> of its health!)</small><br></div><div class="spacer battle-history"><br></div><div class="battle-history"><small>Celebi restored a little HP using its Leftovers!</small><br></div><div class="battle-history"><small>[The opposing Sharpedo's Speed Boost]</small><br></div><div class="battle-history"><small>The opposing Sharpedo's Speed rose!</small><br></div><div class="spacer battle-history"><br></div><h2 class="battle-history">Turn 4</h2><div class="spacer battle-history"><br></div><div class="battle-history"><small>The opposing Sharpedo's Sharpedonite is reacting to i am TOPofLESS's Mega Bracelet!</small><br>The opposing Sharpedo has Mega Evolved into Mega Sharpedo!<br></div><div class="spacer battle-history"><br></div><div class="battle-history">The opposing Sharpedo used <strong>Crunch</strong>!<br></div><div class="battle-history"><small>It's super effective!</small><br></div><div class="battle-history"><small>(Celebi lost <abbr title="−327/401">81.5%</abbr> of its health!)</small><br></div><div class="spacer battle-history"><br></div><div class="battle-history">Celebi fainted!<br></div><div class="spacer battle-history"><br></div><div class="battle-history">Go! <strong>Empoleon</strong>!<br></div><div class="battle-history"><small>Empoleon is hurt by the spikes!</small><br></div><div class="spacer battle-history"><br></div><h2 class="battle-history">Turn 5</h2><div class="spacer battle-history"><br></div><div class="battle-history">The opposing Sharpedo used <strong>Crunch</strong>!<br></div><div class="battle-history"><small>(Empoleon lost <abbr title="−270/371">72.8%</abbr> of its health!)</small><br></div><div class="spacer battle-history"><br></div><div class="battle-history">Empoleon used <strong>Stealth Rock</strong>!<br></div><div class="battle-history"><small>Pointed stones float in the air around the opposing team!</small><br></div><div class="spacer battle-history"><br></div><div class="battle-history"><small>Empoleon restored a little HP using its Leftovers!</small><br></div><div class="spacer battle-history"><br></div><h2 class="battle-history">Turn 6</h2><div class="chat message-error">Battle timer is ON: inactive players will automatically lose when time's up. (requested by i am TOPofLESS)</div><div class="spacer battle-history"><br></div><div class="battle-history">The opposing Sharpedo used <strong>Crunch</strong>!<br></div><div class="battle-history"><small>(Empoleon lost <abbr title="−78/371">21.0%</abbr> of its health!)</small><br></div><div class="spacer battle-history"><br></div><div class="battle-history">Empoleon fainted!<br></div><div class="spacer battle-history"><br></div><div class="battle-history">Go! <strong>Conkeldurr</strong>!<br></div><div class="battle-history"><small>Conkeldurr is hurt by the spikes!</small><br></div><div class="spacer battle-history"><br></div><h2 class="battle-history">Turn 7</h2><div class="spacer battle-history"><br></div><div class="battle-history">i am TOPofLESS withdrew Sharpedo!<br></div><div class="battle-history">i am TOPofLESS sent out <strong>Forretress</strong>!<br></div><div class="battle-history"><small>Pointed stones dug into the opposing Forretress!</small><br></div><div class="spacer battle-history"><br></div><div class="battle-history">Conkeldurr used <strong>Drain Punch</strong>!<br></div><div class="battle-history"><small>(The opposing Forretress lost <abbr title="−85/353">24.1%</abbr> of its health!)</small><br></div><div class="battle-history"><small>The opposing Forretress had its energy drained!</small><br></div><div class="battle-history"><small>Conkeldurr was hurt by the Rocky Helmet!</small><br></div><div class="spacer battle-history"><br></div><h2 class="battle-history">Turn 8</h2><div class="spacer battle-history"><br></div><div class="battle-history">Conkeldurr used <strong>Knock Off</strong>!<br></div><div class="battle-history"><small>(The opposing Forretress lost <abbr title="−72/353">20.4%</abbr> of its health!)</small><br></div><div class="battle-history"><small>Conkeldurr was hurt by the Rocky Helmet!</small><br></div><div class="battle-history"><small>Conkeldurr knocked off the opposing Forretress's Rocky Helmet!</small><br></div><div class="spacer battle-history"><br></div><div class="battle-history">The opposing Forretress used <strong>Volt Switch</strong>!<br></div><div class="battle-history"><small>(Conkeldurr lost <abbr title="−27/351">7.7%</abbr> of its health!)</small><br></div><div class="spacer battle-history"><br></div><div class="battle-history">The opposing Forretress went back to i am TOPofLESS!<br></div><div class="battle-history">i am TOPofLESS sent out <strong>Crobat</strong>!<br></div><div class="battle-history"><small>Pointed stones dug into the opposing Crobat!</small><br></div><div class="spacer battle-history"><br></div><h2 class="battle-history">Turn 9</h2><div class="spacer battle-history"><br></div><div class="battle-history">Conkeldurr, come back!<br></div><div class="battle-history">Go! <strong>Hydreigon</strong>!<br></div><div class="spacer battle-history"><br></div><div class="battle-history">The opposing Crobat used <strong>Brave Bird</strong>!<br></div><div class="battle-history"><small>A critical hit!</small><br></div><div class="battle-history"><small>(Hydreigon lost <abbr title="−325/325">100%</abbr> of its health!)</small><br></div><div class="battle-history"><small>The opposing Crobat is damaged by the recoil!</small><br></div><div class="spacer battle-history"><br></div><div class="battle-history">Hydreigon fainted!<br></div><div class="spacer battle-history"><br></div><div class="battle-history">Go! <strong>Sylveon</strong>!<br></div><div class="battle-history"><small>Sylveon is hurt by the spikes!</small><br></div><div class="spacer battle-history"><br></div><h2 class="battle-history">Turn 10</h2><div class="spacer battle-history"><br></div><div class="battle-history">i am TOPofLESS withdrew Crobat!<br></div><div class="battle-history">i am TOPofLESS sent out <strong>Forretress</strong>!<br></div><div class="battle-history"><small>Pointed stones dug into the opposing Forretress!</small><br></div><div class="spacer battle-history"><br></div><div class="battle-history">Sylveon used <strong>Hyper Voice</strong>!<br></div><div class="battle-history"><small>It's not very effective...</small><br></div><div class="battle-history"><small>A critical hit!</small><br></div><div class="battle-history"><small>(The opposing Forretress lost <abbr title="−108/353">30.6%</abbr> of its health!)</small><br></div><div class="spacer battle-history"><br></div><div class="battle-history">The opposing Forretress fainted!<br></div><div class="spacer battle-history"><br></div><div class="battle-history"><small>Sylveon restored a little HP using its Leftovers!</small><br></div><div class="spacer battle-history"><br></div><div class="battle-history">i am TOPofLESS sent out <strong>Exploud</strong>!<br></div><div class="battle-history"><small>Pointed stones dug into the opposing Exploud!</small><br></div><div class="spacer battle-history"><br></div><h2 class="battle-history">Turn 11</h2><div class="spacer battle-history"><br></div><div class="battle-history">Sylveon, come back!<br></div><div class="battle-history">Go! <strong>Chandelure</strong>!<br></div><div class="battle-history"><small>Chandelure is hurt by the spikes!</small><br></div><div class="spacer battle-history"><br></div><div class="battle-history">The opposing Exploud used <strong>Boomburst</strong>!<br></div><div class="battle-history"><small>(Chandelure lost <abbr title="−229/261">87.7%</abbr> of its health!)</small><br></div><div class="spacer battle-history"><br></div><div class="battle-history">Chandelure fainted!<br></div><div class="spacer battle-history"><br></div><div class="battle-history">Go! <strong>Conkeldurr</strong>!<br></div><div class="battle-history"><small>Conkeldurr is hurt by the spikes!</small><br></div><div class="spacer battle-history"><br></div><h2 class="battle-history">Turn 12</h2><div class="spacer battle-history"><br></div><div class="battle-history">The opposing Exploud used <strong>Boomburst</strong>!<br></div><div class="battle-history"><small>(Conkeldurr lost <abbr title="−165/351">47.0%</abbr> of its health!)</small><br></div><div class="spacer battle-history"><br></div><div class="battle-history">Conkeldurr fainted!<br></div><div class="spacer battle-history"><br></div><div class="battle-history">Go! <strong>Sylveon</strong>!<br></div><div class="battle-history"><small>Sylveon is hurt by the spikes!</small><br></div><div class="spacer battle-history"><br></div><h2 class="battle-history">Turn 13</h2><div class="chat chatmessage-letose"><strong style="color:hsl(221,61%,54.680726447861595%)"><small>☆</small><span class="username" data-name="Letose">Letose</span>:</strong> <em>gg</em></div><div class="spacer battle-history"><br></div><div class="battle-history">The opposing Exploud used <strong>Boomburst</strong>!<br></div><div class="battle-history"><small>(Sylveon lost <abbr title="−271/393">69.0%</abbr> of its health!)</small><br></div><div class="spacer battle-history"><br></div><div class="battle-history">Sylveon used <strong>Hyper Voice</strong>!<br></div><div class="battle-history"><small>(The opposing Exploud lost <abbr title="−199/349">57.0%</abbr> of its health!)</small><br></div><div class="spacer battle-history"><br></div><div class="battle-history"><small>Sylveon restored a little HP using its Leftovers!</small><br></div><div class="spacer battle-history"><br></div><h2 class="battle-history">Turn 14</h2><div class="chat chatmessage-iamtopofless"><strong style="color:hsl(148,59%,41.05891332871491%)"><small>☆</small><span class="username" data-name="i am TOPofLESS">i am TOPofLESS</span>:</strong> <em>gg</em></div><div class="spacer battle-history"><br></div><div class="battle-history">The opposing Exploud used <strong>Boomburst</strong>!<br></div><div class="battle-history"><small>(Sylveon lost <abbr title="−72/393">18.3%</abbr> of its health!)</small><br></div><div class="spacer battle-history"><br></div><div class="battle-history">Sylveon fainted!<br></div><div class="spacer battle-history"><br></div><div class="battle-history"><strong>i am TOPofLESS</strong> won the battle!<br></div><div class="chat">Letose's rating: 1361 → <strong>1335</strong><br>(-26 for losing)</div><div class="chat">i am TOPofLESS's rating: 1266 → <strong>1297</strong><br>(+31 for winning)</div></div><div class="inner-preempt"></div></div></div>
</div>
<script>
let daily = Math.floor(Date.now()/1000/60/60/24);document.write('<script src="https://play.pokemonshowdown.com/js/replay-embed.js?version'+daily+'"></'+'script>');
</script>
