<!DOCTYPE html>
<meta charset="utf-8" />
<!-- version 1 -->
<title>UU replay: adewale vs. Almighty Meloetta</title>
<style>
html,body {font-family:Verdana, sans-serif;font-size:10pt;margin:0;padding:0;}body{padding:12px 0;} .battle-log {font-family:Verdana, sans-serif;font-size:10pt;} .battle-log-inline {border:1px solid #AAAAAA;background:#EEF2F5;color:black;max-width:640px;margin:0 auto 80px;padding-bottom:5px;} .battle-log .inner {padding:4px 8px 0px 8px;} .battle-log .inner-preempt {padding:0 8px 4px 8px;} .battle-log .inner-after {margin-top:0.5em;} .battle-log h2 {margin:0.5em -8px;padding:4px 8px;border:1px solid #AAAAAA;background:#E0E7EA;border-left:0;border-right:0;font-family:Verdana, sans-serif;font-size:13pt;} .battle-log .chat {vertical-align:middle;padding:3px 0 3px 0;font-size:8pt;} .battle-log .chat strong {color:#40576A;} .battle-log .chat em {padding:1px 4px 1px 3px;color:#000000;font-style:normal;} .chat.mine {background:rgba(0,0,0,0.05);margin-left:-8px;margin-right:-8px;padding-left:8px;padding-right:8px;} .spoiler {color:#BBBBBB;background:#BBBBBB;padding:0px 3px;} .spoiler:hover, .spoiler:active, .spoiler-shown {color:#000000;background:#E2E2E2;padding:0px 3px;} .spoiler a {color:#BBBBBB;} .spoiler:hover a, .spoiler:active a, .spoiler-shown a {color:#2288CC;} .chat code, .chat .spoiler:hover code, .chat .spoiler:active code, .chat .spoiler-shown code {border:1px solid #C0C0C0;background:#EEEEEE;color:black;padding:0 2px;} .chat .spoiler code {border:1px solid #CCCCCC;background:#CCCCCC;color:#CCCCCC;} .battle-log .rated {padding:3px 4px;} .battle-log .rated strong {color:white;background:#89A;padding:1px 4px;border-radius:4px;} .spacer {margin-top:0.5em;} .message-announce {background:#6688AA;color:white;padding:1px 4px 2px;} .message-announce a, .broadcast-green a, .broadcast-blue a, .broadcast-red a {color:#DDEEFF;} .broadcast-green {background-color:#559955;color:white;padding:2px 4px;} .broadcast-blue {background-color:#6688AA;color:white;padding:2px 4px;} .infobox {border:1px solid #6688AA;padding:2px 4px;} .infobox-limited {max-height:200px;overflow:auto;overflow-x:hidden;} .broadcast-red {background-color:#AA5544;color:white;padding:2px 4px;} .message-learn-canlearn {font-weight:bold;color:#228822;text-decoration:underline;} .message-learn-cannotlearn {font-weight:bold;color:#CC2222;text-decoration:underline;} .message-effect-weak {font-weight:bold;color:#CC2222;} .message-effect-resist {font-weight:bold;color:#6688AA;} .message-effect-immune {font-weight:bold;color:#666666;} .message-learn-list {margin-top:0;margin-bottom:0;} .message-throttle-notice, .message-error {color:#992222;} .message-overflow, .chat small.message-overflow {font-size:0pt;} .message-overflow::before {font-size:9pt;content:'...';} .subtle {color:#3A4A66;}
</style>
<div class="wrapper replay-wrapper" style="max-width:1180px;margin:0 auto">
<input type="hidden" name="replayid" value="uu-540997269" />
<div class="battle"></div><div class="battle-log"></div><div class="replay-controls"></div><div class="replay-controls-2"></div>
<h1 style="font-weight:normal;text-align:center"><strong>UU</strong><br /><a href="http://pokemonshowdown.com/users/adewale" class="subtle" target="_blank">adewale</a> vs. <a href="http://pokemonshowdown.com/users/almightymeloetta" class="subtle" target="_blank">Almighty Meloetta</a></h1>
<script type="text/plain" class="battle-log-data">|j|adewale
|j|Almighty Meloetta
|player|p1|adewale|40
|player|p2|Almighty Meloetta|260
|gametype|singles
|gen|6
|tier|UU
|seed|17230,63838,14908,23745
|rule|Sleep Clause Mod: Limit one foe put to sleep
|rule|Species Clause: Limit one of each Pokémon
|rule|OHKO Clause: OHKO moves are banned
|rule|Moody Clause: Moody is banned
|rule|Evasion Moves Clause: Evasion moves are banned
|rule|Endless Battle Clause: Forcing endless battles is banned
|rule|HP Percentage Mod: HP is shown in percentages
|clearpoke
|poke|p1|Florges-White, F|item
|poke|p1|Ampharos, M|item
|poke|p1|Cobalion|item
|poke|p1|Whimsicott, M|item
|poke|p1|Nidoking, M|item
|poke|p1|Chesnaught, M|item
|poke|p2|Hydreigon, F|item
|poke|p2|Cobalion|item
|poke|p2|Gardevoir, M|item
|poke|p2|Sceptile, F|item
|poke|p2|Darmanitan, F|item
|poke|p2|Porygon-Z|item
|rule|Swagger Clause: Swagger is banned
|rule|Baton Pass Clause: Limit one Baton Passer, can't pass Spe and other stats simultaneously
|teampreview
|j|Stats Bot
|l|Stats Bot
|choice|team 5, team 2, team 3, team 4, team 1, team 6|team 2, team 1, team 3, team 4, team 5, team 6
|
|start
|switch|p1a: Nidoking|Nidoking, M|366\/366
|switch|p2a: Cobalion|Cobalion|323\/323
|turn|1
|-activate|p1a: Nidoking|item: Quick Claw
|choice|move dragontail|move ironhead
|
|move|p2a: Cobalion|Iron Head|p1a: Nidoking
|-damage|p1a: Nidoking|221\/366
|move|p1a: Nidoking|Dragon Tail|p2a: Cobalion
|-resisted|p2a: Cobalion
|-damage|p2a: Cobalion|298\/323
|drag|p2a: Gardevoir|Gardevoir, M|308\/308
|-ability|p2a: Gardevoir|Poison Point|[from] ability: Trace|[of] p1a: Nidoking
|
|upkeep
|turn|2
|choice|move drillrun|move psyshock
|
|move|p2a: Gardevoir|Psyshock|p1a: Nidoking
|-supereffective|p1a: Nidoking
|-damage|p1a: Nidoking|0 fnt
|faint|p1a: Nidoking
|
|upkeep
|choice|switch 3|
|
|switch|p1a: Cobalion|Cobalion|323\/323
|turn|3
|choice|move flashcannon|switch 5
|
|switch|p2a: Darmanitan|Darmanitan, F|352\/352
|move|p1a: Cobalion|Flash Cannon|p2a: Darmanitan
|-resisted|p2a: Darmanitan
|-damage|p2a: Darmanitan|236\/352
|-damage|p1a: Cobalion|291\/323|[from] item: Life Orb
|
|upkeep
|turn|4
|choice|switch 5|move flareblitz
|
|switch|p1a: Florges|Florges-White, F|359\/359
|move|p2a: Darmanitan|Flare Blitz|p1a: Florges
|-damage|p1a: Florges|0 fnt
|-damage|p2a: Darmanitan|118\/352|[from] recoil|[of] p1a: Florges
|faint|p1a: Florges
|
|upkeep
|choice|switch 2|
|
|switch|p1a: Ampharos|Ampharos, M|383\/383
|turn|5
|choice|move zapcannon mega|move flareblitz
|
|detailschange|p1a: Ampharos|Ampharos-Mega, M
|-mega|p1a: Ampharos|Ampharos|Ampharosite
|-ability|p1a: Ampharos|Mold Breaker
|move|p2a: Darmanitan|Flare Blitz|p1a: Ampharos
|-resisted|p1a: Ampharos
|-damage|p1a: Ampharos|223\/383
|-damage|p2a: Darmanitan|65\/352|[from] recoil|[of] p1a: Ampharos
|move|p1a: Ampharos|Zap Cannon|p2a: Darmanitan|[miss]
|-miss|p1a: Ampharos|p2a: Darmanitan
|
|upkeep
|turn|6
|choice|move cottonguard|switch 4
|
|switch|p2a: Sceptile|Sceptile, F|281\/281
|move|p1a: Ampharos|Cotton Guard|p1a: Ampharos
|-boost|p1a: Ampharos|def|3
|
|upkeep
|turn|7
|choice|switch 6|move dragonpulse mega
|
|switch|p1a: Chesnaught|Chesnaught, M|380\/380
|detailschange|p2a: Sceptile|Sceptile-Mega, F
|-mega|p2a: Sceptile|Sceptile|Sceptilite
|move|p2a: Sceptile|Dragon Pulse|p1a: Chesnaught
|-damage|p1a: Chesnaught|158\/380
|
|upkeep
|turn|8
|choice|move dragonclaw|move dragonpulse
|
|move|p2a: Sceptile|Dragon Pulse|p1a: Chesnaught
|-damage|p1a: Chesnaught|0 fnt
|faint|p1a: Chesnaught
|
|upkeep
|choice|switch 4|
|
|switch|p1a: Whimsicott|Whimsicott, M|324\/324
|turn|9
|choice|move dazzlinggleam|switch 4
|
|switch|p2a: Darmanitan|Darmanitan, F|65\/352
|move|p1a: Whimsicott|Dazzling Gleam|p2a: Darmanitan
|-resisted|p2a: Darmanitan
|-damage|p2a: Darmanitan|5\/352
|
|upkeep
|turn|10
|choice|move gigadrain|move earthquake
|
|move|p2a: Darmanitan|Earthquake|p1a: Whimsicott
|-resisted|p1a: Whimsicott
|-damage|p1a: Whimsicott|242\/324
|move|p1a: Whimsicott|Giga Drain|p2a: Darmanitan
|-resisted|p2a: Darmanitan
|-damage|p2a: Darmanitan|0 fnt
|-heal|p1a: Whimsicott|245\/324|[from] drain|[of] p2a: Darmanitan
|faint|p2a: Darmanitan
|
|upkeep
|choice||switch 3
|
|switch|p2a: Cobalion|Cobalion|298\/323
|turn|11
|choice|move stunspore|move ironhead
|
|move|p1a: Whimsicott|Stun Spore|p2a: Cobalion|[miss]
|-miss|p1a: Whimsicott|p2a: Cobalion
|move|p2a: Cobalion|Iron Head|p1a: Whimsicott
|-supereffective|p1a: Whimsicott
|-damage|p1a: Whimsicott|5\/324
|-enditem|p1a: Whimsicott|Lansat Berry|[eat]
|-start|p1a: Whimsicott|move: Focus Energy
|
|upkeep
|turn|12
|c|☆Almighty Meloetta|!dt lansat berry
|c|~|\/data-item Lansat Berry
|raw|<font size="1"><font color="#686868">Gen:<\/font> 3&nbsp;|&ThickSpace;<font color="#686868">Fling Base Power:<\/font> 10&nbsp;|&ThickSpace;<font color="#686868">Fling Effect:<\/font> Activates the Berry's effect on the target.&nbsp;|&ThickSpace;<font color="#686868">Natural Gift Type:<\/font> Flying&nbsp;|&ThickSpace;<font color="#686868">Natural Gift Base Power:<\/font> 100<\/font>
|choice|move stunspore|move ironhead
|
|move|p1a: Whimsicott|Stun Spore|p2a: Cobalion
|-status|p2a: Cobalion|par
|move|p2a: Cobalion|Iron Head|p1a: Whimsicott
|-supereffective|p1a: Whimsicott
|-damage|p1a: Whimsicott|0 fnt
|faint|p1a: Whimsicott
|
|upkeep
|choice|switch 5|
|
|switch|p1a: Cobalion|Cobalion|291\/323
|turn|13
|choice|move frustration|move closecombat
|
|move|p1a: Cobalion|Frustration|p2a: Cobalion
|-resisted|p2a: Cobalion
|-damage|p2a: Cobalion|260\/323 par
|-damage|p1a: Cobalion|259\/323|[from] item: Life Orb
|cant|p2a: Cobalion|par
|
|upkeep
|turn|14
|choice|move focusblast|move closecombat
|
|move|p1a: Cobalion|Focus Blast|p2a: Cobalion
|-supereffective|p2a: Cobalion
|-damage|p2a: Cobalion|0 fnt
|-damage|p1a: Cobalion|227\/323|[from] item: Life Orb
|faint|p2a: Cobalion
|
|upkeep
|choice||switch 4
|
|switch|p2a: Sceptile|Sceptile-Mega, F|281\/281
|turn|15
|choice|move focusblast|move focusblast
|
|move|p2a: Sceptile|Focus Blast|p1a: Cobalion
|-supereffective|p1a: Cobalion
|-damage|p1a: Cobalion|0 fnt
|faint|p1a: Cobalion
|
|upkeep
|choice|switch 6|
|
|switch|p1a: Ampharos|Ampharos-Mega, M|223\/383
|-ability|p1a: Ampharos|Mold Breaker
|turn|16
|choice|move zapcannon|move dragonpulse
|
|move|p2a: Sceptile|Dragon Pulse|p1a: Ampharos
|-supereffective|p1a: Ampharos
|-damage|p1a: Ampharos|0 fnt
|faint|p1a: Ampharos
|
|win|Almighty Meloetta
|player|p1
|player|p2
|c|☆adewale|gg</script>
</div>
<div class="battle-log battle-log-inline"><div class="inner"><div class="battle-options"></div><div class="inner"><div class="chat"><small>adewale joined.</small></div><div class="chat"><small>Almighty Meloetta joined.</small></div><div class=""><small>Format:</small> <br><strong>UU</strong></div><div class=""><small><em>Sleep Clause Mod:</em> Limit one foe put to sleep</small></div><div class=""><small><em>Species Clause:</em> Limit one of each Pokémon</small></div><div class=""><small><em>OHKO Clause:</em> OHKO moves are banned</small></div><div class=""><small><em>Moody Clause:</em> Moody is banned</small></div><div class=""><small><em>Evasion Moves Clause:</em> Evasion moves are banned</small></div><div class=""><small><em>Endless Battle Clause:</em> Forcing endless battles is banned</small></div><div class=""><small><em>HP Percentage Mod:</em> HP is shown in percentages</small></div><div class=""><small><em>Swagger Clause:</em> Swagger is banned</small></div><div class=""><small><em>Baton Pass Clause:</em> Limit one Baton Passer, can't pass Spe and other stats simultaneously</small></div><div class="chat battle-history"><strong>adewale's team:</strong> <em style="color:#445566;display:block;">Florges-White / Ampharos / Cobalion / Whimsicott / Nidoking / Chesnaught</em></div><div class="chat battle-history"><strong>Almighty Meloetta's team:</strong> <em style="color:#445566;display:block;">Hydreigon / Cobalion / Gardevoir / Sceptile / Darmanitan / Porygon-Z</em></div><div class="chat"><small>Stats Bot joined.</small></div><div class="chat"><small>Stats Bot left.</small></div><div class="spacer battle-history"><br></div><div class="battle-history">Battle started between adewale and Almighty Meloetta!<br></div><div class="spacer battle-history"><br></div><div class="battle-history">Go! <strong>Nidoking</strong>!<br></div><div class="spacer battle-history"><br></div><div class="battle-history">Almighty Meloetta sent out <strong>Cobalion</strong>!<br></div><div class="spacer battle-history"><br></div><h2 class="battle-history">Turn 1</h2><div class="spacer battle-history"><br></div><div class="battle-history"><small>Nidoking's Quick Claw let it move first!</small><br></div><div class="spacer battle-history"><br></div><div class="battle-history">The opposing Cobalion used <strong>Iron Head</strong>!<br></div><div class="battle-history"><small>(Nidoking lost <abbr title="−145/366">39.6%</abbr> of its health!)</small><br></div><div class="spacer battle-history"><br></div><div class="battle-history">Nidoking used <strong>Dragon Tail</strong>!<br></div><div class="battle-history"><small>It's not very effective...</small><br></div><div class="battle-history"><small>(The opposing Cobalion lost <abbr title="−25/323">7.7%</abbr> of its health!)</small><br></div><div class="spacer battle-history"><br></div><div class="battle-history"><strong>Gardevoir</strong> was dragged out!<br></div><div class="battle-history"><small>[The opposing Gardevoir's Trace]</small><br><small>[The opposing Gardevoir's Poison Point]</small><br><small>The opposing Gardevoir traced Nidoking's Poison Point!</small><br></div><div class="spacer battle-history"><br></div><h2 class="battle-history">Turn 2</h2><div class="spacer battle-history"><br></div><div class="battle-history">The opposing Gardevoir used <strong>Psyshock</strong>!<br></div><div class="battle-history"><small>It's super effective!</small><br></div><div class="battle-history"><small>(Nidoking lost <abbr title="−221/366">60.4%</abbr> of its health!)</small><br></div><div class="spacer battle-history"><br></div><div class="battle-history">Nidoking fainted!<br></div><div class="spacer battle-history"><br></div><div class="battle-history">Go! <strong>Cobalion</strong>!<br></div><div class="spacer battle-history"><br></div><h2 class="battle-history">Turn 3</h2><div class="spacer battle-history"><br></div><div class="battle-history">Almighty Meloetta withdrew Gardevoir!<br></div><div class="battle-history">Almighty Meloetta sent out <strong>Darmanitan</strong>!<br></div><div class="spacer battle-history"><br></div><div class="battle-history">Cobalion used <strong>Flash Cannon</strong>!<br></div><div class="battle-history"><small>It's not very effective...</small><br></div><div class="battle-history"><small>(The opposing Darmanitan lost <abbr title="−116/352">33.0%</abbr> of its health!)</small><br></div><div class="battle-history"><small>Cobalion lost some of its HP!</small><br></div><div class="spacer battle-history"><br></div><h2 class="battle-history">Turn 4</h2><div class="spacer battle-history"><br></div><div class="battle-history">Cobalion, come back!<br></div><div class="battle-history">Go! Florges (<strong>Florges-White</strong>)!<br></div><div class="spacer battle-history"><br></div><div class="battle-history">The opposing Darmanitan used <strong>Flare Blitz</strong>!<br></div><div class="battle-history"><small>(Florges lost <abbr title="−359/359">100%</abbr> of its health!)</small><br></div><div class="battle-history"><small>The opposing Darmanitan is damaged by the recoil!</small><br></div><div class="spacer battle-history"><br></div><div class="battle-history">Florges fainted!<br></div><div class="spacer battle-history"><br></div><div class="battle-history">Go! <strong>Ampharos</strong>!<br></div><div class="spacer battle-history"><br></div><h2 class="battle-history">Turn 5</h2><div class="spacer battle-history"><br></div><div class="battle-history"><small>Ampharos's Ampharosite is reacting to adewale's Mega Bracelet!</small><br>Ampharos has Mega Evolved into Mega Ampharos!<br></div><div class="battle-history"><small>[Ampharos's Mold Breaker]</small><br><small>Ampharos breaks the mold!</small><br></div><div class="spacer battle-history"><br></div><div class="battle-history">The opposing Darmanitan used <strong>Flare Blitz</strong>!<br></div><div class="battle-history"><small>It's not very effective...</small><br></div><div class="battle-history"><small>(Ampharos lost <abbr title="−160/383">41.8%</abbr> of its health!)</small><br></div><div class="battle-history"><small>The opposing Darmanitan is damaged by the recoil!</small><br></div><div class="spacer battle-history"><br></div><div class="battle-history">Ampharos used <strong>Zap Cannon</strong>!<br></div><div class="battle-history"><small>The opposing Darmanitan avoided the attack!</small><br></div><div class="spacer battle-history"><br></div><h2 class="battle-history">Turn 6</h2><div class="spacer battle-history"><br></div><div class="battle-history">Almighty Meloetta withdrew Darmanitan!<br></div><div class="battle-history">Almighty Meloetta sent out <strong>Sceptile</strong>!<br></div><div class="spacer battle-history"><br></div><div class="battle-history">Ampharos used <strong>Cotton Guard</strong>!<br></div><div class="battle-history"><small>Ampharos's Defense rose drastically!</small><br></div><div class="spacer battle-history"><br></div><h2 class="battle-history">Turn 7</h2><div class="spacer battle-history"><br></div><div class="battle-history">Ampharos, come back!<br></div><div class="battle-history">Go! <strong>Chesnaught</strong>!<br></div><div class="spacer battle-history"><br></div><div class="battle-history"><small>The opposing Sceptile's Sceptilite is reacting to Almighty Meloetta's Mega Bracelet!</small><br>The opposing Sceptile has Mega Evolved into Mega Sceptile!<br></div><div class="spacer battle-history"><br></div><div class="battle-history">The opposing Sceptile used <strong>Dragon Pulse</strong>!<br></div><div class="battle-history"><small>(Chesnaught lost <abbr title="−222/380">58.4%</abbr> of its health!)</small><br></div><div class="spacer battle-history"><br></div><h2 class="battle-history">Turn 8</h2><div class="spacer battle-history"><br></div><div class="battle-history">The opposing Sceptile used <strong>Dragon Pulse</strong>!<br></div><div class="battle-history"><small>(Chesnaught lost <abbr title="−158/380">41.6%</abbr> of its health!)</small><br></div><div class="spacer battle-history"><br></div><div class="battle-history">Chesnaught fainted!<br></div><div class="spacer battle-history"><br></div><div class="battle-history">Go! <strong>Whimsicott</strong>!<br></div><div class="spacer battle-history"><br></div><h2 class="battle-history">Turn 9</h2><div class="spacer battle-history"><br></div><div class="battle-history">Almighty Meloetta withdrew Sceptile!<br></div><div class="battle-history">Almighty Meloetta sent out <strong>Darmanitan</strong>!<br></div><div class="spacer battle-history"><br></div><div class="battle-history">Whimsicott used <strong>Dazzling Gleam</strong>!<br></div><div class="battle-history"><small>It's not very effective...</small><br></div><div class="battle-history"><small>(The opposing Darmanitan lost <abbr title="−60/352">17.0%</abbr> of its health!)</small><br></div><div class="spacer battle-history"><br></div><h2 class="battle-history">Turn 10</h2><div class="spacer battle-history"><br></div><div class="battle-history">The opposing Darmanitan used <strong>Earthquake</strong>!<br></div><div class="battle-history"><small>It's not very effective...</small><br></div><div class="battle-history"><small>(Whimsicott lost <abbr title="−82/324">25.3%</abbr> of its health!)</small><br></div><div class="spacer battle-history"><br></div><div class="battle-history">Whimsicott used <strong>Giga Drain</strong>!<br></div><div class="battle-history"><small>It's not very effective...</small><br></div><div class="battle-history"><small>(The opposing Darmanitan lost <abbr title="−5/352">1.4%</abbr> of its health!)</small><br></div><div class="battle-history"><small>The opposing Darmanitan had its energy drained!</small><br></div><div class="spacer battle-history"><br></div><div class="battle-history">The opposing Darmanitan fainted!<br></div><div class="spacer battle-history"><br></div><div class="battle-history">Almighty Meloetta sent out <strong>Cobalion</strong>!<br></div><div class="spacer battle-history"><br></div><h2 class="battle-history">Turn 11</h2><div class="spacer battle-history"><br></div><div class="battle-history">Whimsicott used <strong>Stun Spore</strong>!<br></div><div class="battle-history"><small>The opposing Cobalion avoided the attack!</small><br></div><div class="spacer battle-history"><br></div><div class="battle-history">The opposing Cobalion used <strong>Iron Head</strong>!<br></div><div class="battle-history"><small>It's super effective!</small><br></div><div class="battle-history"><small>(Whimsicott lost <abbr title="−240/324">74.1%</abbr> of its health!)</small><br></div><div class="battle-history"><small>Whimsicott ate its Lansat Berry!</small><br></div><div class="battle-history"><small>Whimsicott is getting pumped!</small><br></div><div class="spacer battle-history"><br></div><h2 class="battle-history">Turn 12</h2><div class="chat chatmessage-almightymeloetta"><strong style="color:hsl(356,60%,50.6389189541888%)"><small>☆</small><span class="username" data-name="Almighty Meloetta">Almighty Meloetta</span>:</strong> <em>!dt lansat berry</em></div><div class="chat message-error">[outdated code no longer supported]</div><div class="chat"><font size="1"><font color="#686868">Gen:</font> 3&nbsp;|  <font color="#686868">Fling Base Power:</font> 10&nbsp;|  <font color="#686868">Fling Effect:</font> Activates the Berry's effect on the target.&nbsp;|  <font color="#686868">Natural Gift Type:</font> Flying&nbsp;|  <font color="#686868">Natural Gift Base Power:</font> 100</font></div><div class="spacer battle-history"><br></div><div class="battle-history">Whimsicott used <strong>Stun Spore</strong>!<br></div><div class="battle-history"><small>The opposing Cobalion is paralyzed! It may be unable to move!</small><br></div><div class="spacer battle-history"><br></div><div class="battle-history">The opposing Cobalion used <strong>Iron Head</strong>!<br></div><div class="battle-history"><small>It's super effective!</small><br></div><div class="battle-history"><small>(Whimsicott lost <abbr title="−5/324">1.5%</abbr> of its health!)</small><br></div><div class="spacer battle-history"><br></div><div class="battle-history">Whimsicott fainted!<br></div><div class="spacer battle-history"><br></div><div class="battle-history">Go! <strong>Cobalion</strong>!<br></div><div class="spacer battle-history"><br></div><h2 class="battle-history">Turn 13</h2><div class="spacer battle-history"><br></div><div class="battle-history">Cobalion used <strong>Frustration</strong>!<br></div><div class="battle-history"><small>It's not very effective...</small><br></div><div class="battle-history"><small>(The opposing Cobalion lost <abbr title="−38/323">11.8%</abbr> of its health!)</small><br></div><div class="battle-history"><small>Cobalion lost some of its HP!</small><br></div><div class="spacer battle-history"><br></div><div class="battle-history">The opposing Cobalion is paralyzed! It can't move!<br></div><div class="spacer battle-history"><br></div><h2 class="battle-history">Turn 14</h2><div class="spacer battle-history"><br></div><div class="battle-history">Cobalion used <strong>Focus Blast</strong>!<br></div><div class="battle-history"><small>It's super effective!</small><br></div><div class="battle-history"><small>(The opposing Cobalion lost <abbr title="−260/323">80.5%</abbr> of its health!)</small><br></div><div class="battle-history"><small>Cobalion lost some of its HP!</small><br></div><div class="spacer battle-history"><br></div><div class="battle-history">The opposing Cobalion fainted!<br></div><div class="spacer battle-history"><br></div><div class="battle-history">Almighty Meloetta sent out Sceptile (<strong>Sceptile-Mega</strong>)!<br></div><div class="spacer battle-history"><br></div><h2 class="battle-history">Turn 15</h2><div class="spacer battle-history"><br></div><div class="battle-history">The opposing Sceptile used <strong>Focus Blast</strong>!<br></div><div class="battle-history"><small>It's super effective!</small><br></div><div class="battle-history"><small>(Cobalion lost <abbr title="−227/323">70.3%</abbr> of its health!)</small><br></div><div class="spacer battle-history"><br></div><div class="battle-history">Cobalion fainted!<br></div><div class="spacer battle-history"><br></div><div class="battle-history">Go! Ampharos (<strong>Ampharos-Mega</strong>)!<br></div><div class="battle-history"><small>[Ampharos's Mold Breaker]</small><br><small>Ampharos breaks the mold!</small><br></div><div class="spacer battle-history"><br></div><h2 class="battle-history">Turn 16</h2><div class="spacer battle-history"><br></div><div class="battle-history">The opposing Sceptile used <strong>Dragon Pulse</strong>!<br></div><div class="battle-history"><small>It's super effective!</small><br></div><div class="battle-history"><small>(Ampharos lost <abbr title="−223/383">58.2%</abbr> of its health!)</small><br></div><div class="spacer battle-history"><br></div><div class="battle-history">Ampharos fainted!<br></div><div class="spacer battle-history"><br></div><div class="battle-history"><strong>Almighty Meloetta</strong> won the battle!<br></div><div class="chat chatmessage-adewale"><strong style="color:hsl(252,81%,60.2159000574748%)"><small>☆</small><span class="username" data-name="adewale">adewale</span>:</strong> <em>gg</em></div></div><div class="inner-preempt"></div></div></div>
</div>
<script>
let daily = Math.floor(Date.now()/1000/60/60/24);document.write('<script src="https://play.pokemonshowdown.com/js/replay-embed.js?version'+daily+'"></'+'script>');
</script>
