<!DOCTYPE html>
<meta charset="utf-8" />
<!-- version 1 -->
<title>UU replay: abi999 vs. Chief Lobo</title>
<style>
html,body {font-family:Verdana, sans-serif;font-size:10pt;margin:0;padding:0;}body{padding:12px 0;} .battle-log {font-family:Verdana, sans-serif;font-size:10pt;} .battle-log-inline {border:1px solid #AAAAAA;background:#EEF2F5;color:black;max-width:640px;margin:0 auto 80px;padding-bottom:5px;} .battle-log .inner {padding:4px 8px 0px 8px;} .battle-log .inner-preempt {padding:0 8px 4px 8px;} .battle-log .inner-after {margin-top:0.5em;} .battle-log h2 {margin:0.5em -8px;padding:4px 8px;border:1px solid #AAAAAA;background:#E0E7EA;border-left:0;border-right:0;font-family:Verdana, sans-serif;font-size:13pt;} .battle-log .chat {vertical-align:middle;padding:3px 0 3px 0;font-size:8pt;} .battle-log .chat strong {color:#40576A;} .battle-log .chat em {padding:1px 4px 1px 3px;color:#000000;font-style:normal;} .chat.mine {background:rgba(0,0,0,0.05);margin-left:-8px;margin-right:-8px;padding-left:8px;padding-right:8px;} .spoiler {color:#BBBBBB;background:#BBBBBB;padding:0px 3px;} .spoiler:hover, .spoiler:active, .spoiler-shown {color:#000000;background:#E2E2E2;padding:0px 3px;} .spoiler a {color:#BBBBBB;} .spoiler:hover a, .spoiler:active a, .spoiler-shown a {color:#2288CC;} .chat code, .chat .spoiler:hover code, .chat .spoiler:active code, .chat .spoiler-shown code {border:1px solid #C0C0C0;background:#EEEEEE;color:black;padding:0 2px;} .chat .spoiler code {border:1px solid #CCCCCC;background:#CCCCCC;color:#CCCCCC;} .battle-log .rated {padding:3px 4px;} .battle-log .rated strong {color:white;background:#89A;padding:1px 4px;border-radius:4px;} .spacer {margin-top:0.5em;} .message-announce {background:#6688AA;color:white;padding:1px 4px 2px;} .message-announce a, .broadcast-green a, .broadcast-blue a, .broadcast-red a {color:#DDEEFF;} .broadcast-green {background-color:#559955;color:white;padding:2px 4px;} .broadcast-blue {background-color:#6688AA;color:white;padding:2px 4px;} .infobox {border:1px solid #6688AA;padding:2px 4px;} .infobox-limited {max-height:200px;overflow:auto;overflow-x:hidden;} .broadcast-red {background-color:#AA5544;color:white;padding:2px 4px;} .message-learn-canlearn {font-weight:bold;color:#228822;text-decoration:underline;} .message-learn-cannotlearn {font-weight:bold;color:#CC2222;text-decoration:underline;} .message-effect-weak {font-weight:bold;color:#CC2222;} .message-effect-resist {font-weight:bold;color:#6688AA;} .message-effect-immune {font-weight:bold;color:#666666;} .message-learn-list {margin-top:0;margin-bottom:0;} .message-throttle-notice, .message-error {color:#992222;} .message-overflow, .chat small.message-overflow {font-size:0pt;} .message-overflow::before {font-size:9pt;content:'...';} .subtle {color:#3A4A66;}
</style>
<div class="wrapper replay-wrapper" style="max-width:1180px;margin:0 auto">
<input type="hidden" name="replayid" value="uu-596525808" />
<div class="battle"></div><div class="battle-log"></div><div class="replay-controls"></div><div class="replay-controls-2"></div>
<h1 style="font-weight:normal;text-align:center"><strong>UU</strong><br /><a href="http://pokemonshowdown.com/users/abi999" class="subtle" target="_blank">abi999</a> vs. <a href="http://pokemonshowdown.com/users/chieflobo" class="subtle" target="_blank">Chief Lobo</a></h1>
<script type="text/plain" class="battle-log-data">|j|abi999
|j|Chief Lobo
|player|p1|abi999|262
|teamsize|p1|6
|player|p2|Chief Lobo|154
|teamsize|p2|6
|gametype|singles
|gen|6
|tier|UU
|rated
|seed|63442,41474,30670,59708
|rule|Sleep Clause Mod: Limit one foe put to sleep
|rule|Species Clause: Limit one of each Pokémon
|rule|OHKO Clause: OHKO moves are banned
|rule|Moody Clause: Moody is banned
|rule|Evasion Moves Clause: Evasion moves are banned
|rule|Endless Battle Clause: Forcing endless battles is banned
|rule|HP Percentage Mod: HP is shown in percentages
|clearpoke
|poke|p1|Chesnaught, M|item
|poke|p1|Houndoom, F|item
|poke|p1|Florges-Yellow, F|item
|poke|p1|Gligar, F|item
|poke|p1|Furfrou, F|item
|poke|p1|Vaporeon, M|item
|poke|p2|Lucario, M|item
|poke|p2|Gardevoir, F|item
|poke|p2|Mienshao, F|item
|poke|p2|Absol, M|item
|poke|p2|Haxorus, M|item
|poke|p2|Entei, shiny|item
|rule|Swagger Clause: Swagger is banned
|rule|Baton Pass Clause: Limit one Baton Passer, can't pass Spe and other stats simultaneously
|teampreview
|inactive|Battle timer is ON: inactive players will automatically lose when time's up. (requested by abi999)
|choice|team 6, team 2, team 3, team 4, team 5, team 1|team 4, team 2, team 3, team 1, team 5, team 6
|
|start
|switch|p1a: Vaporeon|Vaporeon, M|402\/402
|switch|p2a: Absol|Absol, M|271\/271
|turn|1
|choice|move scald|move thunderbolt mega
|
|detailschange|p2a: Absol|Absol-Mega, M
|-mega|p2a: Absol|Absol|Absolite
|move|p2a: Absol|Thunderbolt|p1a: Vaporeon
|-supereffective|p1a: Vaporeon
|-damage|p1a: Vaporeon|230\/402
|-status|p1a: Vaporeon|par
|move|p1a: Vaporeon|Scald|p2a: Absol
|-damage|p2a: Absol|78\/271
|-status|p2a: Absol|brn
|
|-heal|p1a: Vaporeon|255\/402 par|[from] item: Leftovers
|-damage|p2a: Absol|45\/271 brn|[from] brn
|upkeep
|turn|2
|choice|switch 4|switch 2
|
|switch|p2a: Gardevoir|Gardevoir, F|340\/340
|-ability|p2a: Gardevoir|Water Absorb|[from] ability: Trace|[of] p1a: Vaporeon
|switch|p1a: Gligar|Gligar, F|271\/271
|
|upkeep
|turn|3
|choice|move stealthrock|switch 2
|
|switch|p2a: Absol|Absol-Mega, M|45\/271 brn
|move|p1a: Gligar|Stealth Rock|p2a: Absol
|move|p2a: Absol|Stealth Rock|p1a: Gligar|[from]Magic Bounce
|-sidestart|p1: abi999|move: Stealth Rock
|
|-damage|p2a: Absol|12\/271 brn|[from] brn
|upkeep
|turn|4
|choice|move knockoff|move icebeam
|
|move|p2a: Absol|Ice Beam|p1a: Gligar
|-supereffective|p1a: Gligar
|-enditem|p1a: Gligar|Focus Sash
|-damage|p1a: Gligar|1\/271
|-status|p1a: Gligar|frz
|cant|p1a: Gligar|frz
|
|-damage|p2a: Absol|0 fnt|[from] brn
|upkeep
|faint|p2a: Absol
|choice||switch 5
|
|switch|p2a: Haxorus|Haxorus, M|293\/293
|-ability|p2a: Haxorus|Mold Breaker
|turn|5
|choice|move stealthrock|move dragondance
|
|move|p2a: Haxorus|Dragon Dance|p2a: Haxorus
|-boost|p2a: Haxorus|atk|1
|-boost|p2a: Haxorus|spe|1
|-curestatus|p1a: Gligar|frz|[msg]
|move|p1a: Gligar|Stealth Rock|p2a: Haxorus
|-sidestart|p2: Chief Lobo|move: Stealth Rock
|
|upkeep
|turn|6
|choice|move toxic|move dragondance
|
|move|p2a: Haxorus|Dragon Dance|p2a: Haxorus
|-boost|p2a: Haxorus|atk|1
|-boost|p2a: Haxorus|spe|1
|move|p1a: Gligar|Toxic|p2a: Haxorus
|-status|p2a: Haxorus|tox
|-enditem|p2a: Haxorus|Lum Berry|[eat]
|-curestatus|p2a: Haxorus|tox|[msg]
|
|upkeep
|turn|7
|choice|move toxic|move dragonclaw
|
|move|p2a: Haxorus|Dragon Claw|p1a: Gligar
|-damage|p1a: Gligar|0 fnt
|faint|p1a: Gligar
|
|upkeep
|choice|switch 6|
|
|switch|p1a: Chesnaught|Chesnaught, M|380\/380
|-damage|p1a: Chesnaught|357\/380|[from] Stealth Rock
|turn|8
|choice|move leechseed|move poisonjab
|
|move|p2a: Haxorus|Poison Jab|p1a: Chesnaught
|-supereffective|p1a: Chesnaught
|-damage|p1a: Chesnaught|55\/380
|-damage|p2a: Haxorus|245\/293|[from] item: Rocky Helmet|[of] p1a: Chesnaught
|move|p1a: Chesnaught|Leech Seed|p2a: Haxorus
|-start|p2a: Haxorus|move: Leech Seed
|
|-damage|p2a: Haxorus|209\/293|[from] Leech Seed|[of] p1a: Chesnaught
|-heal|p1a: Chesnaught|91\/380|[silent]
|upkeep
|turn|9
|choice|move spikyshield|move dragondance
|
|move|p1a: Chesnaught|Spiky Shield|p1a: Chesnaught
|-singleturn|p1a: Chesnaught|move: Protect
|move|p2a: Haxorus|Dragon Dance|p2a: Haxorus
|-boost|p2a: Haxorus|atk|1
|-boost|p2a: Haxorus|spe|1
|
|-damage|p2a: Haxorus|173\/293|[from] Leech Seed|[of] p1a: Chesnaught
|-heal|p1a: Chesnaught|127\/380|[silent]
|upkeep
|turn|10
|choice|switch 5|move poisonjab
|
|switch|p1a: Furfrou|Furfrou, F|304\/304
|-damage|p1a: Furfrou|266\/304|[from] Stealth Rock
|move|p2a: Haxorus|Poison Jab|p1a: Furfrou
|-damage|p1a: Furfrou|0 fnt
|faint|p1a: Furfrou
|
|upkeep
|choice|switch 5|
|
|switch|p1a: Chesnaught|Chesnaught, M|127\/380
|-damage|p1a: Chesnaught|104\/380|[from] Stealth Rock
|turn|11
|choice|move synthesis|move earthquake
|
|move|p2a: Haxorus|Earthquake|p1a: Chesnaught
|-resisted|p1a: Chesnaught
|-crit|p1a: Chesnaught
|-damage|p1a: Chesnaught|0 fnt
|faint|p1a: Chesnaught
|
|upkeep
|choice|switch 4|
|
|switch|p1a: Vaporeon|Vaporeon, M|255\/402 par
|-damage|p1a: Vaporeon|205\/402 par|[from] Stealth Rock
|turn|12
|choice|move scald|move dragonclaw
|
|move|p2a: Haxorus|Dragon Claw|p1a: Vaporeon
|-damage|p1a: Vaporeon|0 fnt
|faint|p1a: Vaporeon
|
|upkeep
|choice|switch 2|
|
|switch|p1a: Houndoom|Houndoom, F|292\/292
|-damage|p1a: Houndoom|219\/292|[from] Stealth Rock
|turn|13
|choice|move darkpulse mega|move earthquake
|
|detailschange|p1a: Houndoom|Houndoom-Mega, F
|-mega|p1a: Houndoom|Houndoom|Houndoominite
|move|p2a: Haxorus|Earthquake|p1a: Houndoom
|-supereffective|p1a: Houndoom
|-damage|p1a: Houndoom|0 fnt
|faint|p1a: Houndoom
|
|upkeep
|c|☆Chief Lobo|gg
|choice|switch 3|
|
|switch|p1a: Florges|Florges-Yellow, F|360\/360
|-damage|p1a: Florges|315\/360|[from] Stealth Rock
|turn|14
|choice|move moonblast|move poisonjab
|
|move|p2a: Haxorus|Poison Jab|p1a: Florges
|-supereffective|p1a: Florges
|-damage|p1a: Florges|0 fnt
|faint|p1a: Florges
|
|win|Chief Lobo
|l|abi999</script>
</div>
<div class="battle-log battle-log-inline"><div class="inner"><div class="battle-options"></div><div class="inner"><div class="chat"><small>abi999 joined.</small></div><div class="chat"><small>Chief Lobo joined.</small></div><div class=""><small>Format:</small> <br><strong>UU</strong></div><div class="rated"><strong>Rated battle</strong></div><div class=""><small><em>Sleep Clause Mod:</em> Limit one foe put to sleep</small></div><div class=""><small><em>Species Clause:</em> Limit one of each Pokémon</small></div><div class=""><small><em>OHKO Clause:</em> OHKO moves are banned</small></div><div class=""><small><em>Moody Clause:</em> Moody is banned</small></div><div class=""><small><em>Evasion Moves Clause:</em> Evasion moves are banned</small></div><div class=""><small><em>Endless Battle Clause:</em> Forcing endless battles is banned</small></div><div class=""><small><em>HP Percentage Mod:</em> HP is shown in percentages</small></div><div class=""><small><em>Swagger Clause:</em> Swagger is banned</small></div><div class=""><small><em>Baton Pass Clause:</em> Limit one Baton Passer, can't pass Spe and other stats simultaneously</small></div><div class="chat battle-history"><strong>abi999's team:</strong> <em style="color:#445566;display:block;">Chesnaught / Houndoom / Florges-Yellow / Gligar / Furfrou / Vaporeon</em></div><div class="chat battle-history"><strong>Chief Lobo's team:</strong> <em style="color:#445566;display:block;">Lucario / Gardevoir / Mienshao / Absol / Haxorus / Entei</em></div><div class="chat message-error">Battle timer is ON: inactive players will automatically lose when time's up. (requested by abi999)</div><div class="spacer battle-history"><br></div><div class="battle-history">Battle started between abi999 and Chief Lobo!<br></div><div class="spacer battle-history"><br></div><div class="battle-history">Go! <strong>Vaporeon</strong>!<br></div><div class="spacer battle-history"><br></div><div class="battle-history">Chief Lobo sent out <strong>Absol</strong>!<br></div><div class="spacer battle-history"><br></div><h2 class="battle-history">Turn 1</h2><div class="spacer battle-history"><br></div><div class="battle-history"><small>The opposing Absol's Absolite is reacting to Chief Lobo's Mega Bracelet!</small><br>The opposing Absol has Mega Evolved into Mega Absol!<br></div><div class="spacer battle-history"><br></div><div class="battle-history">The opposing Absol used <strong>Thunderbolt</strong>!<br></div><div class="battle-history"><small>It's super effective!</small><br></div><div class="battle-history"><small>(Vaporeon lost <abbr title="−172/402">42.8%</abbr> of its health!)</small><br></div><div class="battle-history"><small>Vaporeon is paralyzed! It may be unable to move!</small><br></div><div class="spacer battle-history"><br></div><div class="battle-history">Vaporeon used <strong>Scald</strong>!<br></div><div class="battle-history"><small>(The opposing Absol lost <abbr title="−193/271">71.2%</abbr> of its health!)</small><br></div><div class="battle-history"><small>The opposing Absol was burned!</small><br></div><div class="spacer battle-history"><br></div><div class="battle-history"><small>Vaporeon restored a little HP using its Leftovers!</small><br></div><div class="battle-history"><small>The opposing Absol was hurt by its burn!</small><br></div><div class="spacer battle-history"><br></div><h2 class="battle-history">Turn 2</h2><div class="spacer battle-history"><br></div><div class="battle-history">Chief Lobo withdrew Absol!<br></div><div class="battle-history">Chief Lobo sent out <strong>Gardevoir</strong>!<br></div><div class="battle-history"><small>[The opposing Gardevoir's Trace]</small><br><small>[The opposing Gardevoir's Water Absorb]</small><br><small>The opposing Gardevoir traced Vaporeon's Water Absorb!</small><br></div><div class="spacer battle-history"><br></div><div class="battle-history">Vaporeon, come back!<br></div><div class="battle-history">Go! <strong>Gligar</strong>!<br></div><div class="spacer battle-history"><br></div><h2 class="battle-history">Turn 3</h2><div class="spacer battle-history"><br></div><div class="battle-history">Chief Lobo withdrew Gardevoir!<br></div><div class="battle-history">Chief Lobo sent out Absol (<strong>Absol-Mega</strong>)!<br></div><div class="spacer battle-history"><br></div><div class="battle-history">Gligar used <strong>Stealth Rock</strong>!<br></div><div class="spacer battle-history"><br></div><div class="battle-history"><small>[The opposing Absol's Magic Bounce]</small><br>The opposing Absol bounced the Stealth Rock back!<br></div><div class="battle-history"><small>Pointed stones float in the air around your team!</small><br></div><div class="spacer battle-history"><br></div><div class="battle-history"><small>The opposing Absol was hurt by its burn!</small><br></div><div class="spacer battle-history"><br></div><h2 class="battle-history">Turn 4</h2><div class="spacer battle-history"><br></div><div class="battle-history">The opposing Absol used <strong>Ice Beam</strong>!<br></div><div class="battle-history"><small>It's super effective!</small><br></div><div class="battle-history"><small>Gligar hung on using its Focus Sash!</small><br></div><div class="battle-history"><small>(Gligar lost <abbr title="−270/271">99.6%</abbr> of its health!)</small><br></div><div class="battle-history"><small>Gligar was frozen solid!</small><br></div><div class="spacer battle-history"><br></div><div class="battle-history">Gligar is frozen solid!<br></div><div class="spacer battle-history"><br></div><div class="battle-history"><small>The opposing Absol was hurt by its burn!</small><br></div><div class="spacer battle-history"><br></div><div class="battle-history">The opposing Absol fainted!<br></div><div class="spacer battle-history"><br></div><div class="battle-history">Chief Lobo sent out <strong>Haxorus</strong>!<br></div><div class="battle-history"><small>[The opposing Haxorus's Mold Breaker]</small><br><small>The opposing Haxorus breaks the mold!</small><br></div><div class="spacer battle-history"><br></div><h2 class="battle-history">Turn 5</h2><div class="spacer battle-history"><br></div><div class="battle-history">The opposing Haxorus used <strong>Dragon Dance</strong>!<br></div><div class="battle-history"><small>The opposing Haxorus's Attack rose!</small><br></div><div class="battle-history"><small>The opposing Haxorus's Speed rose!</small><br></div><div class="battle-history"><small>Gligar thawed out!</small><br></div><div class="spacer battle-history"><br></div><div class="battle-history">Gligar used <strong>Stealth Rock</strong>!<br></div><div class="battle-history"><small>Pointed stones float in the air around the opposing team!</small><br></div><div class="spacer battle-history"><br></div><h2 class="battle-history">Turn 6</h2><div class="spacer battle-history"><br></div><div class="battle-history">The opposing Haxorus used <strong>Dragon Dance</strong>!<br></div><div class="battle-history"><small>The opposing Haxorus's Attack rose!</small><br></div><div class="battle-history"><small>The opposing Haxorus's Speed rose!</small><br></div><div class="spacer battle-history"><br></div><div class="battle-history">Gligar used <strong>Toxic</strong>!<br></div><div class="battle-history"><small>The opposing Haxorus was badly poisoned!</small><br></div><div class="battle-history"><small>The opposing Haxorus ate its Lum Berry!</small><br></div><div class="battle-history"><small>The opposing Haxorus was cured of its poisoning.</small><br></div><div class="spacer battle-history"><br></div><h2 class="battle-history">Turn 7</h2><div class="spacer battle-history"><br></div><div class="battle-history">The opposing Haxorus used <strong>Dragon Claw</strong>!<br></div><div class="battle-history"><small>(Gligar lost <abbr title="−1/271">0.4%</abbr> of its health!)</small><br></div><div class="spacer battle-history"><br></div><div class="battle-history">Gligar fainted!<br></div><div class="spacer battle-history"><br></div><div class="battle-history">Go! <strong>Chesnaught</strong>!<br></div><div class="battle-history"><small>Pointed stones dug into Chesnaught!</small><br></div><div class="spacer battle-history"><br></div><h2 class="battle-history">Turn 8</h2><div class="spacer battle-history"><br></div><div class="battle-history">The opposing Haxorus used <strong>Poison Jab</strong>!<br></div><div class="battle-history"><small>It's super effective!</small><br></div><div class="battle-history"><small>(Chesnaught lost <abbr title="−302/380">79.5%</abbr> of its health!)</small><br></div><div class="battle-history"><small>The opposing Haxorus was hurt by the Rocky Helmet!</small><br></div><div class="spacer battle-history"><br></div><div class="battle-history">Chesnaught used <strong>Leech Seed</strong>!<br></div><div class="battle-history"><small>The opposing Haxorus was seeded!</small><br></div><div class="spacer battle-history"><br></div><div class="battle-history"><small>The opposing Haxorus's health is sapped by Leech Seed!</small><br></div><div class="spacer battle-history"><br></div><h2 class="battle-history">Turn 9</h2><div class="spacer battle-history"><br></div><div class="battle-history">Chesnaught used <strong>Spiky Shield</strong>!<br></div><div class="battle-history"><small>Chesnaught protected itself!</small><br></div><div class="spacer battle-history"><br></div><div class="battle-history">The opposing Haxorus used <strong>Dragon Dance</strong>!<br></div><div class="battle-history"><small>The opposing Haxorus's Attack rose!</small><br></div><div class="battle-history"><small>The opposing Haxorus's Speed rose!</small><br></div><div class="spacer battle-history"><br></div><div class="battle-history"><small>The opposing Haxorus's health is sapped by Leech Seed!</small><br></div><div class="spacer battle-history"><br></div><h2 class="battle-history">Turn 10</h2><div class="spacer battle-history"><br></div><div class="battle-history">Chesnaught, come back!<br></div><div class="battle-history">Go! <strong>Furfrou</strong>!<br></div><div class="battle-history"><small>Pointed stones dug into Furfrou!</small><br></div><div class="spacer battle-history"><br></div><div class="battle-history">The opposing Haxorus used <strong>Poison Jab</strong>!<br></div><div class="battle-history"><small>(Furfrou lost <abbr title="−266/304">87.5%</abbr> of its health!)</small><br></div><div class="spacer battle-history"><br></div><div class="battle-history">Furfrou fainted!<br></div><div class="spacer battle-history"><br></div><div class="battle-history">Go! <strong>Chesnaught</strong>!<br></div><div class="battle-history"><small>Pointed stones dug into Chesnaught!</small><br></div><div class="spacer battle-history"><br></div><h2 class="battle-history">Turn 11</h2><div class="spacer battle-history"><br></div><div class="battle-history">The opposing Haxorus used <strong>Earthquake</strong>!<br></div><div class="battle-history"><small>It's not very effective...</small><br></div><div class="battle-history"><small>A critical hit!</small><br></div><div class="battle-history"><small>(Chesnaught lost <abbr title="−104/380">27.4%</abbr> of its health!)</small><br></div><div class="spacer battle-history"><br></div><div class="battle-history">Chesnaught fainted!<br></div><div class="spacer battle-history"><br></div><div class="battle-history">Go! <strong>Vaporeon</strong>!<br></div><div class="battle-history"><small>Pointed stones dug into Vaporeon!</small><br></div><div class="spacer battle-history"><br></div><h2 class="battle-history">Turn 12</h2><div class="spacer battle-history"><br></div><div class="battle-history">The opposing Haxorus used <strong>Dragon Claw</strong>!<br></div><div class="battle-history"><small>(Vaporeon lost <abbr title="−205/402">51.0%</abbr> of its health!)</small><br></div><div class="spacer battle-history"><br></div><div class="battle-history">Vaporeon fainted!<br></div><div class="spacer battle-history"><br></div><div class="battle-history">Go! <strong>Houndoom</strong>!<br></div><div class="battle-history"><small>Pointed stones dug into Houndoom!</small><br></div><div class="spacer battle-history"><br></div><h2 class="battle-history">Turn 13</h2><div class="spacer battle-history"><br></div><div class="battle-history"><small>Houndoom's Houndoominite is reacting to abi999's Mega Bracelet!</small><br>Houndoom has Mega Evolved into Mega Houndoom!<br></div><div class="spacer battle-history"><br></div><div class="battle-history">The opposing Haxorus used <strong>Earthquake</strong>!<br></div><div class="battle-history"><small>It's super effective!</small><br></div><div class="battle-history"><small>(Houndoom lost <abbr title="−219/292">75%</abbr> of its health!)</small><br></div><div class="spacer battle-history"><br></div><div class="battle-history">Houndoom fainted!<br></div><div class="chat chatmessage-chieflobo"><strong style="color:hsl(344,44%,52.10009420502018%)"><small>☆</small><span class="username" data-name="Chief Lobo">Chief Lobo</span>:</strong> <em>gg</em></div><div class="spacer battle-history"><br></div><div class="battle-history">Go! Florges (<strong>Florges-Yellow</strong>)!<br></div><div class="battle-history"><small>Pointed stones dug into Florges!</small><br></div><div class="spacer battle-history"><br></div><h2 class="battle-history">Turn 14</h2><div class="spacer battle-history"><br></div><div class="battle-history">The opposing Haxorus used <strong>Poison Jab</strong>!<br></div><div class="battle-history"><small>It's super effective!</small><br></div><div class="battle-history"><small>(Florges lost <abbr title="−315/360">87.5%</abbr> of its health!)</small><br></div><div class="spacer battle-history"><br></div><div class="battle-history">Florges fainted!<br></div><div class="spacer battle-history"><br></div><div class="battle-history"><strong>Chief Lobo</strong> won the battle!<br></div><div class="chat"><small>abi999 left.</small></div></div><div class="inner-preempt"></div></div></div>
</div>
<script>
let daily = Math.floor(Date.now()/1000/60/60/24);document.write('<script src="https://play.pokemonshowdown.com/js/replay-embed.js?version'+daily+'"></'+'script>');
</script>
