<!DOCTYPE html>
<meta charset="utf-8" />
<!-- version 1 -->
<title>UU replay: udkmeatall ('◡') vs. pokemonisfun</title>
<style>
html,body {font-family:Verdana, sans-serif;font-size:10pt;margin:0;padding:0;}body{padding:12px 0;} .battle-log {font-family:Verdana, sans-serif;font-size:10pt;} .battle-log-inline {border:1px solid #AAAAAA;background:#EEF2F5;color:black;max-width:640px;margin:0 auto 80px;padding-bottom:5px;} .battle-log .inner {padding:4px 8px 0px 8px;} .battle-log .inner-preempt {padding:0 8px 4px 8px;} .battle-log .inner-after {margin-top:0.5em;} .battle-log h2 {margin:0.5em -8px;padding:4px 8px;border:1px solid #AAAAAA;background:#E0E7EA;border-left:0;border-right:0;font-family:Verdana, sans-serif;font-size:13pt;} .battle-log .chat {vertical-align:middle;padding:3px 0 3px 0;font-size:8pt;} .battle-log .chat strong {color:#40576A;} .battle-log .chat em {padding:1px 4px 1px 3px;color:#000000;font-style:normal;} .chat.mine {background:rgba(0,0,0,0.05);margin-left:-8px;margin-right:-8px;padding-left:8px;padding-right:8px;} .spoiler {color:#BBBBBB;background:#BBBBBB;padding:0px 3px;} .spoiler:hover, .spoiler:active, .spoiler-shown {color:#000000;background:#E2E2E2;padding:0px 3px;} .spoiler a {color:#BBBBBB;} .spoiler:hover a, .spoiler:active a, .spoiler-shown a {color:#2288CC;} .chat code, .chat .spoiler:hover code, .chat .spoiler:active code, .chat .spoiler-shown code {border:1px solid #C0C0C0;background:#EEEEEE;color:black;padding:0 2px;} .chat .spoiler code {border:1px solid #CCCCCC;background:#CCCCCC;color:#CCCCCC;} .battle-log .rated {padding:3px 4px;} .battle-log .rated strong {color:white;background:#89A;padding:1px 4px;border-radius:4px;} .spacer {margin-top:0.5em;} .message-announce {background:#6688AA;color:white;padding:1px 4px 2px;} .message-announce a, .broadcast-green a, .broadcast-blue a, .broadcast-red a {color:#DDEEFF;} .broadcast-green {background-color:#559955;color:white;padding:2px 4px;} .broadcast-blue {background-color:#6688AA;color:white;padding:2px 4px;} .infobox {border:1px solid #6688AA;padding:2px 4px;} .infobox-limited {max-height:200px;overflow:auto;overflow-x:hidden;} .broadcast-red {background-color:#AA5544;color:white;padding:2px 4px;} .message-learn-canlearn {font-weight:bold;color:#228822;text-decoration:underline;} .message-learn-cannotlearn {font-weight:bold;color:#CC2222;text-decoration:underline;} .message-effect-weak {font-weight:bold;color:#CC2222;} .message-effect-resist {font-weight:bold;color:#6688AA;} .message-effect-immune {font-weight:bold;color:#666666;} .message-learn-list {margin-top:0;margin-bottom:0;} .message-throttle-notice, .message-error {color:#992222;} .message-overflow, .chat small.message-overflow {font-size:0pt;} .message-overflow::before {font-size:9pt;content:'...';} .subtle {color:#3A4A66;}
</style>
<div class="wrapper replay-wrapper" style="max-width:1180px;margin:0 auto">
<input type="hidden" name="replayid" value="uu-587663501" />
<div class="battle"></div><div class="battle-log"></div><div class="replay-controls"></div><div class="replay-controls-2"></div>
<h1 style="font-weight:normal;text-align:center"><strong>UU</strong><br /><a href="http://pokemonshowdown.com/users/udkmeatall" class="subtle" target="_blank">udkmeatall ('◡')</a> vs. <a href="http://pokemonshowdown.com/users/pokemonisfun" class="subtle" target="_blank">pokemonisfun</a></h1>
<script type="text/plain" class="battle-log-data">|j|udkmeatall ('◡')
|j|pokemonisfun
|player|p1|udkmeatall ('◡')|166
|teamsize|p1|6
|player|p2|pokemonisfun|183
|teamsize|p2|6
|gametype|singles
|gen|6
|tier|UU
|seed|43640,41939,10960,50949
|rule|Sleep Clause Mod: Limit one foe put to sleep
|rule|Species Clause: Limit one of each Pokémon
|rule|OHKO Clause: OHKO moves are banned
|rule|Moody Clause: Moody is banned
|rule|Evasion Moves Clause: Evasion moves are banned
|rule|Endless Battle Clause: Forcing endless battles is banned
|rule|HP Percentage Mod: HP is shown in percentages
|clearpoke
|poke|p1|Mienshao, M|item
|poke|p1|Hydreigon, F|item
|poke|p1|Empoleon, F|item
|poke|p1|Aerodactyl, F|item
|poke|p1|Reuniclus, F|item
|poke|p1|Arcanine, F|item
|poke|p2|Swampert, M|item
|poke|p2|Forretress, M|item
|poke|p2|Arcanine, M|item
|poke|p2|Tangela, M|item
|poke|p2|Blissey, F|item
|poke|p2|Tentacruel, F|item
|rule|Swagger Clause: Swagger is banned
|rule|Baton Pass Clause: Limit one Baton Passer, can't pass Spe and other stats simultaneously
|teampreview
|j|lixx
|j|Rabia is Trash
|c| lixx|go my son pif
|j|Satanjr
|c|☆pokemonisfun|ty daddy
|c| Satanjr|Use lugia
|c|☆pokemonisfun|glhf
|choice|team 2, team 1, team 3, team 4, team 5, team 6|team 4, team 2, team 3, team 1, team 5, team 6
|
|start
|switch|p1a: Hydreigon|Hydreigon, F|325\/325
|switch|p2a: miniloaf|Tangela, M|334\/334
|turn|1
|choice|move uturn|switch 5
|
|switch|p2a: fancy chansey|Blissey, F|714\/714
|move|p1a: Hydreigon|U-turn|p2a: fancy chansey
|-damage|p2a: fancy chansey|627\/714
|choice|switch 2|
|
|switch|p1a: Mienshao|Mienshao, M|285\/285
|
|-heal|p2a: fancy chansey|671\/714|[from] item: Leftovers
|upkeep
|turn|2
|choice|move knockoff|switch 3
|
|switch|p2a: woofy woof|Arcanine, M|383\/383
|-ability|p2a: woofy woof|Intimidate|boost
|-unboost|p1a: Mienshao|atk|1
|move|p1a: Mienshao|Knock Off|p2a: woofy woof
|-damage|p2a: woofy woof|321\/383
|-enditem|p2a: woofy woof|Leftovers|[from] move: Knock Off|[of] p1a: Mienshao
|
|upkeep
|turn|3
|choice|switch 6|move willowisp
|
|switch|p1a: Arcanine|Arcanine, F|383\/383
|-ability|p1a: Arcanine|Intimidate|boost
|-unboost|p2a: woofy woof|atk|1
|move|p2a: woofy woof|Will-O-Wisp|p1a: Arcanine
|-immune|p1a: Arcanine|[msg]
|
|upkeep
|turn|4
|c| Satanjr|...
|c| Satanjr|lol
|choice|move extremespeed|move morningsun
|
|move|p1a: Arcanine|Extreme Speed|p2a: woofy woof
|-crit|p2a: woofy woof
|-damage|p2a: woofy woof|239\/383
|move|p2a: woofy woof|Morning Sun|p2a: woofy woof
|-heal|p2a: woofy woof|383\/383
|
|upkeep
|turn|5
|choice|move willowisp|switch 6
|
|switch|p2a: squidy widdy|Tentacruel, F|364\/364
|move|p1a: Arcanine|Will-O-Wisp|p2a: squidy widdy
|-status|p2a: squidy widdy|brn
|
|-damage|p2a: squidy widdy|319\/364 brn|[from] brn
|upkeep
|turn|6
|j|No1phaggot
|c| Satanjr|Metal use wow
|c| Satanjr|nice
|j|Qwilphish
|j|Nathan401
|c| Satanjr|that switch was so predictable
|c| Rabia is Trash|kindly shut the fuck up
|c| Rabia is Trash|thank u
|c| Satanjr|Go to empoleon
|c| Satanjr|tenta sucks
|c| Satanjr|umad n00b
|c| Rabia is Trash|yes
|c| Satanjr|ok
|choice|switch 5|move toxicspikes
|
|switch|p1a: Reuniclus|Reuniclus, F|424\/424
|move|p2a: squidy widdy|Toxic Spikes|p1a: Reuniclus
|-sidestart|p1: udkmeatall ('◡')|move: Toxic Spikes
|
|-heal|p2a: squidy widdy|341\/364 brn|[from] item: Black Sludge
|-damage|p2a: squidy widdy|296\/364 brn|[from] brn
|upkeep
|turn|7
|c| Satanjr|sit down then
|choice|move calmmind|switch 4
|
|switch|p2a: muddy buddy|Swampert, M|403\/403
|move|p1a: Reuniclus|Calm Mind|p1a: Reuniclus
|-boost|p1a: Reuniclus|spa|1
|-boost|p1a: Reuniclus|spd|1
|
|upkeep
|turn|8
|c| Satanjr|dude no
|c| Satanjr|u could have defogs
|choice|move psyshock|move curse mega
|
|detailschange|p2a: muddy buddy|Swampert-Mega, M
|-mega|p2a: muddy buddy|Swampert|Swampertite
|move|p2a: muddy buddy|Curse|p2a: muddy buddy
|-unboost|p2a: muddy buddy|spe|1
|-boost|p2a: muddy buddy|atk|1
|-boost|p2a: muddy buddy|def|1
|move|p1a: Reuniclus|Psyshock|p2a: muddy buddy
|-damage|p2a: muddy buddy|301\/403
|
|upkeep
|turn|9
|c| Satanjr|o
|c| Satanjr|wow nvm
|choice|move calmmind|move earthquake
|
|move|p2a: muddy buddy|Earthquake|p1a: Reuniclus
|-damage|p1a: Reuniclus|205\/424
|move|p1a: Reuniclus|Calm Mind|p1a: Reuniclus
|-boost|p1a: Reuniclus|spa|1
|-boost|p1a: Reuniclus|spd|1
|
|-heal|p1a: Reuniclus|231\/424|[from] item: Leftovers
|upkeep
|turn|10
|c| Satanjr|powpow
|choice|move focusblast|move earthquake
|
|move|p2a: muddy buddy|Earthquake|p1a: Reuniclus
|-damage|p1a: Reuniclus|15\/424
|move|p1a: Reuniclus|Focus Blast|p2a: muddy buddy|[miss]
|-miss|p1a: Reuniclus|p2a: muddy buddy
|
|-heal|p1a: Reuniclus|41\/424|[from] item: Leftovers
|upkeep
|turn|11
|j|blue plate
|c| Satanjr|Use energyball wtf
|c| Satanjr|omg
|c| Satanjr|this dude is baad
|c| Satanjr|I should have signed up
|c| blue plate|shut up
|c| Satanjr|u stfu
|raw|<div class="broadcast-red"><strong>Moderated chat was set to +!<\/strong><br \/>Only users of rank + and higher can talk.<\/div>
|choice|switch 2|move scald
|
|switch|p1a: Hydreigon|Hydreigon, F|325\/325
|move|p2a: muddy buddy|Scald|p1a: Hydreigon
|-resisted|p1a: Hydreigon
|-damage|p1a: Hydreigon|279\/325
|
|upkeep
|turn|12
|choice|move dracometeor|switch 3
|
|switch|p2a: fancy chansey|Blissey, F|671\/714
|move|p1a: Hydreigon|Draco Meteor|p2a: fancy chansey
|-damage|p2a: fancy chansey|415\/714
|-unboost|p1a: Hydreigon|spa|2
|
|-heal|p2a: fancy chansey|459\/714|[from] item: Leftovers
|upkeep
|turn|13
|choice|switch 3|move seismictoss
|
|switch|p1a: Empoleon|Empoleon, F|371\/371
|move|p2a: fancy chansey|Seismic Toss|p1a: Empoleon
|-damage|p1a: Empoleon|271\/371
|
|-heal|p1a: Empoleon|294\/371|[from] item: Leftovers
|-heal|p2a: fancy chansey|503\/714|[from] item: Leftovers
|upkeep
|turn|14
|j|Ricememe
|choice|move defog|move seismictoss
|
|move|p1a: Empoleon|Defog|p2a: fancy chansey
|-unboost|p2a: fancy chansey|evasion|1
|-sideend|p1: udkmeatall ('◡')|Toxic Spikes|[from] move: Defog|[of] p1a: Empoleon
|move|p2a: fancy chansey|Seismic Toss|p1a: Empoleon
|-damage|p1a: Empoleon|194\/371
|
|-heal|p1a: Empoleon|217\/371|[from] item: Leftovers
|-heal|p2a: fancy chansey|547\/714|[from] item: Leftovers
|upkeep
|turn|15
|choice|move stealthrock|move healbell
|
|move|p1a: Empoleon|Stealth Rock|p2a: fancy chansey
|-sidestart|p2: pokemonisfun|move: Stealth Rock
|move|p2a: fancy chansey|Heal Bell|p2a: fancy chansey
|-activate|p2a: fancy chansey|move: Heal Bell
|-curestatus|p2: squidy widdy|brn|[msg]
|
|-heal|p1a: Empoleon|240\/371|[from] item: Leftovers
|-heal|p2a: fancy chansey|591\/714|[from] item: Leftovers
|upkeep
|turn|16
|l|Ricememe
|choice|switch 5|move wish
|
|switch|p1a: Arcanine|Arcanine, F|383\/383
|-ability|p1a: Arcanine|Intimidate|boost
|-unboost|p2a: fancy chansey|atk|1
|move|p2a: fancy chansey|Wish|p2a: fancy chansey
|
|-heal|p2a: fancy chansey|635\/714|[from] item: Leftovers
|upkeep
|turn|17
|choice|move willowisp|switch 4
|
|switch|p2a: squidy widdy|Tentacruel, F|296\/364
|-damage|p2a: squidy widdy|251\/364|[from] Stealth Rock
|move|p1a: Arcanine|Will-O-Wisp|p2a: squidy widdy
|-status|p2a: squidy widdy|brn
|
|-heal|p2a: squidy widdy|364\/364 brn|[from] move: Wish|[wisher] fancy chansey
|-damage|p2a: squidy widdy|319\/364 brn|[from] brn
|upkeep
|turn|18
|choice|switch 5|move toxicspikes
|
|switch|p1a: Empoleon|Empoleon, F|240\/371
|move|p2a: squidy widdy|Toxic Spikes|p1a: Empoleon
|-sidestart|p1: udkmeatall ('◡')|move: Toxic Spikes
|
|-heal|p2a: squidy widdy|341\/364 brn|[from] item: Black Sludge
|-heal|p1a: Empoleon|263\/371|[from] item: Leftovers
|-damage|p2a: squidy widdy|296\/364 brn|[from] brn
|upkeep
|turn|19
|l|Shit User
|choice|move scald|move scald
|
|move|p2a: squidy widdy|Scald|p1a: Empoleon
|-resisted|p1a: Empoleon
|-damage|p1a: Empoleon|227\/371
|-status|p1a: Empoleon|brn
|move|p1a: Empoleon|Scald|p2a: squidy widdy
|-resisted|p2a: squidy widdy
|-damage|p2a: squidy widdy|251\/364 brn
|
|-heal|p2a: squidy widdy|273\/364 brn|[from] item: Black Sludge
|-heal|p1a: Empoleon|250\/371 brn|[from] item: Leftovers
|-damage|p2a: squidy widdy|228\/364 brn|[from] brn
|-damage|p1a: Empoleon|204\/371 brn|[from] brn
|upkeep
|turn|20
|choice|move scald|switch 2
|
|switch|p2a: stuggy buggy|Forretress, M|354\/354
|-damage|p2a: stuggy buggy|310\/354|[from] Stealth Rock
|move|p1a: Empoleon|Scald|p2a: stuggy buggy
|-damage|p2a: stuggy buggy|217\/354
|-status|p2a: stuggy buggy|brn
|
|-heal|p1a: Empoleon|227\/371 brn|[from] item: Leftovers
|-heal|p2a: stuggy buggy|239\/354 brn|[from] item: Leftovers
|-damage|p1a: Empoleon|181\/371 brn|[from] brn
|-damage|p2a: stuggy buggy|195\/354 brn|[from] brn
|upkeep
|turn|21
|choice|move defog|switch 4
|
|switch|p2a: fancy chansey|Blissey, F|635\/714
|-damage|p2a: fancy chansey|546\/714|[from] Stealth Rock
|move|p1a: Empoleon|Defog|p2a: fancy chansey
|-unboost|p2a: fancy chansey|evasion|1
|-sideend|p2: pokemonisfun|Stealth Rock|[from] move: Defog|[of] p2a: fancy chansey
|-sideend|p1: udkmeatall ('◡')|Toxic Spikes|[from] move: Defog|[of] p1a: Empoleon
|
|-heal|p1a: Empoleon|204\/371 brn|[from] item: Leftovers
|-heal|p2a: fancy chansey|590\/714|[from] item: Leftovers
|-damage|p1a: Empoleon|158\/371 brn|[from] brn
|upkeep
|turn|22
|choice|switch 2|move healbell
|
|switch|p1a: Reuniclus|Reuniclus, F|41\/424
|move|p2a: fancy chansey|Heal Bell|p2a: fancy chansey
|-activate|p2a: fancy chansey|move: Heal Bell
|-curestatus|p2: squidy widdy|brn|[msg]
|-curestatus|p2: stuggy buggy|brn|[msg]
|
|-heal|p2a: fancy chansey|634\/714|[from] item: Leftovers
|-heal|p1a: Reuniclus|67\/424|[from] item: Leftovers
|upkeep
|turn|23
|choice|switch 6|move wish
|
|switch|p1a: Mienshao|Mienshao, M|285\/285
|move|p2a: fancy chansey|Wish|p2a: fancy chansey
|
|-heal|p2a: fancy chansey|678\/714|[from] item: Leftovers
|upkeep
|turn|24
|choice|move uturn|switch 2
|
|switch|p2a: squidy widdy|Tentacruel, F|228\/364
|move|p1a: Mienshao|U-turn|p2a: squidy widdy
|-resisted|p2a: squidy widdy
|-damage|p2a: squidy widdy|192\/364
|choice|switch 6|
|
|switch|p1a: Reuniclus|Reuniclus, F|67\/424
|
|-heal|p2a: squidy widdy|364\/364|[from] move: Wish|[wisher] fancy chansey
|-heal|p1a: Reuniclus|93\/424|[from] item: Leftovers
|upkeep
|turn|25
|choice|switch 2|move scald
|
|switch|p1a: Empoleon|Empoleon, F|158\/371 brn
|move|p2a: squidy widdy|Scald|p1a: Empoleon
|-resisted|p1a: Empoleon
|-damage|p1a: Empoleon|124\/371 brn
|
|-heal|p1a: Empoleon|147\/371 brn|[from] item: Leftovers
|-damage|p1a: Empoleon|101\/371 brn|[from] brn
|upkeep
|turn|26
|choice|switch 2|move toxicspikes
|
|switch|p1a: Reuniclus|Reuniclus, F|93\/424
|move|p2a: squidy widdy|Toxic Spikes|p1a: Reuniclus
|-sidestart|p1: udkmeatall ('◡')|move: Toxic Spikes
|
|-heal|p1a: Reuniclus|119\/424|[from] item: Leftovers
|upkeep
|turn|27
|j|Feliburn
|choice|move recover|switch 3
|
|switch|p2a: muddy buddy|Swampert-Mega, M|301\/403
|move|p1a: Reuniclus|Recover|p1a: Reuniclus
|-heal|p1a: Reuniclus|331\/424
|
|-heal|p1a: Reuniclus|357\/424|[from] item: Leftovers
|upkeep
|turn|28
|choice|switch 3|move curse
|
|switch|p1a: Hydreigon|Hydreigon, F|279\/325
|move|p2a: muddy buddy|Curse|p2a: muddy buddy
|-unboost|p2a: muddy buddy|spe|1
|-boost|p2a: muddy buddy|atk|1
|-boost|p2a: muddy buddy|def|1
|
|upkeep
|turn|29
|choice|move uturn|switch 2
|
|switch|p2a: fancy chansey|Blissey, F|678\/714
|move|p1a: Hydreigon|U-turn|p2a: fancy chansey
|-damage|p2a: fancy chansey|582\/714
|j|Mengy
|choice|switch 3|
|
|switch|p1a: Reuniclus|Reuniclus, F|357\/424
|-status|p1a: Reuniclus|psn
|
|-heal|p2a: fancy chansey|626\/714|[from] item: Leftovers
|-heal|p1a: Reuniclus|383\/424 psn|[from] item: Leftovers
|upkeep
|turn|30
|j|cry to music
|choice|move calmmind|switch 2
|
|switch|p2a: muddy buddy|Swampert-Mega, M|301\/403
|move|p1a: Reuniclus|Calm Mind|p1a: Reuniclus
|-boost|p1a: Reuniclus|spa|1
|-boost|p1a: Reuniclus|spd|1
|
|-heal|p1a: Reuniclus|409\/424 psn|[from] item: Leftovers
|upkeep
|turn|31
|j|Like a Wind
|choice|move focusblast|move curse
|
|move|p2a: muddy buddy|Curse|p2a: muddy buddy
|-unboost|p2a: muddy buddy|spe|1
|-boost|p2a: muddy buddy|atk|1
|-boost|p2a: muddy buddy|def|1
|move|p1a: Reuniclus|Focus Blast|p2a: muddy buddy
|-damage|p2a: muddy buddy|188\/403
|
|-heal|p1a: Reuniclus|424\/424 psn|[from] item: Leftovers
|upkeep
|turn|32
|choice|move focusblast|move rest
|
|move|p2a: muddy buddy|Rest|p2a: muddy buddy
|-status|p2a: muddy buddy|slp
|-heal|p2a: muddy buddy|403\/403 slp|[silent]
|-status|p2a: muddy buddy|slp|[from] move: Rest
|move|p1a: Reuniclus|Focus Blast|p2a: muddy buddy|[miss]
|-miss|p1a: Reuniclus|p2a: muddy buddy
|
|upkeep
|turn|33
|choice|move calmmind|move earthquake
|
|cant|p2a: muddy buddy|slp
|move|p1a: Reuniclus|Calm Mind|p1a: Reuniclus
|-boost|p1a: Reuniclus|spa|1
|-boost|p1a: Reuniclus|spd|1
|
|upkeep
|turn|34
|l|Like a Wind
|choice|move focusblast|move earthquake
|
|cant|p2a: muddy buddy|slp
|move|p1a: Reuniclus|Focus Blast|p2a: muddy buddy
|-crit|p2a: muddy buddy
|-damage|p2a: muddy buddy|183\/403 slp
|
|upkeep
|turn|35
|choice|move focusblast|move earthquake
|
|-curestatus|p2a: muddy buddy|slp|[msg]
|move|p2a: muddy buddy|Earthquake|p1a: Reuniclus
|-damage|p1a: Reuniclus|213\/424 psn
|move|p1a: Reuniclus|Focus Blast|p2a: muddy buddy|[miss]
|-miss|p1a: Reuniclus|p2a: muddy buddy
|
|-heal|p1a: Reuniclus|239\/424 psn|[from] item: Leftovers
|upkeep
|turn|36
|choice|move recover|move earthquake
|
|move|p2a: muddy buddy|Earthquake|p1a: Reuniclus
|-damage|p1a: Reuniclus|37\/424 psn
|move|p1a: Reuniclus|Recover|p1a: Reuniclus
|-heal|p1a: Reuniclus|249\/424 psn
|
|-heal|p1a: Reuniclus|275\/424 psn|[from] item: Leftovers
|upkeep
|turn|37
|choice|move recover|move earthquake
|
|move|p2a: muddy buddy|Earthquake|p1a: Reuniclus
|-damage|p1a: Reuniclus|64\/424 psn
|move|p1a: Reuniclus|Recover|p1a: Reuniclus
|-heal|p1a: Reuniclus|276\/424 psn
|
|-heal|p1a: Reuniclus|302\/424 psn|[from] item: Leftovers
|upkeep
|turn|38
|choice|move recover|move earthquake
|
|move|p2a: muddy buddy|Earthquake|p1a: Reuniclus
|-damage|p1a: Reuniclus|100\/424 psn
|move|p1a: Reuniclus|Recover|p1a: Reuniclus
|-heal|p1a: Reuniclus|312\/424 psn
|
|-heal|p1a: Reuniclus|338\/424 psn|[from] item: Leftovers
|upkeep
|turn|39
|j|SonSatan666
|choice|move psyshock|move earthquake
|
|move|p2a: muddy buddy|Earthquake|p1a: Reuniclus
|-damage|p1a: Reuniclus|122\/424 psn
|move|p1a: Reuniclus|Psyshock|p2a: muddy buddy
|-damage|p2a: muddy buddy|30\/403
|
|-heal|p1a: Reuniclus|148\/424 psn|[from] item: Leftovers
|upkeep
|turn|40
|choice|move recover|move rest
|
|move|p2a: muddy buddy|Rest|p2a: muddy buddy
|-status|p2a: muddy buddy|slp
|-heal|p2a: muddy buddy|403\/403 slp|[silent]
|-status|p2a: muddy buddy|slp|[from] move: Rest
|move|p1a: Reuniclus|Recover|p1a: Reuniclus
|-heal|p1a: Reuniclus|360\/424 psn
|
|-heal|p1a: Reuniclus|386\/424 psn|[from] item: Leftovers
|upkeep
|turn|41
|choice|move calmmind|move earthquake
|
|cant|p2a: muddy buddy|slp
|move|p1a: Reuniclus|Calm Mind|p1a: Reuniclus
|-boost|p1a: Reuniclus|spa|1
|-boost|p1a: Reuniclus|spd|1
|
|-heal|p1a: Reuniclus|412\/424 psn|[from] item: Leftovers
|upkeep
|turn|42
|choice|move psyshock|move earthquake
|
|cant|p2a: muddy buddy|slp
|move|p1a: Reuniclus|Psyshock|p2a: muddy buddy
|-damage|p2a: muddy buddy|243\/403 slp
|
|-heal|p1a: Reuniclus|424\/424 psn|[from] item: Leftovers
|upkeep
|turn|43
|j|Roginald
|choice|move psyshock|switch 4
|
|switch|p2a: stuggy buggy|Forretress, M|195\/354
|move|p1a: Reuniclus|Psyshock|p2a: stuggy buggy
|-resisted|p2a: stuggy buggy
|-damage|p2a: stuggy buggy|95\/354
|
|-heal|p2a: stuggy buggy|117\/354|[from] item: Leftovers
|upkeep
|turn|44
|choice|move focusblast|move stealthrock
|
|move|p1a: Reuniclus|Focus Blast|p2a: stuggy buggy
|-damage|p2a: stuggy buggy|0 fnt
|faint|p2a: stuggy buggy
|
|upkeep
|choice||switch 3
|
|switch|p2a: squidy widdy|Tentacruel, F|364\/364
|turn|45
|choice|move psyshock|move haze
|
|move|p2a: squidy widdy|Haze|p2a: squidy widdy
|-clearallboost
|move|p1a: Reuniclus|Psyshock|p2a: squidy widdy
|-supereffective|p2a: squidy widdy
|-damage|p2a: squidy widdy|148\/364
|
|-heal|p2a: squidy widdy|170\/364|[from] item: Black Sludge
|upkeep
|turn|46
|choice|move calmmind|switch 4
|
|switch|p2a: muddy buddy|Swampert-Mega, M|243\/403 slp
|move|p1a: Reuniclus|Calm Mind|p1a: Reuniclus
|-boost|p1a: Reuniclus|spa|1
|-boost|p1a: Reuniclus|spd|1
|
|upkeep
|turn|47
|choice|move psyshock|move curse
|
|-curestatus|p2a: muddy buddy|slp|[msg]
|move|p2a: muddy buddy|Curse|p2a: muddy buddy
|-unboost|p2a: muddy buddy|spe|1
|-boost|p2a: muddy buddy|atk|1
|-boost|p2a: muddy buddy|def|1
|move|p1a: Reuniclus|Psyshock|p2a: muddy buddy
|-damage|p2a: muddy buddy|132\/403
|
|upkeep
|turn|48
|choice|move focusblast|move earthquake
|
|move|p2a: muddy buddy|Earthquake|p1a: Reuniclus
|-damage|p1a: Reuniclus|189\/424 psn
|move|p1a: Reuniclus|Focus Blast|p2a: muddy buddy|[miss]
|-miss|p1a: Reuniclus|p2a: muddy buddy
|
|-heal|p1a: Reuniclus|215\/424 psn|[from] item: Leftovers
|upkeep
|turn|49
|choice|switch 3|move earthquake
|
|switch|p1a: Hydreigon|Hydreigon, F|279\/325
|move|p2a: muddy buddy|Earthquake|p1a: Hydreigon
|-immune|p1a: Hydreigon|[msg]|[from] ability: Levitate
|
|upkeep
|turn|50
|choice|move uturn|switch 2
|
|switch|p2a: fancy chansey|Blissey, F|626\/714
|move|p1a: Hydreigon|U-turn|p2a: fancy chansey
|-damage|p2a: fancy chansey|529\/714
|choice|switch 6|
|
|switch|p1a: Mienshao|Mienshao, M|285\/285
|-status|p1a: Mienshao|psn
|
|-heal|p2a: fancy chansey|573\/714|[from] item: Leftovers
|-damage|p1a: Mienshao|250\/285 psn|[from] psn
|upkeep
|turn|51
|l|Feliburn
|choice|move uturn|switch 5
|
|switch|p2a: miniloaf|Tangela, M|334\/334
|move|p1a: Mienshao|U-turn|p2a: miniloaf
|-supereffective|p2a: miniloaf
|-damage|p2a: miniloaf|260\/334
|choice|switch 6|
|
|switch|p1a: Hydreigon|Hydreigon, F|279\/325
|
|upkeep
|turn|52
|choice|move darkpulse|switch 5
|
|switch|p2a: fancy chansey|Blissey, F|573\/714
|move|p1a: Hydreigon|Dark Pulse|p2a: fancy chansey
|-damage|p2a: fancy chansey|414\/714
|
|-heal|p2a: fancy chansey|458\/714|[from] item: Leftovers
|upkeep
|turn|53
|choice|switch 3|move wish
|
|switch|p1a: Reuniclus|Reuniclus, F|215\/424 psn
|move|p2a: fancy chansey|Wish|p2a: fancy chansey
|
|-heal|p2a: fancy chansey|502\/714|[from] item: Leftovers
|-heal|p1a: Reuniclus|241\/424 psn|[from] item: Leftovers
|upkeep
|turn|54
|choice|move psyshock|switch 2
|
|switch|p2a: muddy buddy|Swampert-Mega, M|132\/403
|move|p1a: Reuniclus|Psyshock|p2a: muddy buddy
|-damage|p2a: muddy buddy|23\/403
|
|-heal|p2a: muddy buddy|380\/403|[from] move: Wish|[wisher] fancy chansey
|-heal|p1a: Reuniclus|267\/424 psn|[from] item: Leftovers
|upkeep
|turn|55
|choice|move psyshock|move curse
|
|move|p2a: muddy buddy|Curse|p2a: muddy buddy
|-unboost|p2a: muddy buddy|spe|1
|-boost|p2a: muddy buddy|atk|1
|-boost|p2a: muddy buddy|def|1
|move|p1a: Reuniclus|Psyshock|p2a: muddy buddy
|-damage|p2a: muddy buddy|302\/403
|
|-heal|p1a: Reuniclus|293\/424 psn|[from] item: Leftovers
|upkeep
|turn|56
|choice|switch 3|move scald
|
|switch|p1a: Hydreigon|Hydreigon, F|279\/325
|move|p2a: muddy buddy|Scald|p1a: Hydreigon
|-resisted|p1a: Hydreigon
|-damage|p1a: Hydreigon|230\/325
|-status|p1a: Hydreigon|brn
|
|-damage|p1a: Hydreigon|190\/325 brn|[from] brn
|upkeep
|turn|57
|choice|move uturn|switch 2
|
|switch|p2a: fancy chansey|Blissey, F|502\/714
|move|p1a: Hydreigon|U-turn|p2a: fancy chansey
|-damage|p2a: fancy chansey|458\/714
|choice|switch 6|
|
|switch|p1a: Mienshao|Mienshao, M|285\/285 psn
|
|-heal|p2a: fancy chansey|502\/714|[from] item: Leftovers
|-damage|p1a: Mienshao|250\/285 psn|[from] psn
|upkeep
|turn|58
|choice|move highjumpkick|switch 6
|
|switch|p2a: woofy woof|Arcanine, M|383\/383
|-ability|p2a: woofy woof|Intimidate|boost
|-unboost|p1a: Mienshao|atk|1
|move|p1a: Mienshao|High Jump Kick|p2a: woofy woof
|-damage|p2a: woofy woof|259\/383
|
|-damage|p1a: Mienshao|215\/285 psn|[from] psn
|upkeep
|turn|59
|choice|switch 3|move flareblitz
|
|switch|p1a: Reuniclus|Reuniclus, F|293\/424 psn
|move|p2a: woofy woof|Flare Blitz|p1a: Reuniclus
|-damage|p1a: Reuniclus|154\/424 psn
|-damage|p2a: woofy woof|213\/383|[from] Recoil|[of] p1a: Reuniclus
|
|-heal|p1a: Reuniclus|180\/424 psn|[from] item: Leftovers
|upkeep
|turn|60
|choice|move recover|move morningsun
|
|move|p2a: woofy woof|Morning Sun|p2a: woofy woof
|-heal|p2a: woofy woof|383\/383
|move|p1a: Reuniclus|Recover|p1a: Reuniclus
|-heal|p1a: Reuniclus|392\/424 psn
|
|-heal|p1a: Reuniclus|418\/424 psn|[from] item: Leftovers
|upkeep
|turn|61
|j|Like a Wind
|choice|move calmmind|switch 2
|
|switch|p2a: muddy buddy|Swampert-Mega, M|302\/403
|move|p1a: Reuniclus|Calm Mind|p1a: Reuniclus
|-boost|p1a: Reuniclus|spa|1
|-boost|p1a: Reuniclus|spd|1
|
|-heal|p1a: Reuniclus|424\/424 psn|[from] item: Leftovers
|upkeep
|turn|62
|choice|move psyshock|move curse
|
|move|p2a: muddy buddy|Curse|p2a: muddy buddy
|-unboost|p2a: muddy buddy|spe|1
|-boost|p2a: muddy buddy|atk|1
|-boost|p2a: muddy buddy|def|1
|move|p1a: Reuniclus|Psyshock|p2a: muddy buddy
|-damage|p2a: muddy buddy|200\/403
|
|upkeep
|turn|63
|choice|switch 6|move earthquake
|
|switch|p1a: Hydreigon|Hydreigon, F|190\/325 brn
|move|p2a: muddy buddy|Earthquake|p1a: Hydreigon
|-immune|p1a: Hydreigon|[msg]|[from] ability: Levitate
|
|-damage|p1a: Hydreigon|150\/325 brn|[from] brn
|upkeep
|turn|64
|choice|move uturn|switch 6
|
|switch|p2a: fancy chansey|Blissey, F|502\/714
|move|p1a: Hydreigon|U-turn|p2a: fancy chansey
|-damage|p2a: fancy chansey|453\/714
|choice|switch 6|
|
|switch|p1a: Reuniclus|Reuniclus, F|424\/424 psn
|
|-heal|p2a: fancy chansey|497\/714|[from] item: Leftovers
|upkeep
|turn|65
|choice|move calmmind|move wish
|
|move|p2a: fancy chansey|Wish|p2a: fancy chansey
|move|p1a: Reuniclus|Calm Mind|p1a: Reuniclus
|-boost|p1a: Reuniclus|spa|1
|-boost|p1a: Reuniclus|spd|1
|
|-heal|p2a: fancy chansey|541\/714|[from] item: Leftovers
|upkeep
|turn|66
|choice|move psyshock|switch 6
|
|switch|p2a: muddy buddy|Swampert-Mega, M|200\/403
|move|p1a: Reuniclus|Psyshock|p2a: muddy buddy
|-damage|p2a: muddy buddy|46\/403
|
|-heal|p2a: muddy buddy|403\/403|[from] move: Wish|[wisher] fancy chansey
|upkeep
|turn|67
|choice|move psyshock|move curse
|
|move|p2a: muddy buddy|Curse|p2a: muddy buddy
|-unboost|p2a: muddy buddy|spe|1
|-boost|p2a: muddy buddy|atk|1
|-boost|p2a: muddy buddy|def|1
|move|p1a: Reuniclus|Psyshock|p2a: muddy buddy
|-damage|p2a: muddy buddy|298\/403
|
|upkeep
|turn|68
|choice|move psyshock|move scald
|
|move|p2a: muddy buddy|Scald|p1a: Reuniclus
|-damage|p1a: Reuniclus|354\/424 psn
|move|p1a: Reuniclus|Psyshock|p2a: muddy buddy
|-damage|p2a: muddy buddy|201\/403
|
|-heal|p1a: Reuniclus|380\/424 psn|[from] item: Leftovers
|upkeep
|turn|69
|choice|switch 6|move earthquake
|
|switch|p1a: Hydreigon|Hydreigon, F|150\/325 brn
|move|p2a: muddy buddy|Earthquake|p1a: Hydreigon
|-immune|p1a: Hydreigon|[msg]|[from] ability: Levitate
|
|-damage|p1a: Hydreigon|110\/325 brn|[from] brn
|upkeep
|turn|70
|choice|move darkpulse|switch 6
|
|switch|p2a: fancy chansey|Blissey, F|541\/714
|move|p1a: Hydreigon|Dark Pulse|p2a: fancy chansey
|-damage|p2a: fancy chansey|370\/714
|
|-heal|p2a: fancy chansey|414\/714|[from] item: Leftovers
|-damage|p1a: Hydreigon|70\/325 brn|[from] brn
|upkeep
|turn|71
|choice|switch 6|move wish
|
|switch|p1a: Reuniclus|Reuniclus, F|380\/424 psn
|move|p2a: fancy chansey|Wish|p2a: fancy chansey
|
|-heal|p2a: fancy chansey|458\/714|[from] item: Leftovers
|-heal|p1a: Reuniclus|406\/424 psn|[from] item: Leftovers
|upkeep
|turn|72
|choice|switch 6|switch 6
|
|switch|p2a: muddy buddy|Swampert-Mega, M|201\/403
|switch|p1a: Hydreigon|Hydreigon, F|70\/325 brn
|
|-heal|p2a: muddy buddy|403\/403|[from] move: Wish|[wisher] fancy chansey
|-damage|p1a: Hydreigon|30\/325 brn|[from] brn
|upkeep
|turn|73
|choice|move uturn|switch 6
|
|switch|p2a: fancy chansey|Blissey, F|458\/714
|move|p1a: Hydreigon|U-turn|p2a: fancy chansey
|-damage|p2a: fancy chansey|411\/714
|choice|switch 3|
|
|switch|p1a: Mienshao|Mienshao, M|285\/285 psn
|
|-heal|p2a: fancy chansey|455\/714|[from] item: Leftovers
|-damage|p1a: Mienshao|250\/285 psn|[from] psn
|upkeep
|turn|74
|choice|move uturn|switch 2
|
|switch|p2a: woofy woof|Arcanine, M|383\/383
|-ability|p2a: woofy woof|Intimidate|boost
|-unboost|p1a: Mienshao|atk|1
|move|p1a: Mienshao|U-turn|p2a: woofy woof
|-resisted|p2a: woofy woof
|-damage|p2a: woofy woof|360\/383
|choice|switch 4|
|
|switch|p1a: Aerodactyl|Aerodactyl, F|301\/301
|-ability|p1a: Aerodactyl|Pressure
|
|upkeep
|turn|75
|choice|move honeclaws mega|move willowisp
|
|detailschange|p1a: Aerodactyl|Aerodactyl-Mega, F
|-mega|p1a: Aerodactyl|Aerodactyl|Aerodactylite
|move|p1a: Aerodactyl|Hone Claws|p1a: Aerodactyl
|-boost|p1a: Aerodactyl|atk|1
|-boost|p1a: Aerodactyl|accuracy|1
|move|p2a: woofy woof|Will-O-Wisp|p1a: Aerodactyl
|-status|p1a: Aerodactyl|brn
|
|-damage|p1a: Aerodactyl|264\/301 brn|[from] brn
|upkeep
|turn|76
|-message|udkmeatall ('◡') forfeited.
|
|win|pokemonisfun
|l|udkmeatall ('◡')
|c|☆pokemonisfun|\/log lixx was promoted to Room Voice by pokemonisfun.
|l|Like a Wind
|c|☆pokemonisfun|ok
|c|☆pokemonisfun|hi lixx
|l|cry to music
|l|pokemonisfun
|l|Rabia is Trash
|l|SonSatan666
|l|Roginald
|c|+lixx|ah
|c|+lixx|nice.
|c|+lixx|grats pif :0
|l|lixx
|l|Nathan401
|j|udkmeatall ('◡')</script>
</div>
<div class="battle-log battle-log-inline"><div class="inner"><div class="battle-options"></div><div class="inner"><div class="chat"><small>udkmeatall ('◡') joined.</small></div><div class="chat"><small>pokemonisfun joined.</small></div><div class=""><small>Format:</small> <br><strong>UU</strong></div><div class=""><small><em>Sleep Clause Mod:</em> Limit one foe put to sleep</small></div><div class=""><small><em>Species Clause:</em> Limit one of each Pokémon</small></div><div class=""><small><em>OHKO Clause:</em> OHKO moves are banned</small></div><div class=""><small><em>Moody Clause:</em> Moody is banned</small></div><div class=""><small><em>Evasion Moves Clause:</em> Evasion moves are banned</small></div><div class=""><small><em>Endless Battle Clause:</em> Forcing endless battles is banned</small></div><div class=""><small><em>HP Percentage Mod:</em> HP is shown in percentages</small></div><div class=""><small><em>Swagger Clause:</em> Swagger is banned</small></div><div class=""><small><em>Baton Pass Clause:</em> Limit one Baton Passer, can't pass Spe and other stats simultaneously</small></div><div class="chat battle-history"><strong>udkmeatall ('◡')'s team:</strong> <em style="color:#445566;display:block;">Mienshao / Hydreigon / Empoleon / Aerodactyl / Reuniclus / Arcanine</em></div><div class="chat battle-history"><strong>pokemonisfun's team:</strong> <em style="color:#445566;display:block;">Swampert / Forretress / Arcanine / Tangela / Blissey / Tentacruel</em></div><div class="chat"><small>lixx joined.</small></div><div class="chat"><small>Rabia is Trash joined.</small></div><div class="chat chatmessage-lixx"><strong style="color:hsl(74,62%,38.14331632008178%)"><small> </small><span class="username" data-name="lixx">lixx</span>:</strong> <em>go my son pif</em></div><div class="chat"><small>Satanjr joined.</small></div><div class="chat chatmessage-pokemonisfun"><strong style="color:hsl(182,41%,40.333333333333336%)"><small>☆</small><span class="username" data-name="pokemonisfun">pokemonisfun</span>:</strong> <em>ty daddy</em></div><div class="chat chatmessage-satanjr"><strong style="color:hsl(96,71%,38.24272140412447%)"><small> </small><span class="username" data-name="Satanjr">Satanjr</span>:</strong> <em>Use lugia</em></div><div class="chat chatmessage-pokemonisfun"><strong style="color:hsl(182,41%,40.333333333333336%)"><small>☆</small><span class="username" data-name="pokemonisfun">pokemonisfun</span>:</strong> <em>glhf</em></div><div class="spacer battle-history"><br></div><div class="battle-history">Battle started between udkmeatall ('◡') and pokemonisfun!<br></div><div class="spacer battle-history"><br></div><div class="battle-history">Go! <strong>Hydreigon</strong>!<br></div><div class="spacer battle-history"><br></div><div class="battle-history">pokemonisfun sent out miniloaf (<strong>Tangela</strong>)!<br></div><div class="spacer battle-history"><br></div><h2 class="battle-history">Turn 1</h2><div class="spacer battle-history"><br></div><div class="battle-history">pokemonisfun withdrew miniloaf!<br></div><div class="battle-history">pokemonisfun sent out fancy chansey (<strong>Blissey</strong>)!<br></div><div class="spacer battle-history"><br></div><div class="battle-history">Hydreigon used <strong>U-turn</strong>!<br></div><div class="battle-history"><small>(The opposing fancy chansey lost <abbr title="−87/714">12.2%</abbr> of its health!)</small><br></div><div class="spacer battle-history"><br></div><div class="battle-history">Hydreigon went back to udkmeatall ('◡')!<br></div><div class="battle-history">Go! <strong>Mienshao</strong>!<br></div><div class="spacer battle-history"><br></div><div class="battle-history"><small>The opposing fancy chansey restored a little HP using its Leftovers!</small><br></div><div class="spacer battle-history"><br></div><h2 class="battle-history">Turn 2</h2><div class="spacer battle-history"><br></div><div class="battle-history">pokemonisfun withdrew fancy chansey!<br></div><div class="battle-history">pokemonisfun sent out woofy woof (<strong>Arcanine</strong>)!<br></div><div class="battle-history"><small>[The opposing woofy woof's Intimidate]</small><br></div><div class="battle-history"><small>Mienshao's Attack fell!</small><br></div><div class="spacer battle-history"><br></div><div class="battle-history">Mienshao used <strong>Knock Off</strong>!<br></div><div class="battle-history"><small>(The opposing woofy woof lost <abbr title="−62/383">16.2%</abbr> of its health!)</small><br></div><div class="battle-history"><small>Mienshao knocked off the opposing woofy woof's Leftovers!</small><br></div><div class="spacer battle-history"><br></div><h2 class="battle-history">Turn 3</h2><div class="spacer battle-history"><br></div><div class="battle-history">Mienshao, come back!<br></div><div class="battle-history">Go! <strong>Arcanine</strong>!<br></div><div class="battle-history"><small>[Arcanine's Intimidate]</small><br></div><div class="battle-history"><small>The opposing woofy woof's Attack fell!</small><br></div><div class="spacer battle-history"><br></div><div class="battle-history">The opposing woofy woof used <strong>Will-O-Wisp</strong>!<br></div><div class="battle-history"><small>It doesn't affect Arcanine...</small><br></div><div class="spacer battle-history"><br></div><h2 class="battle-history">Turn 4</h2><div class="chat chatmessage-satanjr"><strong style="color:hsl(96,71%,38.24272140412447%)"><small> </small><span class="username" data-name="Satanjr">Satanjr</span>:</strong> <em>...</em></div><div class="chat chatmessage-satanjr"><strong style="color:hsl(96,71%,38.24272140412447%)"><small> </small><span class="username" data-name="Satanjr">Satanjr</span>:</strong> <em>lol</em></div><div class="spacer battle-history"><br></div><div class="battle-history">Arcanine used <strong>Extreme Speed</strong>!<br></div><div class="battle-history"><small>A critical hit!</small><br></div><div class="battle-history"><small>(The opposing woofy woof lost <abbr title="−82/383">21.4%</abbr> of its health!)</small><br></div><div class="spacer battle-history"><br></div><div class="battle-history">The opposing woofy woof used <strong>Morning Sun</strong>!<br></div><div class="battle-history"><small>The opposing woofy woof restored its HP.</small><br></div><div class="spacer battle-history"><br></div><h2 class="battle-history">Turn 5</h2><div class="spacer battle-history"><br></div><div class="battle-history">pokemonisfun withdrew woofy woof!<br></div><div class="battle-history">pokemonisfun sent out squidy widdy (<strong>Tentacruel</strong>)!<br></div><div class="spacer battle-history"><br></div><div class="battle-history">Arcanine used <strong>Will-O-Wisp</strong>!<br></div><div class="battle-history"><small>The opposing squidy widdy was burned!</small><br></div><div class="spacer battle-history"><br></div><div class="battle-history"><small>The opposing squidy widdy was hurt by its burn!</small><br></div><div class="spacer battle-history"><br></div><h2 class="battle-history">Turn 6</h2><div class="chat"><small>No1phaggot joined.</small></div><div class="chat chatmessage-satanjr"><strong style="color:hsl(96,71%,38.24272140412447%)"><small> </small><span class="username" data-name="Satanjr">Satanjr</span>:</strong> <em>Metal use wow</em></div><div class="chat chatmessage-satanjr"><strong style="color:hsl(96,71%,38.24272140412447%)"><small> </small><span class="username" data-name="Satanjr">Satanjr</span>:</strong> <em>nice</em></div><div class="chat"><small>Qwilphish joined.</small></div><div class="chat"><small>Nathan401 joined.</small></div><div class="chat chatmessage-satanjr"><strong style="color:hsl(96,71%,38.24272140412447%)"><small> </small><span class="username" data-name="Satanjr">Satanjr</span>:</strong> <em>that switch was so predictable</em></div><div class="chat chatmessage-rabiaistrash"><strong style="color:hsl(151,55%,31%)"><small> </small><span class="username" data-name="Rabia is Trash">Rabia is Trash</span>:</strong> <em>kindly shut the fuck up</em></div><div class="chat chatmessage-rabiaistrash"><strong style="color:hsl(151,55%,31%)"><small> </small><span class="username" data-name="Rabia is Trash">Rabia is Trash</span>:</strong> <em>thank u</em></div><div class="chat chatmessage-satanjr"><strong style="color:hsl(96,71%,38.24272140412447%)"><small> </small><span class="username" data-name="Satanjr">Satanjr</span>:</strong> <em>Go to empoleon</em></div><div class="chat chatmessage-satanjr"><strong style="color:hsl(96,71%,38.24272140412447%)"><small> </small><span class="username" data-name="Satanjr">Satanjr</span>:</strong> <em>tenta sucks</em></div><div class="chat chatmessage-satanjr"><strong style="color:hsl(96,71%,38.24272140412447%)"><small> </small><span class="username" data-name="Satanjr">Satanjr</span>:</strong> <em>umad n00b</em></div><div class="chat chatmessage-rabiaistrash"><strong style="color:hsl(151,55%,31%)"><small> </small><span class="username" data-name="Rabia is Trash">Rabia is Trash</span>:</strong> <em>yes</em></div><div class="chat chatmessage-satanjr"><strong style="color:hsl(96,71%,38.24272140412447%)"><small> </small><span class="username" data-name="Satanjr">Satanjr</span>:</strong> <em>ok</em></div><div class="spacer battle-history"><br></div><div class="battle-history">Arcanine, come back!<br></div><div class="battle-history">Go! <strong>Reuniclus</strong>!<br></div><div class="spacer battle-history"><br></div><div class="battle-history">The opposing squidy widdy used <strong>Toxic Spikes</strong>!<br></div><div class="battle-history"><small>Poison spikes were scattered on the ground all around your team!</small><br></div><div class="spacer battle-history"><br></div><div class="battle-history"><small>The opposing squidy widdy restored a little HP using its Black Sludge!</small><br></div><div class="battle-history"><small>The opposing squidy widdy was hurt by its burn!</small><br></div><div class="spacer battle-history"><br></div><h2 class="battle-history">Turn 7</h2><div class="chat chatmessage-satanjr"><strong style="color:hsl(96,71%,38.24272140412447%)"><small> </small><span class="username" data-name="Satanjr">Satanjr</span>:</strong> <em>sit down then</em></div><div class="spacer battle-history"><br></div><div class="battle-history">pokemonisfun withdrew squidy widdy!<br></div><div class="battle-history">pokemonisfun sent out muddy buddy (<strong>Swampert</strong>)!<br></div><div class="spacer battle-history"><br></div><div class="battle-history">Reuniclus used <strong>Calm Mind</strong>!<br></div><div class="battle-history"><small>Reuniclus's Special Attack rose!</small><br></div><div class="battle-history"><small>Reuniclus's Special Defense rose!</small><br></div><div class="spacer battle-history"><br></div><h2 class="battle-history">Turn 8</h2><div class="chat chatmessage-satanjr"><strong style="color:hsl(96,71%,38.24272140412447%)"><small> </small><span class="username" data-name="Satanjr">Satanjr</span>:</strong> <em>dude no</em></div><div class="chat chatmessage-satanjr"><strong style="color:hsl(96,71%,38.24272140412447%)"><small> </small><span class="username" data-name="Satanjr">Satanjr</span>:</strong> <em>u could have defogs</em></div><div class="spacer battle-history"><br></div><div class="battle-history"><small>The opposing muddy buddy's Swampertite is reacting to pokemonisfun's Mega Bracelet!</small><br>The opposing muddy buddy has Mega Evolved into Mega Swampert!<br></div><div class="spacer battle-history"><br></div><div class="battle-history">The opposing muddy buddy used <strong>Curse</strong>!<br></div><div class="battle-history"><small>The opposing muddy buddy's Speed fell!</small><br></div><div class="battle-history"><small>The opposing muddy buddy's Attack rose!</small><br></div><div class="battle-history"><small>The opposing muddy buddy's Defense rose!</small><br></div><div class="spacer battle-history"><br></div><div class="battle-history">Reuniclus used <strong>Psyshock</strong>!<br></div><div class="battle-history"><small>(The opposing muddy buddy lost <abbr title="−102/403">25.3%</abbr> of its health!)</small><br></div><div class="spacer battle-history"><br></div><h2 class="battle-history">Turn 9</h2><div class="chat chatmessage-satanjr"><strong style="color:hsl(96,71%,38.24272140412447%)"><small> </small><span class="username" data-name="Satanjr">Satanjr</span>:</strong> <em>o</em></div><div class="chat chatmessage-satanjr"><strong style="color:hsl(96,71%,38.24272140412447%)"><small> </small><span class="username" data-name="Satanjr">Satanjr</span>:</strong> <em>wow nvm</em></div><div class="spacer battle-history"><br></div><div class="battle-history">The opposing muddy buddy used <strong>Earthquake</strong>!<br></div><div class="battle-history"><small>(Reuniclus lost <abbr title="−219/424">51.7%</abbr> of its health!)</small><br></div><div class="spacer battle-history"><br></div><div class="battle-history">Reuniclus used <strong>Calm Mind</strong>!<br></div><div class="battle-history"><small>Reuniclus's Special Attack rose!</small><br></div><div class="battle-history"><small>Reuniclus's Special Defense rose!</small><br></div><div class="spacer battle-history"><br></div><div class="battle-history"><small>Reuniclus restored a little HP using its Leftovers!</small><br></div><div class="spacer battle-history"><br></div><h2 class="battle-history">Turn 10</h2><div class="chat chatmessage-satanjr"><strong style="color:hsl(96,71%,38.24272140412447%)"><small> </small><span class="username" data-name="Satanjr">Satanjr</span>:</strong> <em>powpow</em></div><div class="spacer battle-history"><br></div><div class="battle-history">The opposing muddy buddy used <strong>Earthquake</strong>!<br></div><div class="battle-history"><small>(Reuniclus lost <abbr title="−216/424">50.9%</abbr> of its health!)</small><br></div><div class="spacer battle-history"><br></div><div class="battle-history">Reuniclus used <strong>Focus Blast</strong>!<br></div><div class="battle-history"><small>The opposing muddy buddy avoided the attack!</small><br></div><div class="spacer battle-history"><br></div><div class="battle-history"><small>Reuniclus restored a little HP using its Leftovers!</small><br></div><div class="spacer battle-history"><br></div><h2 class="battle-history">Turn 11</h2><div class="chat"><small>blue plate joined.</small></div><div class="chat chatmessage-satanjr"><strong style="color:hsl(96,71%,38.24272140412447%)"><small> </small><span class="username" data-name="Satanjr">Satanjr</span>:</strong> <em>Use energyball wtf</em></div><div class="chat chatmessage-satanjr"><strong style="color:hsl(96,71%,38.24272140412447%)"><small> </small><span class="username" data-name="Satanjr">Satanjr</span>:</strong> <em>omg</em></div><div class="chat chatmessage-satanjr"><strong style="color:hsl(96,71%,38.24272140412447%)"><small> </small><span class="username" data-name="Satanjr">Satanjr</span>:</strong> <em>this dude is baad</em></div><div class="chat chatmessage-satanjr"><strong style="color:hsl(96,71%,38.24272140412447%)"><small> </small><span class="username" data-name="Satanjr">Satanjr</span>:</strong> <em>I should have signed up</em></div><div class="chat chatmessage-blueplate"><strong style="color:hsl(191,83%,42.473425331252955%)"><small> </small><span class="username" data-name="blue plate">blue plate</span>:</strong> <em>shut up</em></div><div class="chat chatmessage-satanjr"><strong style="color:hsl(96,71%,38.24272140412447%)"><small> </small><span class="username" data-name="Satanjr">Satanjr</span>:</strong> <em>u stfu</em></div><div class="chat"><div class="broadcast-red"><strong>Moderated chat was set to +!</strong><br>Only users of rank + and higher can talk.</div></div><div class="spacer battle-history"><br></div><div class="battle-history">Reuniclus, come back!<br></div><div class="battle-history">Go! <strong>Hydreigon</strong>!<br></div><div class="spacer battle-history"><br></div><div class="battle-history">The opposing muddy buddy used <strong>Scald</strong>!<br></div><div class="battle-history"><small>It's not very effective...</small><br></div><div class="battle-history"><small>(Hydreigon lost <abbr title="−46/325">14.2%</abbr> of its health!)</small><br></div><div class="spacer battle-history"><br></div><h2 class="battle-history">Turn 12</h2><div class="spacer battle-history"><br></div><div class="battle-history">pokemonisfun withdrew muddy buddy!<br></div><div class="battle-history">pokemonisfun sent out fancy chansey (<strong>Blissey</strong>)!<br></div><div class="spacer battle-history"><br></div><div class="battle-history">Hydreigon used <strong>Draco Meteor</strong>!<br></div><div class="battle-history"><small>(The opposing fancy chansey lost <abbr title="−256/714">35.9%</abbr> of its health!)</small><br></div><div class="battle-history"><small>Hydreigon's Special Attack fell harshly!</small><br></div><div class="spacer battle-history"><br></div><div class="battle-history"><small>The opposing fancy chansey restored a little HP using its Leftovers!</small><br></div><div class="spacer battle-history"><br></div><h2 class="battle-history">Turn 13</h2><div class="spacer battle-history"><br></div><div class="battle-history">Hydreigon, come back!<br></div><div class="battle-history">Go! <strong>Empoleon</strong>!<br></div><div class="spacer battle-history"><br></div><div class="battle-history">The opposing fancy chansey used <strong>Seismic Toss</strong>!<br></div><div class="battle-history"><small>(Empoleon lost <abbr title="−100/371">27.0%</abbr> of its health!)</small><br></div><div class="spacer battle-history"><br></div><div class="battle-history"><small>Empoleon restored a little HP using its Leftovers!</small><br></div><div class="battle-history"><small>The opposing fancy chansey restored a little HP using its Leftovers!</small><br></div><div class="spacer battle-history"><br></div><h2 class="battle-history">Turn 14</h2><div class="chat"><small>Ricememe joined.</small></div><div class="spacer battle-history"><br></div><div class="battle-history">Empoleon used <strong>Defog</strong>!<br></div><div class="battle-history"><small>The opposing fancy chansey's evasiveness fell!</small><br></div><div class="battle-history"><small>The poison spikes disappeared from the ground around your team!</small><br></div><div class="spacer battle-history"><br></div><div class="battle-history">The opposing fancy chansey used <strong>Seismic Toss</strong>!<br></div><div class="battle-history"><small>(Empoleon lost <abbr title="−100/371">27.0%</abbr> of its health!)</small><br></div><div class="spacer battle-history"><br></div><div class="battle-history"><small>Empoleon restored a little HP using its Leftovers!</small><br></div><div class="battle-history"><small>The opposing fancy chansey restored a little HP using its Leftovers!</small><br></div><div class="spacer battle-history"><br></div><h2 class="battle-history">Turn 15</h2><div class="spacer battle-history"><br></div><div class="battle-history">Empoleon used <strong>Stealth Rock</strong>!<br></div><div class="battle-history"><small>Pointed stones float in the air around the opposing team!</small><br></div><div class="spacer battle-history"><br></div><div class="battle-history">The opposing fancy chansey used <strong>Heal Bell</strong>!<br></div><div class="battle-history"><small>A bell chimed!</small><br></div><div class="battle-history"><small>The opposing squidy widdy's burn was healed.</small><br></div><div class="spacer battle-history"><br></div><div class="battle-history"><small>Empoleon restored a little HP using its Leftovers!</small><br></div><div class="battle-history"><small>The opposing fancy chansey restored a little HP using its Leftovers!</small><br></div><div class="spacer battle-history"><br></div><h2 class="battle-history">Turn 16</h2><div class="chat"><small>Ricememe left.</small></div><div class="spacer battle-history"><br></div><div class="battle-history">Empoleon, come back!<br></div><div class="battle-history">Go! <strong>Arcanine</strong>!<br></div><div class="battle-history"><small>[Arcanine's Intimidate]</small><br></div><div class="battle-history"><small>The opposing fancy chansey's Attack fell!</small><br></div><div class="spacer battle-history"><br></div><div class="battle-history">The opposing fancy chansey used <strong>Wish</strong>!<br></div><div class="spacer battle-history"><br></div><div class="battle-history"><small>The opposing fancy chansey restored a little HP using its Leftovers!</small><br></div><div class="spacer battle-history"><br></div><h2 class="battle-history">Turn 17</h2><div class="spacer battle-history"><br></div><div class="battle-history">pokemonisfun withdrew fancy chansey!<br></div><div class="battle-history">pokemonisfun sent out squidy widdy (<strong>Tentacruel</strong>)!<br></div><div class="battle-history"><small>Pointed stones dug into the opposing squidy widdy!</small><br></div><div class="spacer battle-history"><br></div><div class="battle-history">Arcanine used <strong>Will-O-Wisp</strong>!<br></div><div class="battle-history"><small>The opposing squidy widdy was burned!</small><br></div><div class="spacer battle-history"><br></div><div class="battle-history"><small>fancy chansey's wish came true!</small><br></div><div class="battle-history"><small>The opposing squidy widdy was hurt by its burn!</small><br></div><div class="spacer battle-history"><br></div><h2 class="battle-history">Turn 18</h2><div class="spacer battle-history"><br></div><div class="battle-history">Arcanine, come back!<br></div><div class="battle-history">Go! <strong>Empoleon</strong>!<br></div><div class="spacer battle-history"><br></div><div class="battle-history">The opposing squidy widdy used <strong>Toxic Spikes</strong>!<br></div><div class="battle-history"><small>Poison spikes were scattered on the ground all around your team!</small><br></div><div class="spacer battle-history"><br></div><div class="battle-history"><small>The opposing squidy widdy restored a little HP using its Black Sludge!</small><br></div><div class="battle-history"><small>Empoleon restored a little HP using its Leftovers!</small><br></div><div class="battle-history"><small>The opposing squidy widdy was hurt by its burn!</small><br></div><div class="spacer battle-history"><br></div><h2 class="battle-history">Turn 19</h2><div class="chat"><small>Shit User left.</small></div><div class="spacer battle-history"><br></div><div class="battle-history">The opposing squidy widdy used <strong>Scald</strong>!<br></div><div class="battle-history"><small>It's not very effective...</small><br></div><div class="battle-history"><small>(Empoleon lost <abbr title="−36/371">9.7%</abbr> of its health!)</small><br></div><div class="battle-history"><small>Empoleon was burned!</small><br></div><div class="spacer battle-history"><br></div><div class="battle-history">Empoleon used <strong>Scald</strong>!<br></div><div class="battle-history"><small>It's not very effective...</small><br></div><div class="battle-history"><small>(The opposing squidy widdy lost <abbr title="−45/364">12.4%</abbr> of its health!)</small><br></div><div class="spacer battle-history"><br></div><div class="battle-history"><small>The opposing squidy widdy restored a little HP using its Black Sludge!</small><br></div><div class="battle-history"><small>Empoleon restored a little HP using its Leftovers!</small><br></div><div class="battle-history"><small>The opposing squidy widdy was hurt by its burn!</small><br></div><div class="battle-history"><small>Empoleon was hurt by its burn!</small><br></div><div class="spacer battle-history"><br></div><h2 class="battle-history">Turn 20</h2><div class="spacer battle-history"><br></div><div class="battle-history">pokemonisfun withdrew squidy widdy!<br></div><div class="battle-history">pokemonisfun sent out stuggy buggy (<strong>Forretress</strong>)!<br></div><div class="battle-history"><small>Pointed stones dug into the opposing stuggy buggy!</small><br></div><div class="spacer battle-history"><br></div><div class="battle-history">Empoleon used <strong>Scald</strong>!<br></div><div class="battle-history"><small>(The opposing stuggy buggy lost <abbr title="−93/354">26.3%</abbr> of its health!)</small><br></div><div class="battle-history"><small>The opposing stuggy buggy was burned!</small><br></div><div class="spacer battle-history"><br></div><div class="battle-history"><small>Empoleon restored a little HP using its Leftovers!</small><br></div><div class="battle-history"><small>The opposing stuggy buggy restored a little HP using its Leftovers!</small><br></div><div class="battle-history"><small>Empoleon was hurt by its burn!</small><br></div><div class="battle-history"><small>The opposing stuggy buggy was hurt by its burn!</small><br></div><div class="spacer battle-history"><br></div><h2 class="battle-history">Turn 21</h2><div class="spacer battle-history"><br></div><div class="battle-history">pokemonisfun withdrew stuggy buggy!<br></div><div class="battle-history">pokemonisfun sent out fancy chansey (<strong>Blissey</strong>)!<br></div><div class="battle-history"><small>Pointed stones dug into the opposing fancy chansey!</small><br></div><div class="spacer battle-history"><br></div><div class="battle-history">Empoleon used <strong>Defog</strong>!<br></div><div class="battle-history"><small>The opposing fancy chansey's evasiveness fell!</small><br></div><div class="battle-history"><small>The pointed stones disappeared from around the opposing team!</small><br></div><div class="battle-history"><small>The poison spikes disappeared from the ground around your team!</small><br></div><div class="spacer battle-history"><br></div><div class="battle-history"><small>Empoleon restored a little HP using its Leftovers!</small><br></div><div class="battle-history"><small>The opposing fancy chansey restored a little HP using its Leftovers!</small><br></div><div class="battle-history"><small>Empoleon was hurt by its burn!</small><br></div><div class="spacer battle-history"><br></div><h2 class="battle-history">Turn 22</h2><div class="spacer battle-history"><br></div><div class="battle-history">Empoleon, come back!<br></div><div class="battle-history">Go! <strong>Reuniclus</strong>!<br></div><div class="spacer battle-history"><br></div><div class="battle-history">The opposing fancy chansey used <strong>Heal Bell</strong>!<br></div><div class="battle-history"><small>A bell chimed!</small><br></div><div class="battle-history"><small>The opposing squidy widdy's burn was healed.</small><br></div><div class="battle-history"><small>The opposing stuggy buggy's burn was healed.</small><br></div><div class="spacer battle-history"><br></div><div class="battle-history"><small>The opposing fancy chansey restored a little HP using its Leftovers!</small><br></div><div class="battle-history"><small>Reuniclus restored a little HP using its Leftovers!</small><br></div><div class="spacer battle-history"><br></div><h2 class="battle-history">Turn 23</h2><div class="spacer battle-history"><br></div><div class="battle-history">Reuniclus, come back!<br></div><div class="battle-history">Go! <strong>Mienshao</strong>!<br></div><div class="spacer battle-history"><br></div><div class="battle-history">The opposing fancy chansey used <strong>Wish</strong>!<br></div><div class="spacer battle-history"><br></div><div class="battle-history"><small>The opposing fancy chansey restored a little HP using its Leftovers!</small><br></div><div class="spacer battle-history"><br></div><h2 class="battle-history">Turn 24</h2><div class="spacer battle-history"><br></div><div class="battle-history">pokemonisfun withdrew fancy chansey!<br></div><div class="battle-history">pokemonisfun sent out squidy widdy (<strong>Tentacruel</strong>)!<br></div><div class="spacer battle-history"><br></div><div class="battle-history">Mienshao used <strong>U-turn</strong>!<br></div><div class="battle-history"><small>It's not very effective...</small><br></div><div class="battle-history"><small>(The opposing squidy widdy lost <abbr title="−36/364">9.9%</abbr> of its health!)</small><br></div><div class="spacer battle-history"><br></div><div class="battle-history">Mienshao went back to udkmeatall ('◡')!<br></div><div class="battle-history">Go! <strong>Reuniclus</strong>!<br></div><div class="spacer battle-history"><br></div><div class="battle-history"><small>fancy chansey's wish came true!</small><br></div><div class="battle-history"><small>Reuniclus restored a little HP using its Leftovers!</small><br></div><div class="spacer battle-history"><br></div><h2 class="battle-history">Turn 25</h2><div class="spacer battle-history"><br></div><div class="battle-history">Reuniclus, come back!<br></div><div class="battle-history">Go! <strong>Empoleon</strong>!<br></div><div class="spacer battle-history"><br></div><div class="battle-history">The opposing squidy widdy used <strong>Scald</strong>!<br></div><div class="battle-history"><small>It's not very effective...</small><br></div><div class="battle-history"><small>(Empoleon lost <abbr title="−34/371">9.2%</abbr> of its health!)</small><br></div><div class="spacer battle-history"><br></div><div class="battle-history"><small>Empoleon restored a little HP using its Leftovers!</small><br></div><div class="battle-history"><small>Empoleon was hurt by its burn!</small><br></div><div class="spacer battle-history"><br></div><h2 class="battle-history">Turn 26</h2><div class="spacer battle-history"><br></div><div class="battle-history">Empoleon, come back!<br></div><div class="battle-history">Go! <strong>Reuniclus</strong>!<br></div><div class="spacer battle-history"><br></div><div class="battle-history">The opposing squidy widdy used <strong>Toxic Spikes</strong>!<br></div><div class="battle-history"><small>Poison spikes were scattered on the ground all around your team!</small><br></div><div class="spacer battle-history"><br></div><div class="battle-history"><small>Reuniclus restored a little HP using its Leftovers!</small><br></div><div class="spacer battle-history"><br></div><h2 class="battle-history">Turn 27</h2><div class="chat"><small>Feliburn joined.</small></div><div class="spacer battle-history"><br></div><div class="battle-history">pokemonisfun withdrew squidy widdy!<br></div><div class="battle-history">pokemonisfun sent out muddy buddy (<strong>Swampert-Mega</strong>)!<br></div><div class="spacer battle-history"><br></div><div class="battle-history">Reuniclus used <strong>Recover</strong>!<br></div><div class="battle-history"><small>Reuniclus restored its HP.</small><br></div><div class="spacer battle-history"><br></div><div class="battle-history"><small>Reuniclus restored a little HP using its Leftovers!</small><br></div><div class="spacer battle-history"><br></div><h2 class="battle-history">Turn 28</h2><div class="spacer battle-history"><br></div><div class="battle-history">Reuniclus, come back!<br></div><div class="battle-history">Go! <strong>Hydreigon</strong>!<br></div><div class="spacer battle-history"><br></div><div class="battle-history">The opposing muddy buddy used <strong>Curse</strong>!<br></div><div class="battle-history"><small>The opposing muddy buddy's Speed fell!</small><br></div><div class="battle-history"><small>The opposing muddy buddy's Attack rose!</small><br></div><div class="battle-history"><small>The opposing muddy buddy's Defense rose!</small><br></div><div class="spacer battle-history"><br></div><h2 class="battle-history">Turn 29</h2><div class="spacer battle-history"><br></div><div class="battle-history">pokemonisfun withdrew muddy buddy!<br></div><div class="battle-history">pokemonisfun sent out fancy chansey (<strong>Blissey</strong>)!<br></div><div class="spacer battle-history"><br></div><div class="battle-history">Hydreigon used <strong>U-turn</strong>!<br></div><div class="battle-history"><small>(The opposing fancy chansey lost <abbr title="−96/714">13.4%</abbr> of its health!)</small><br></div><div class="chat"><small>Mengy joined.</small></div><div class="spacer battle-history"><br></div><div class="battle-history">Hydreigon went back to udkmeatall ('◡')!<br></div><div class="battle-history">Go! <strong>Reuniclus</strong>!<br></div><div class="battle-history"><small>Reuniclus was poisoned!</small><br></div><div class="spacer battle-history"><br></div><div class="battle-history"><small>The opposing fancy chansey restored a little HP using its Leftovers!</small><br></div><div class="battle-history"><small>Reuniclus restored a little HP using its Leftovers!</small><br></div><div class="spacer battle-history"><br></div><h2 class="battle-history">Turn 30</h2><div class="chat"><small>cry to music joined.</small></div><div class="spacer battle-history"><br></div><div class="battle-history">pokemonisfun withdrew fancy chansey!<br></div><div class="battle-history">pokemonisfun sent out muddy buddy (<strong>Swampert-Mega</strong>)!<br></div><div class="spacer battle-history"><br></div><div class="battle-history">Reuniclus used <strong>Calm Mind</strong>!<br></div><div class="battle-history"><small>Reuniclus's Special Attack rose!</small><br></div><div class="battle-history"><small>Reuniclus's Special Defense rose!</small><br></div><div class="spacer battle-history"><br></div><div class="battle-history"><small>Reuniclus restored a little HP using its Leftovers!</small><br></div><div class="spacer battle-history"><br></div><h2 class="battle-history">Turn 31</h2><div class="chat"><small>Like a Wind joined.</small></div><div class="spacer battle-history"><br></div><div class="battle-history">The opposing muddy buddy used <strong>Curse</strong>!<br></div><div class="battle-history"><small>The opposing muddy buddy's Speed fell!</small><br></div><div class="battle-history"><small>The opposing muddy buddy's Attack rose!</small><br></div><div class="battle-history"><small>The opposing muddy buddy's Defense rose!</small><br></div><div class="spacer battle-history"><br></div><div class="battle-history">Reuniclus used <strong>Focus Blast</strong>!<br></div><div class="battle-history"><small>(The opposing muddy buddy lost <abbr title="−113/403">28.0%</abbr> of its health!)</small><br></div><div class="spacer battle-history"><br></div><div class="battle-history"><small>Reuniclus restored a little HP using its Leftovers!</small><br></div><div class="spacer battle-history"><br></div><h2 class="battle-history">Turn 32</h2><div class="spacer battle-history"><br></div><div class="battle-history">The opposing muddy buddy used <strong>Rest</strong>!<br></div><div class="battle-history"><small>The opposing muddy buddy fell asleep!</small><br></div><div class="battle-history"><small>The opposing muddy buddy slept and became healthy!</small><br></div><div class="spacer battle-history"><br></div><div class="battle-history">Reuniclus used <strong>Focus Blast</strong>!<br></div><div class="battle-history"><small>The opposing muddy buddy avoided the attack!</small><br></div><div class="spacer battle-history"><br></div><h2 class="battle-history">Turn 33</h2><div class="spacer battle-history"><br></div><div class="battle-history">The opposing muddy buddy is fast asleep.<br></div><div class="spacer battle-history"><br></div><div class="battle-history">Reuniclus used <strong>Calm Mind</strong>!<br></div><div class="battle-history"><small>Reuniclus's Special Attack rose!</small><br></div><div class="battle-history"><small>Reuniclus's Special Defense rose!</small><br></div><div class="spacer battle-history"><br></div><h2 class="battle-history">Turn 34</h2><div class="chat"><small>Like a Wind left.</small></div><div class="spacer battle-history"><br></div><div class="battle-history">The opposing muddy buddy is fast asleep.<br></div><div class="spacer battle-history"><br></div><div class="battle-history">Reuniclus used <strong>Focus Blast</strong>!<br></div><div class="battle-history"><small>A critical hit!</small><br></div><div class="battle-history"><small>(The opposing muddy buddy lost <abbr title="−220/403">54.6%</abbr> of its health!)</small><br></div><div class="spacer battle-history"><br></div><h2 class="battle-history">Turn 35</h2><div class="spacer battle-history"><br></div><div class="battle-history"><small>The opposing muddy buddy woke up!</small><br></div><div class="spacer battle-history"><br></div><div class="battle-history">The opposing muddy buddy used <strong>Earthquake</strong>!<br></div><div class="battle-history"><small>(Reuniclus lost <abbr title="−211/424">49.8%</abbr> of its health!)</small><br></div><div class="spacer battle-history"><br></div><div class="battle-history">Reuniclus used <strong>Focus Blast</strong>!<br></div><div class="battle-history"><small>The opposing muddy buddy avoided the attack!</small><br></div><div class="spacer battle-history"><br></div><div class="battle-history"><small>Reuniclus restored a little HP using its Leftovers!</small><br></div><div class="spacer battle-history"><br></div><h2 class="battle-history">Turn 36</h2><div class="spacer battle-history"><br></div><div class="battle-history">The opposing muddy buddy used <strong>Earthquake</strong>!<br></div><div class="battle-history"><small>(Reuniclus lost <abbr title="−202/424">47.6%</abbr> of its health!)</small><br></div><div class="spacer battle-history"><br></div><div class="battle-history">Reuniclus used <strong>Recover</strong>!<br></div><div class="battle-history"><small>Reuniclus restored its HP.</small><br></div><div class="spacer battle-history"><br></div><div class="battle-history"><small>Reuniclus restored a little HP using its Leftovers!</small><br></div><div class="spacer battle-history"><br></div><h2 class="battle-history">Turn 37</h2><div class="spacer battle-history"><br></div><div class="battle-history">The opposing muddy buddy used <strong>Earthquake</strong>!<br></div><div class="battle-history"><small>(Reuniclus lost <abbr title="−211/424">49.8%</abbr> of its health!)</small><br></div><div class="spacer battle-history"><br></div><div class="battle-history">Reuniclus used <strong>Recover</strong>!<br></div><div class="battle-history"><small>Reuniclus restored its HP.</small><br></div><div class="spacer battle-history"><br></div><div class="battle-history"><small>Reuniclus restored a little HP using its Leftovers!</small><br></div><div class="spacer battle-history"><br></div><h2 class="battle-history">Turn 38</h2><div class="spacer battle-history"><br></div><div class="battle-history">The opposing muddy buddy used <strong>Earthquake</strong>!<br></div><div class="battle-history"><small>(Reuniclus lost <abbr title="−202/424">47.6%</abbr> of its health!)</small><br></div><div class="spacer battle-history"><br></div><div class="battle-history">Reuniclus used <strong>Recover</strong>!<br></div><div class="battle-history"><small>Reuniclus restored its HP.</small><br></div><div class="spacer battle-history"><br></div><div class="battle-history"><small>Reuniclus restored a little HP using its Leftovers!</small><br></div><div class="spacer battle-history"><br></div><h2 class="battle-history">Turn 39</h2><div class="chat"><small>SonSatan666 joined.</small></div><div class="spacer battle-history"><br></div><div class="battle-history">The opposing muddy buddy used <strong>Earthquake</strong>!<br></div><div class="battle-history"><small>(Reuniclus lost <abbr title="−216/424">50.9%</abbr> of its health!)</small><br></div><div class="spacer battle-history"><br></div><div class="battle-history">Reuniclus used <strong>Psyshock</strong>!<br></div><div class="battle-history"><small>(The opposing muddy buddy lost <abbr title="−153/403">38.0%</abbr> of its health!)</small><br></div><div class="spacer battle-history"><br></div><div class="battle-history"><small>Reuniclus restored a little HP using its Leftovers!</small><br></div><div class="spacer battle-history"><br></div><h2 class="battle-history">Turn 40</h2><div class="spacer battle-history"><br></div><div class="battle-history">The opposing muddy buddy used <strong>Rest</strong>!<br></div><div class="battle-history"><small>The opposing muddy buddy fell asleep!</small><br></div><div class="battle-history"><small>The opposing muddy buddy slept and became healthy!</small><br></div><div class="spacer battle-history"><br></div><div class="battle-history">Reuniclus used <strong>Recover</strong>!<br></div><div class="battle-history"><small>Reuniclus restored its HP.</small><br></div><div class="spacer battle-history"><br></div><div class="battle-history"><small>Reuniclus restored a little HP using its Leftovers!</small><br></div><div class="spacer battle-history"><br></div><h2 class="battle-history">Turn 41</h2><div class="spacer battle-history"><br></div><div class="battle-history">The opposing muddy buddy is fast asleep.<br></div><div class="spacer battle-history"><br></div><div class="battle-history">Reuniclus used <strong>Calm Mind</strong>!<br></div><div class="battle-history"><small>Reuniclus's Special Attack rose!</small><br></div><div class="battle-history"><small>Reuniclus's Special Defense rose!</small><br></div><div class="spacer battle-history"><br></div><div class="battle-history"><small>Reuniclus restored a little HP using its Leftovers!</small><br></div><div class="spacer battle-history"><br></div><h2 class="battle-history">Turn 42</h2><div class="spacer battle-history"><br></div><div class="battle-history">The opposing muddy buddy is fast asleep.<br></div><div class="spacer battle-history"><br></div><div class="battle-history">Reuniclus used <strong>Psyshock</strong>!<br></div><div class="battle-history"><small>(The opposing muddy buddy lost <abbr title="−160/403">39.7%</abbr> of its health!)</small><br></div><div class="spacer battle-history"><br></div><div class="battle-history"><small>Reuniclus restored a little HP using its Leftovers!</small><br></div><div class="spacer battle-history"><br></div><h2 class="battle-history">Turn 43</h2><div class="chat"><small>Roginald joined.</small></div><div class="spacer battle-history"><br></div><div class="battle-history">pokemonisfun withdrew muddy buddy!<br></div><div class="battle-history">pokemonisfun sent out stuggy buggy (<strong>Forretress</strong>)!<br></div><div class="spacer battle-history"><br></div><div class="battle-history">Reuniclus used <strong>Psyshock</strong>!<br></div><div class="battle-history"><small>It's not very effective...</small><br></div><div class="battle-history"><small>(The opposing stuggy buggy lost <abbr title="−100/354">28.2%</abbr> of its health!)</small><br></div><div class="spacer battle-history"><br></div><div class="battle-history"><small>The opposing stuggy buggy restored a little HP using its Leftovers!</small><br></div><div class="spacer battle-history"><br></div><h2 class="battle-history">Turn 44</h2><div class="spacer battle-history"><br></div><div class="battle-history">Reuniclus used <strong>Focus Blast</strong>!<br></div><div class="battle-history"><small>(The opposing stuggy buggy lost <abbr title="−117/354">33.1%</abbr> of its health!)</small><br></div><div class="spacer battle-history"><br></div><div class="battle-history">The opposing stuggy buggy fainted!<br></div><div class="spacer battle-history"><br></div><div class="battle-history">pokemonisfun sent out squidy widdy (<strong>Tentacruel</strong>)!<br></div><div class="spacer battle-history"><br></div><h2 class="battle-history">Turn 45</h2><div class="spacer battle-history"><br></div><div class="battle-history">The opposing squidy widdy used <strong>Haze</strong>!<br></div><div class="battle-history"><small>All stat changes were eliminated!</small><br></div><div class="spacer battle-history"><br></div><div class="battle-history">Reuniclus used <strong>Psyshock</strong>!<br></div><div class="battle-history"><small>It's super effective!</small><br></div><div class="battle-history"><small>(The opposing squidy widdy lost <abbr title="−216/364">59.3%</abbr> of its health!)</small><br></div><div class="spacer battle-history"><br></div><div class="battle-history"><small>The opposing squidy widdy restored a little HP using its Black Sludge!</small><br></div><div class="spacer battle-history"><br></div><h2 class="battle-history">Turn 46</h2><div class="spacer battle-history"><br></div><div class="battle-history">pokemonisfun withdrew squidy widdy!<br></div><div class="battle-history">pokemonisfun sent out muddy buddy (<strong>Swampert-Mega</strong>)!<br></div><div class="spacer battle-history"><br></div><div class="battle-history">Reuniclus used <strong>Calm Mind</strong>!<br></div><div class="battle-history"><small>Reuniclus's Special Attack rose!</small><br></div><div class="battle-history"><small>Reuniclus's Special Defense rose!</small><br></div><div class="spacer battle-history"><br></div><h2 class="battle-history">Turn 47</h2><div class="spacer battle-history"><br></div><div class="battle-history"><small>The opposing muddy buddy woke up!</small><br></div><div class="spacer battle-history"><br></div><div class="battle-history">The opposing muddy buddy used <strong>Curse</strong>!<br></div><div class="battle-history"><small>The opposing muddy buddy's Speed fell!</small><br></div><div class="battle-history"><small>The opposing muddy buddy's Attack rose!</small><br></div><div class="battle-history"><small>The opposing muddy buddy's Defense rose!</small><br></div><div class="spacer battle-history"><br></div><div class="battle-history">Reuniclus used <strong>Psyshock</strong>!<br></div><div class="battle-history"><small>(The opposing muddy buddy lost <abbr title="−111/403">27.5%</abbr> of its health!)</small><br></div><div class="spacer battle-history"><br></div><h2 class="battle-history">Turn 48</h2><div class="spacer battle-history"><br></div><div class="battle-history">The opposing muddy buddy used <strong>Earthquake</strong>!<br></div><div class="battle-history"><small>(Reuniclus lost <abbr title="−235/424">55.4%</abbr> of its health!)</small><br></div><div class="spacer battle-history"><br></div><div class="battle-history">Reuniclus used <strong>Focus Blast</strong>!<br></div><div class="battle-history"><small>The opposing muddy buddy avoided the attack!</small><br></div><div class="spacer battle-history"><br></div><div class="battle-history"><small>Reuniclus restored a little HP using its Leftovers!</small><br></div><div class="spacer battle-history"><br></div><h2 class="battle-history">Turn 49</h2><div class="spacer battle-history"><br></div><div class="battle-history">Reuniclus, come back!<br></div><div class="battle-history">Go! <strong>Hydreigon</strong>!<br></div><div class="spacer battle-history"><br></div><div class="battle-history">The opposing muddy buddy used <strong>Earthquake</strong>!<br></div><div class="battle-history"><small>[Hydreigon's Levitate]</small><br><small>It doesn't affect Hydreigon...</small><br></div><div class="spacer battle-history"><br></div><h2 class="battle-history">Turn 50</h2><div class="spacer battle-history"><br></div><div class="battle-history">pokemonisfun withdrew muddy buddy!<br></div><div class="battle-history">pokemonisfun sent out fancy chansey (<strong>Blissey</strong>)!<br></div><div class="spacer battle-history"><br></div><div class="battle-history">Hydreigon used <strong>U-turn</strong>!<br></div><div class="battle-history"><small>(The opposing fancy chansey lost <abbr title="−97/714">13.6%</abbr> of its health!)</small><br></div><div class="spacer battle-history"><br></div><div class="battle-history">Hydreigon went back to udkmeatall ('◡')!<br></div><div class="battle-history">Go! <strong>Mienshao</strong>!<br></div><div class="battle-history"><small>Mienshao was poisoned!</small><br></div><div class="spacer battle-history"><br></div><div class="battle-history"><small>The opposing fancy chansey restored a little HP using its Leftovers!</small><br></div><div class="battle-history"><small>Mienshao was hurt by poison!</small><br></div><div class="spacer battle-history"><br></div><h2 class="battle-history">Turn 51</h2><div class="chat"><small>Feliburn left.</small></div><div class="spacer battle-history"><br></div><div class="battle-history">pokemonisfun withdrew fancy chansey!<br></div><div class="battle-history">pokemonisfun sent out miniloaf (<strong>Tangela</strong>)!<br></div><div class="spacer battle-history"><br></div><div class="battle-history">Mienshao used <strong>U-turn</strong>!<br></div><div class="battle-history"><small>It's super effective!</small><br></div><div class="battle-history"><small>(The opposing miniloaf lost <abbr title="−74/334">22.2%</abbr> of its health!)</small><br></div><div class="spacer battle-history"><br></div><div class="battle-history">Mienshao went back to udkmeatall ('◡')!<br></div><div class="battle-history">Go! <strong>Hydreigon</strong>!<br></div><div class="spacer battle-history"><br></div><h2 class="battle-history">Turn 52</h2><div class="spacer battle-history"><br></div><div class="battle-history">pokemonisfun withdrew miniloaf!<br></div><div class="battle-history">pokemonisfun sent out fancy chansey (<strong>Blissey</strong>)!<br></div><div class="spacer battle-history"><br></div><div class="battle-history">Hydreigon used <strong>Dark Pulse</strong>!<br></div><div class="battle-history"><small>(The opposing fancy chansey lost <abbr title="−159/714">22.3%</abbr> of its health!)</small><br></div><div class="spacer battle-history"><br></div><div class="battle-history"><small>The opposing fancy chansey restored a little HP using its Leftovers!</small><br></div><div class="spacer battle-history"><br></div><h2 class="battle-history">Turn 53</h2><div class="spacer battle-history"><br></div><div class="battle-history">Hydreigon, come back!<br></div><div class="battle-history">Go! <strong>Reuniclus</strong>!<br></div><div class="spacer battle-history"><br></div><div class="battle-history">The opposing fancy chansey used <strong>Wish</strong>!<br></div><div class="spacer battle-history"><br></div><div class="battle-history"><small>The opposing fancy chansey restored a little HP using its Leftovers!</small><br></div><div class="battle-history"><small>Reuniclus restored a little HP using its Leftovers!</small><br></div><div class="spacer battle-history"><br></div><h2 class="battle-history">Turn 54</h2><div class="spacer battle-history"><br></div><div class="battle-history">pokemonisfun withdrew fancy chansey!<br></div><div class="battle-history">pokemonisfun sent out muddy buddy (<strong>Swampert-Mega</strong>)!<br></div><div class="spacer battle-history"><br></div><div class="battle-history">Reuniclus used <strong>Psyshock</strong>!<br></div><div class="battle-history"><small>(The opposing muddy buddy lost <abbr title="−109/403">27.0%</abbr> of its health!)</small><br></div><div class="spacer battle-history"><br></div><div class="battle-history"><small>fancy chansey's wish came true!</small><br></div><div class="battle-history"><small>Reuniclus restored a little HP using its Leftovers!</small><br></div><div class="spacer battle-history"><br></div><h2 class="battle-history">Turn 55</h2><div class="spacer battle-history"><br></div><div class="battle-history">The opposing muddy buddy used <strong>Curse</strong>!<br></div><div class="battle-history"><small>The opposing muddy buddy's Speed fell!</small><br></div><div class="battle-history"><small>The opposing muddy buddy's Attack rose!</small><br></div><div class="battle-history"><small>The opposing muddy buddy's Defense rose!</small><br></div><div class="spacer battle-history"><br></div><div class="battle-history">Reuniclus used <strong>Psyshock</strong>!<br></div><div class="battle-history"><small>(The opposing muddy buddy lost <abbr title="−78/403">19.4%</abbr> of its health!)</small><br></div><div class="spacer battle-history"><br></div><div class="battle-history"><small>Reuniclus restored a little HP using its Leftovers!</small><br></div><div class="spacer battle-history"><br></div><h2 class="battle-history">Turn 56</h2><div class="spacer battle-history"><br></div><div class="battle-history">Reuniclus, come back!<br></div><div class="battle-history">Go! <strong>Hydreigon</strong>!<br></div><div class="spacer battle-history"><br></div><div class="battle-history">The opposing muddy buddy used <strong>Scald</strong>!<br></div><div class="battle-history"><small>It's not very effective...</small><br></div><div class="battle-history"><small>(Hydreigon lost <abbr title="−49/325">15.1%</abbr> of its health!)</small><br></div><div class="battle-history"><small>Hydreigon was burned!</small><br></div><div class="spacer battle-history"><br></div><div class="battle-history"><small>Hydreigon was hurt by its burn!</small><br></div><div class="spacer battle-history"><br></div><h2 class="battle-history">Turn 57</h2><div class="spacer battle-history"><br></div><div class="battle-history">pokemonisfun withdrew muddy buddy!<br></div><div class="battle-history">pokemonisfun sent out fancy chansey (<strong>Blissey</strong>)!<br></div><div class="spacer battle-history"><br></div><div class="battle-history">Hydreigon used <strong>U-turn</strong>!<br></div><div class="battle-history"><small>(The opposing fancy chansey lost <abbr title="−44/714">6.2%</abbr> of its health!)</small><br></div><div class="spacer battle-history"><br></div><div class="battle-history">Hydreigon went back to udkmeatall ('◡')!<br></div><div class="battle-history">Go! <strong>Mienshao</strong>!<br></div><div class="spacer battle-history"><br></div><div class="battle-history"><small>The opposing fancy chansey restored a little HP using its Leftovers!</small><br></div><div class="battle-history"><small>Mienshao was hurt by poison!</small><br></div><div class="spacer battle-history"><br></div><h2 class="battle-history">Turn 58</h2><div class="spacer battle-history"><br></div><div class="battle-history">pokemonisfun withdrew fancy chansey!<br></div><div class="battle-history">pokemonisfun sent out woofy woof (<strong>Arcanine</strong>)!<br></div><div class="battle-history"><small>[The opposing woofy woof's Intimidate]</small><br></div><div class="battle-history"><small>Mienshao's Attack fell!</small><br></div><div class="spacer battle-history"><br></div><div class="battle-history">Mienshao used <strong>High Jump Kick</strong>!<br></div><div class="battle-history"><small>(The opposing woofy woof lost <abbr title="−124/383">32.4%</abbr> of its health!)</small><br></div><div class="spacer battle-history"><br></div><div class="battle-history"><small>Mienshao was hurt by poison!</small><br></div><div class="spacer battle-history"><br></div><h2 class="battle-history">Turn 59</h2><div class="spacer battle-history"><br></div><div class="battle-history">Mienshao, come back!<br></div><div class="battle-history">Go! <strong>Reuniclus</strong>!<br></div><div class="spacer battle-history"><br></div><div class="battle-history">The opposing woofy woof used <strong>Flare Blitz</strong>!<br></div><div class="battle-history"><small>(Reuniclus lost <abbr title="−139/424">32.8%</abbr> of its health!)</small><br></div><div class="battle-history"><small>The opposing woofy woof is damaged by the recoil!</small><br></div><div class="spacer battle-history"><br></div><div class="battle-history"><small>Reuniclus restored a little HP using its Leftovers!</small><br></div><div class="spacer battle-history"><br></div><h2 class="battle-history">Turn 60</h2><div class="spacer battle-history"><br></div><div class="battle-history">The opposing woofy woof used <strong>Morning Sun</strong>!<br></div><div class="battle-history"><small>The opposing woofy woof restored its HP.</small><br></div><div class="spacer battle-history"><br></div><div class="battle-history">Reuniclus used <strong>Recover</strong>!<br></div><div class="battle-history"><small>Reuniclus restored its HP.</small><br></div><div class="spacer battle-history"><br></div><div class="battle-history"><small>Reuniclus restored a little HP using its Leftovers!</small><br></div><div class="spacer battle-history"><br></div><h2 class="battle-history">Turn 61</h2><div class="chat"><small>Like a Wind joined.</small></div><div class="spacer battle-history"><br></div><div class="battle-history">pokemonisfun withdrew woofy woof!<br></div><div class="battle-history">pokemonisfun sent out muddy buddy (<strong>Swampert-Mega</strong>)!<br></div><div class="spacer battle-history"><br></div><div class="battle-history">Reuniclus used <strong>Calm Mind</strong>!<br></div><div class="battle-history"><small>Reuniclus's Special Attack rose!</small><br></div><div class="battle-history"><small>Reuniclus's Special Defense rose!</small><br></div><div class="spacer battle-history"><br></div><div class="battle-history"><small>Reuniclus restored a little HP using its Leftovers!</small><br></div><div class="spacer battle-history"><br></div><h2 class="battle-history">Turn 62</h2><div class="spacer battle-history"><br></div><div class="battle-history">The opposing muddy buddy used <strong>Curse</strong>!<br></div><div class="battle-history"><small>The opposing muddy buddy's Speed fell!</small><br></div><div class="battle-history"><small>The opposing muddy buddy's Attack rose!</small><br></div><div class="battle-history"><small>The opposing muddy buddy's Defense rose!</small><br></div><div class="spacer battle-history"><br></div><div class="battle-history">Reuniclus used <strong>Psyshock</strong>!<br></div><div class="battle-history"><small>(The opposing muddy buddy lost <abbr title="−102/403">25.3%</abbr> of its health!)</small><br></div><div class="spacer battle-history"><br></div><h2 class="battle-history">Turn 63</h2><div class="spacer battle-history"><br></div><div class="battle-history">Reuniclus, come back!<br></div><div class="battle-history">Go! <strong>Hydreigon</strong>!<br></div><div class="spacer battle-history"><br></div><div class="battle-history">The opposing muddy buddy used <strong>Earthquake</strong>!<br></div><div class="battle-history"><small>[Hydreigon's Levitate]</small><br><small>It doesn't affect Hydreigon...</small><br></div><div class="spacer battle-history"><br></div><div class="battle-history"><small>Hydreigon was hurt by its burn!</small><br></div><div class="spacer battle-history"><br></div><h2 class="battle-history">Turn 64</h2><div class="spacer battle-history"><br></div><div class="battle-history">pokemonisfun withdrew muddy buddy!<br></div><div class="battle-history">pokemonisfun sent out fancy chansey (<strong>Blissey</strong>)!<br></div><div class="spacer battle-history"><br></div><div class="battle-history">Hydreigon used <strong>U-turn</strong>!<br></div><div class="battle-history"><small>(The opposing fancy chansey lost <abbr title="−49/714">6.9%</abbr> of its health!)</small><br></div><div class="spacer battle-history"><br></div><div class="battle-history">Hydreigon went back to udkmeatall ('◡')!<br></div><div class="battle-history">Go! <strong>Reuniclus</strong>!<br></div><div class="spacer battle-history"><br></div><div class="battle-history"><small>The opposing fancy chansey restored a little HP using its Leftovers!</small><br></div><div class="spacer battle-history"><br></div><h2 class="battle-history">Turn 65</h2><div class="spacer battle-history"><br></div><div class="battle-history">The opposing fancy chansey used <strong>Wish</strong>!<br></div><div class="spacer battle-history"><br></div><div class="battle-history">Reuniclus used <strong>Calm Mind</strong>!<br></div><div class="battle-history"><small>Reuniclus's Special Attack rose!</small><br></div><div class="battle-history"><small>Reuniclus's Special Defense rose!</small><br></div><div class="spacer battle-history"><br></div><div class="battle-history"><small>The opposing fancy chansey restored a little HP using its Leftovers!</small><br></div><div class="spacer battle-history"><br></div><h2 class="battle-history">Turn 66</h2><div class="spacer battle-history"><br></div><div class="battle-history">pokemonisfun withdrew fancy chansey!<br></div><div class="battle-history">pokemonisfun sent out muddy buddy (<strong>Swampert-Mega</strong>)!<br></div><div class="spacer battle-history"><br></div><div class="battle-history">Reuniclus used <strong>Psyshock</strong>!<br></div><div class="battle-history"><small>(The opposing muddy buddy lost <abbr title="−154/403">38.2%</abbr> of its health!)</small><br></div><div class="spacer battle-history"><br></div><div class="battle-history"><small>fancy chansey's wish came true!</small><br></div><div class="spacer battle-history"><br></div><h2 class="battle-history">Turn 67</h2><div class="spacer battle-history"><br></div><div class="battle-history">The opposing muddy buddy used <strong>Curse</strong>!<br></div><div class="battle-history"><small>The opposing muddy buddy's Speed fell!</small><br></div><div class="battle-history"><small>The opposing muddy buddy's Attack rose!</small><br></div><div class="battle-history"><small>The opposing muddy buddy's Defense rose!</small><br></div><div class="spacer battle-history"><br></div><div class="battle-history">Reuniclus used <strong>Psyshock</strong>!<br></div><div class="battle-history"><small>(The opposing muddy buddy lost <abbr title="−105/403">26.1%</abbr> of its health!)</small><br></div><div class="spacer battle-history"><br></div><h2 class="battle-history">Turn 68</h2><div class="spacer battle-history"><br></div><div class="battle-history">The opposing muddy buddy used <strong>Scald</strong>!<br></div><div class="battle-history"><small>(Reuniclus lost <abbr title="−70/424">16.5%</abbr> of its health!)</small><br></div><div class="spacer battle-history"><br></div><div class="battle-history">Reuniclus used <strong>Psyshock</strong>!<br></div><div class="battle-history"><small>(The opposing muddy buddy lost <abbr title="−97/403">24.1%</abbr> of its health!)</small><br></div><div class="spacer battle-history"><br></div><div class="battle-history"><small>Reuniclus restored a little HP using its Leftovers!</small><br></div><div class="spacer battle-history"><br></div><h2 class="battle-history">Turn 69</h2><div class="spacer battle-history"><br></div><div class="battle-history">Reuniclus, come back!<br></div><div class="battle-history">Go! <strong>Hydreigon</strong>!<br></div><div class="spacer battle-history"><br></div><div class="battle-history">The opposing muddy buddy used <strong>Earthquake</strong>!<br></div><div class="battle-history"><small>[Hydreigon's Levitate]</small><br><small>It doesn't affect Hydreigon...</small><br></div><div class="spacer battle-history"><br></div><div class="battle-history"><small>Hydreigon was hurt by its burn!</small><br></div><div class="spacer battle-history"><br></div><h2 class="battle-history">Turn 70</h2><div class="spacer battle-history"><br></div><div class="battle-history">pokemonisfun withdrew muddy buddy!<br></div><div class="battle-history">pokemonisfun sent out fancy chansey (<strong>Blissey</strong>)!<br></div><div class="spacer battle-history"><br></div><div class="battle-history">Hydreigon used <strong>Dark Pulse</strong>!<br></div><div class="battle-history"><small>(The opposing fancy chansey lost <abbr title="−171/714">23.9%</abbr> of its health!)</small><br></div><div class="spacer battle-history"><br></div><div class="battle-history"><small>The opposing fancy chansey restored a little HP using its Leftovers!</small><br></div><div class="battle-history"><small>Hydreigon was hurt by its burn!</small><br></div><div class="spacer battle-history"><br></div><h2 class="battle-history">Turn 71</h2><div class="spacer battle-history"><br></div><div class="battle-history">Hydreigon, come back!<br></div><div class="battle-history">Go! <strong>Reuniclus</strong>!<br></div><div class="spacer battle-history"><br></div><div class="battle-history">The opposing fancy chansey used <strong>Wish</strong>!<br></div><div class="spacer battle-history"><br></div><div class="battle-history"><small>The opposing fancy chansey restored a little HP using its Leftovers!</small><br></div><div class="battle-history"><small>Reuniclus restored a little HP using its Leftovers!</small><br></div><div class="spacer battle-history"><br></div><h2 class="battle-history">Turn 72</h2><div class="spacer battle-history"><br></div><div class="battle-history">pokemonisfun withdrew fancy chansey!<br></div><div class="battle-history">pokemonisfun sent out muddy buddy (<strong>Swampert-Mega</strong>)!<br></div><div class="spacer battle-history"><br></div><div class="battle-history">Reuniclus, come back!<br></div><div class="battle-history">Go! <strong>Hydreigon</strong>!<br></div><div class="spacer battle-history"><br></div><div class="battle-history"><small>fancy chansey's wish came true!</small><br></div><div class="battle-history"><small>Hydreigon was hurt by its burn!</small><br></div><div class="spacer battle-history"><br></div><h2 class="battle-history">Turn 73</h2><div class="spacer battle-history"><br></div><div class="battle-history">pokemonisfun withdrew muddy buddy!<br></div><div class="battle-history">pokemonisfun sent out fancy chansey (<strong>Blissey</strong>)!<br></div><div class="spacer battle-history"><br></div><div class="battle-history">Hydreigon used <strong>U-turn</strong>!<br></div><div class="battle-history"><small>(The opposing fancy chansey lost <abbr title="−47/714">6.6%</abbr> of its health!)</small><br></div><div class="spacer battle-history"><br></div><div class="battle-history">Hydreigon went back to udkmeatall ('◡')!<br></div><div class="battle-history">Go! <strong>Mienshao</strong>!<br></div><div class="spacer battle-history"><br></div><div class="battle-history"><small>The opposing fancy chansey restored a little HP using its Leftovers!</small><br></div><div class="battle-history"><small>Mienshao was hurt by poison!</small><br></div><div class="spacer battle-history"><br></div><h2 class="battle-history">Turn 74</h2><div class="spacer battle-history"><br></div><div class="battle-history">pokemonisfun withdrew fancy chansey!<br></div><div class="battle-history">pokemonisfun sent out woofy woof (<strong>Arcanine</strong>)!<br></div><div class="battle-history"><small>[The opposing woofy woof's Intimidate]</small><br></div><div class="battle-history"><small>Mienshao's Attack fell!</small><br></div><div class="spacer battle-history"><br></div><div class="battle-history">Mienshao used <strong>U-turn</strong>!<br></div><div class="battle-history"><small>It's not very effective...</small><br></div><div class="battle-history"><small>(The opposing woofy woof lost <abbr title="−23/383">6.0%</abbr> of its health!)</small><br></div><div class="spacer battle-history"><br></div><div class="battle-history">Mienshao went back to udkmeatall ('◡')!<br></div><div class="battle-history">Go! <strong>Aerodactyl</strong>!<br></div><div class="battle-history"><small>[Aerodactyl's Pressure]</small><br><small>Aerodactyl is exerting its pressure!</small><br></div><div class="spacer battle-history"><br></div><h2 class="battle-history">Turn 75</h2><div class="spacer battle-history"><br></div><div class="battle-history"><small>Aerodactyl's Aerodactylite is reacting to udkmeatall ('◡')'s Mega Bracelet!</small><br>Aerodactyl has Mega Evolved into Mega Aerodactyl!<br></div><div class="spacer battle-history"><br></div><div class="battle-history">Aerodactyl used <strong>Hone Claws</strong>!<br></div><div class="battle-history"><small>Aerodactyl's Attack rose!</small><br></div><div class="battle-history"><small>Aerodactyl's accuracy rose!</small><br></div><div class="spacer battle-history"><br></div><div class="battle-history">The opposing woofy woof used <strong>Will-O-Wisp</strong>!<br></div><div class="battle-history"><small>Aerodactyl was burned!</small><br></div><div class="spacer battle-history"><br></div><div class="battle-history"><small>Aerodactyl was hurt by its burn!</small><br></div><div class="spacer battle-history"><br></div><h2 class="battle-history">Turn 76</h2><div class="spacer battle-history"><br></div><div class="battle-history"><small>udkmeatall ('◡') forfeited.</small><br></div><div class="spacer battle-history"><br></div><div class="battle-history"><strong>pokemonisfun</strong> won the battle!<br></div><div class="chat"><small>udkmeatall ('◡') left.</small></div><div class="chat chatmessage-pokemonisfun"><span class="message-log">lixx was promoted to Room Voice by pokemonisfun.</span></div><div class="chat"><small>Like a Wind left.</small></div><div class="chat chatmessage-pokemonisfun"><strong style="color:hsl(182,41%,40.333333333333336%)"><small>☆</small><span class="username" data-name="pokemonisfun">pokemonisfun</span>:</strong> <em>ok</em></div><div class="chat chatmessage-pokemonisfun"><strong style="color:hsl(182,41%,40.333333333333336%)"><small>☆</small><span class="username" data-name="pokemonisfun">pokemonisfun</span>:</strong> <em>hi lixx</em></div><div class="chat"><small>cry to music left.</small></div><div class="chat"><small>pokemonisfun left.</small></div><div class="chat"><small>Rabia is Trash left.</small></div><div class="chat"><small>SonSatan666 left.</small></div><div class="chat"><small>Roginald left.</small></div><div class="chat chatmessage-lixx"><strong style="color:hsl(74,62%,38.14331632008178%)"><small>+</small><span class="username" data-name="lixx">lixx</span>:</strong> <em>ah</em></div><div class="chat chatmessage-lixx"><strong style="color:hsl(74,62%,38.14331632008178%)"><small>+</small><span class="username" data-name="lixx">lixx</span>:</strong> <em>nice.</em></div><div class="chat chatmessage-lixx"><strong style="color:hsl(74,62%,38.14331632008178%)"><small>+</small><span class="username" data-name="lixx">lixx</span>:</strong> <em>grats pif :0</em></div><div class="chat"><small>lixx left.</small></div><div class="chat"><small>Nathan401 left.</small></div><div class="chat"><small>udkmeatall ('◡') joined.</small></div></div><div class="inner-preempt"></div></div></div>
</div>
<script>
let daily = Math.floor(Date.now()/1000/60/60/24);document.write('<script src="https://play.pokemonshowdown.com/js/replay-embed.js?version'+daily+'"></'+'script>');
</script>
