<!DOCTYPE html>
<meta charset="utf-8" />
<!-- version 1 -->
<title>UU replay: JeffTheKiller101 vs. havwulfkikboot</title>
<style>
html,body {font-family:Verdana, sans-serif;font-size:10pt;margin:0;padding:0;}body{padding:12px 0;} .battle-log {font-family:Verdana, sans-serif;font-size:10pt;} .battle-log-inline {border:1px solid #AAAAAA;background:#EEF2F5;color:black;max-width:640px;margin:0 auto 80px;padding-bottom:5px;} .battle-log .inner {padding:4px 8px 0px 8px;} .battle-log .inner-preempt {padding:0 8px 4px 8px;} .battle-log .inner-after {margin-top:0.5em;} .battle-log h2 {margin:0.5em -8px;padding:4px 8px;border:1px solid #AAAAAA;background:#E0E7EA;border-left:0;border-right:0;font-family:Verdana, sans-serif;font-size:13pt;} .battle-log .chat {vertical-align:middle;padding:3px 0 3px 0;font-size:8pt;} .battle-log .chat strong {color:#40576A;} .battle-log .chat em {padding:1px 4px 1px 3px;color:#000000;font-style:normal;} .chat.mine {background:rgba(0,0,0,0.05);margin-left:-8px;margin-right:-8px;padding-left:8px;padding-right:8px;} .spoiler {color:#BBBBBB;background:#BBBBBB;padding:0px 3px;} .spoiler:hover, .spoiler:active, .spoiler-shown {color:#000000;background:#E2E2E2;padding:0px 3px;} .spoiler a {color:#BBBBBB;} .spoiler:hover a, .spoiler:active a, .spoiler-shown a {color:#2288CC;} .chat code, .chat .spoiler:hover code, .chat .spoiler:active code, .chat .spoiler-shown code {border:1px solid #C0C0C0;background:#EEEEEE;color:black;padding:0 2px;} .chat .spoiler code {border:1px solid #CCCCCC;background:#CCCCCC;color:#CCCCCC;} .battle-log .rated {padding:3px 4px;} .battle-log .rated strong {color:white;background:#89A;padding:1px 4px;border-radius:4px;} .spacer {margin-top:0.5em;} .message-announce {background:#6688AA;color:white;padding:1px 4px 2px;} .message-announce a, .broadcast-green a, .broadcast-blue a, .broadcast-red a {color:#DDEEFF;} .broadcast-green {background-color:#559955;color:white;padding:2px 4px;} .broadcast-blue {background-color:#6688AA;color:white;padding:2px 4px;} .infobox {border:1px solid #6688AA;padding:2px 4px;} .infobox-limited {max-height:200px;overflow:auto;overflow-x:hidden;} .broadcast-red {background-color:#AA5544;color:white;padding:2px 4px;} .message-learn-canlearn {font-weight:bold;color:#228822;text-decoration:underline;} .message-learn-cannotlearn {font-weight:bold;color:#CC2222;text-decoration:underline;} .message-effect-weak {font-weight:bold;color:#CC2222;} .message-effect-resist {font-weight:bold;color:#6688AA;} .message-effect-immune {font-weight:bold;color:#666666;} .message-learn-list {margin-top:0;margin-bottom:0;} .message-throttle-notice, .message-error {color:#992222;} .message-overflow, .chat small.message-overflow {font-size:0pt;} .message-overflow::before {font-size:9pt;content:'...';} .subtle {color:#3A4A66;}
</style>
<div class="wrapper replay-wrapper" style="max-width:1180px;margin:0 auto">
<input type="hidden" name="replayid" value="uu-546477159" />
<div class="battle"></div><div class="battle-log"></div><div class="replay-controls"></div><div class="replay-controls-2"></div>
<h1 style="font-weight:normal;text-align:center"><strong>UU</strong><br /><a href="http://pokemonshowdown.com/users/jeffthekiller101" class="subtle" target="_blank">JeffTheKiller101</a> vs. <a href="http://pokemonshowdown.com/users/havwulfkikboot" class="subtle" target="_blank">havwulfkikboot</a></h1>
<script type="text/plain" class="battle-log-data">|j|JeffTheKiller101
|j|havwulfkikboot
|player|p1|JeffTheKiller101|176
|player|p2|havwulfkikboot|153
|gametype|singles
|gen|6
|tier|UU
|rated
|seed|13274,4518,47874,11139
|rule|Sleep Clause Mod: Limit one foe put to sleep
|rule|Species Clause: Limit one of each Pokémon
|rule|OHKO Clause: OHKO moves are banned
|rule|Moody Clause: Moody is banned
|rule|Evasion Moves Clause: Evasion moves are banned
|rule|Endless Battle Clause: Forcing endless battles is banned
|rule|HP Percentage Mod: HP is shown in percentages
|clearpoke
|poke|p1|Mienshao, F, shiny|item
|poke|p1|Yanmega, M, shiny|item
|poke|p1|Blissey, F, shiny|item
|poke|p1|Absol, F, shiny|item
|poke|p1|Sharpedo, M, shiny|item
|poke|p1|Slurpuff, F, shiny|item
|poke|p2|Feraligatr, M, shiny|item
|poke|p2|Entei, shiny|item
|poke|p2|Chesnaught, M|item
|poke|p2|Shaymin|item
|poke|p2|Blastoise, M|item
|poke|p2|Florges, F|item
|rule|Swagger Clause: Swagger is banned
|rule|Baton Pass Clause: Limit one Baton Passer, can't pass Spe and other stats simultaneously
|teampreview
|c|☆JeffTheKiller101|gl
|c|☆havwulfkikboot|you too
|choice|team 4, team 2, team 3, team 1, team 5, team 6|team 4, team 2, team 3, team 1, team 5, team 6
|
|start
|switch|p1a: Doge|Absol, F, shiny|272\/272
|switch|p2a: Shaymin|Shaymin|341\/341
|turn|1
|choice|move knockoff mega|switch 6
|
|switch|p2a: Florges|Florges, F|360\/360
|detailschange|p1a: Doge|Absol-Mega, F, shiny
|-mega|p1a: Doge|Absol|Absolite
|move|p1a: Doge|Knock Off|p2a: Florges
|-resisted|p2a: Florges
|-damage|p2a: Florges|278\/360
|-enditem|p2a: Florges|Leftovers|[from] move: Knock Off|[of] p1a: Doge
|
|upkeep
|turn|2
|choice|move stoneedge|move calmmind
|
|move|p1a: Doge|Stone Edge|p2a: Florges
|-damage|p2a: Florges|147\/360
|move|p2a: Florges|Calm Mind|p2a: Florges
|-boost|p2a: Florges|spa|1
|-boost|p2a: Florges|spd|1
|
|upkeep
|turn|3
|choice|move stoneedge|move synthesis
|
|move|p1a: Doge|Stone Edge|p2a: Florges
|-damage|p2a: Florges|32\/360
|move|p2a: Florges|Synthesis|p2a: Florges
|-heal|p2a: Florges|212\/360
|
|upkeep
|turn|4
|choice|switch 3|move moonblast
|
|switch|p1a: Sunny Side Up|Blissey, F, shiny|652\/652
|move|p2a: Florges|Moonblast|p1a: Sunny Side Up
|-damage|p1a: Sunny Side Up|538\/652
|-unboost|p1a: Sunny Side Up|spa|1
|
|-heal|p1a: Sunny Side Up|578\/652|[from] item: Leftovers
|upkeep
|turn|5
|choice|move toxic|switch 3
|
|switch|p2a: Chesnaught|Chesnaught, M|380\/380
|move|p1a: Sunny Side Up|Toxic|p2a: Chesnaught
|-status|p2a: Chesnaught|tox
|
|-heal|p1a: Sunny Side Up|618\/652|[from] item: Leftovers
|-damage|p2a: Chesnaught|357\/380 tox|[from] psn
|upkeep
|turn|6
|choice|move softboiled|move spikes
|
|move|p2a: Chesnaught|Spikes|p1a: Sunny Side Up
|-sidestart|p1: JeffTheKiller101|Spikes
|move|p1a: Sunny Side Up|Soft-Boiled|p1a: Sunny Side Up
|-heal|p1a: Sunny Side Up|652\/652
|
|-damage|p2a: Chesnaught|311\/380 tox|[from] psn
|upkeep
|turn|7
|choice|switch 3|move spikes
|
|switch|p1a: Doge|Absol-Mega, F, shiny|272\/272
|-damage|p1a: Doge|238\/272|[from] Spikes
|move|p2a: Chesnaught|Spikes|p1a: Doge
|move|p1a: Doge|Spikes|p2a: Chesnaught|[from]Magic Bounce
|-sidestart|p2: havwulfkikboot|Spikes
|
|-damage|p2a: Chesnaught|242\/380 tox|[from] psn
|upkeep
|turn|8
|choice|move playrough|move leechseed
|
|move|p1a: Doge|Play Rough|p2a: Chesnaught|[miss]
|-miss|p1a: Doge|p2a: Chesnaught
|move|p2a: Chesnaught|Leech Seed|p1a: Doge
|move|p1a: Doge|Leech Seed|p2a: Chesnaught|[from]Magic Bounce
|-immune|p2a: Chesnaught|[msg]
|
|-damage|p2a: Chesnaught|150\/380 tox|[from] psn
|upkeep
|turn|9
|choice|move playrough|move spikyshield
|
|move|p2a: Chesnaught|Spiky Shield|p2a: Chesnaught
|-singleturn|p2a: Chesnaught|move: Protect
|move|p1a: Doge|Play Rough|p2a: Chesnaught
|-activate|p2a: Chesnaught|move: Protect
|-damage|p1a: Doge|204\/272|[from] Spiky Shield|[of] p2a: Chesnaught
|
|-damage|p2a: Chesnaught|35\/380 tox|[from] psn
|upkeep
|turn|10
|choice|move knockoff|move drainpunch
|
|move|p1a: Doge|Knock Off|p2a: Chesnaught
|-resisted|p2a: Chesnaught
|-damage|p2a: Chesnaught|0 fnt
|-damage|p1a: Doge|159\/272|[from] item: Rocky Helmet|[of] p2a: Chesnaught
|-enditem|p2a: Chesnaught|Rocky Helmet|[from] move: Knock Off|[of] p1a: Doge
|faint|p2a: Chesnaught
|
|upkeep
|choice||switch 5
|
|switch|p2a: Blastoise|Blastoise, M|345\/345
|-damage|p2a: Blastoise|302\/345|[from] Spikes
|turn|11
|choice|switch 3|move rapidspin mega
|
|switch|p1a: Sunny Side Up|Blissey, F, shiny|652\/652
|-damage|p1a: Sunny Side Up|571\/652|[from] Spikes
|detailschange|p2a: Blastoise|Blastoise-Mega, M
|-mega|p2a: Blastoise|Blastoise|Blastoisinite
|move|p2a: Blastoise|Rapid Spin|p1a: Sunny Side Up
|-damage|p1a: Sunny Side Up|548\/652
|-sideend|p2: havwulfkikboot|Spikes|[from] move: Rapid Spin|[of] p2a: Blastoise
|
|-heal|p1a: Sunny Side Up|588\/652|[from] item: Leftovers
|upkeep
|turn|12
|choice|move toxic|switch 4
|
|switch|p2a: Feraligatr|Feraligatr, M, shiny|311\/311
|move|p1a: Sunny Side Up|Toxic|p2a: Feraligatr
|-status|p2a: Feraligatr|tox
|
|-heal|p1a: Sunny Side Up|628\/652|[from] item: Leftovers
|-damage|p2a: Feraligatr|292\/311 tox|[from] psn
|upkeep
|turn|13
|choice|move seismictoss|move swordsdance
|
|move|p2a: Feraligatr|Swords Dance|p2a: Feraligatr
|-boost|p2a: Feraligatr|atk|2
|move|p1a: Sunny Side Up|Seismic Toss|p2a: Feraligatr
|-damage|p2a: Feraligatr|192\/311 tox
|
|-heal|p1a: Sunny Side Up|652\/652|[from] item: Leftovers
|-damage|p2a: Feraligatr|154\/311 tox|[from] psn
|upkeep
|turn|14
|choice|switch 3|move waterfall
|
|switch|p1a: Doge|Absol-Mega, F, shiny|159\/272
|-damage|p1a: Doge|125\/272|[from] Spikes
|move|p2a: Feraligatr|Waterfall|p1a: Doge
|-damage|p1a: Doge|0 fnt
|faint|p1a: Doge
|
|-damage|p2a: Feraligatr|97\/311 tox|[from] psn
|upkeep
|choice|switch 2|
|
|switch|p1a: F16|Yanmega, M, shiny|314\/314
|turn|15
|choice|move protect|move icepunch
|
|move|p1a: F16|Protect|p1a: F16
|-singleturn|p1a: F16|Protect
|move|p2a: Feraligatr|Ice Punch|p1a: F16
|-activate|p1a: F16|move: Protect
|
|-damage|p2a: Feraligatr|21\/311 tox|[from] psn
|-ability|p1a: F16|Speed Boost|boost
|-boost|p1a: F16|spe|1
|upkeep
|turn|16
|choice|move bugbuzz|move icepunch
|
|move|p1a: F16|Bug Buzz|p2a: Feraligatr
|-damage|p2a: Feraligatr|0 fnt
|-damage|p1a: F16|283\/314|[from] item: Life Orb
|faint|p2a: Feraligatr
|
|-ability|p1a: F16|Speed Boost|boost
|-boost|p1a: F16|spe|1
|upkeep
|choice||switch 2
|
|switch|p2a: Entei|Entei, shiny|434\/434
|-ability|p2a: Entei|Pressure
|turn|17
|choice|move airslash|move sacredfire
|
|move|p1a: F16|Air Slash|p2a: Entei
|-damage|p2a: Entei|207\/434
|-damage|p1a: F16|252\/314|[from] item: Life Orb
|move|p2a: Entei|Sacred Fire|p1a: F16
|-supereffective|p1a: F16
|-damage|p1a: F16|0 fnt
|faint|p1a: F16
|
|upkeep
|choice|switch 5|
|
|switch|p1a: Jaws|Sharpedo, M, shiny|282\/282
|-damage|p1a: Jaws|247\/282|[from] Spikes
|turn|18
|choice|move protect|switch 6
|
|switch|p2a: Shaymin|Shaymin|341\/341
|move|p1a: Jaws|Protect|p1a: Jaws
|-fail|p1a: Jaws
|
|-ability|p1a: Jaws|Speed Boost|boost
|-boost|p1a: Jaws|spe|1
|upkeep
|turn|19
|choice|move poisonjab|move substitute
|
|move|p1a: Jaws|Poison Jab|p2a: Shaymin
|-supereffective|p2a: Shaymin
|-damage|p2a: Shaymin|81\/341
|-status|p2a: Shaymin|psn
|-damage|p1a: Jaws|219\/282|[from] item: Life Orb
|move|p2a: Shaymin|Substitute|p2a: Shaymin
|-fail|p2a: Shaymin|move: Substitute|[weak]
|
|-heal|p2a: Shaymin|102\/341 psn|[from] item: Leftovers
|-damage|p2a: Shaymin|60\/341 psn|[from] psn
|-ability|p1a: Jaws|Speed Boost|boost
|-boost|p1a: Jaws|spe|1
|upkeep
|turn|20
|-message|havwulfkikboot forfeited.
|
|win|JeffTheKiller101
|player|p1
|player|p2
|l|havwulfkikboot
|raw|JeffTheKiller101's rating: 1064 &rarr; <strong>1089<\/strong><br \/>(+25 for winning)
|raw|havwulfkikboot's rating: 1000 &rarr; <strong>1000<\/strong><br \/>(+0 for losing)</script>
</div>
<div class="battle-log battle-log-inline"><div class="inner"><div class="battle-options"></div><div class="inner"><div class="chat"><small>JeffTheKiller101 joined.</small></div><div class="chat"><small>havwulfkikboot joined.</small></div><div class=""><small>Format:</small> <br><strong>UU</strong></div><div class="rated"><strong>Rated battle</strong></div><div class=""><small><em>Sleep Clause Mod:</em> Limit one foe put to sleep</small></div><div class=""><small><em>Species Clause:</em> Limit one of each Pokémon</small></div><div class=""><small><em>OHKO Clause:</em> OHKO moves are banned</small></div><div class=""><small><em>Moody Clause:</em> Moody is banned</small></div><div class=""><small><em>Evasion Moves Clause:</em> Evasion moves are banned</small></div><div class=""><small><em>Endless Battle Clause:</em> Forcing endless battles is banned</small></div><div class=""><small><em>HP Percentage Mod:</em> HP is shown in percentages</small></div><div class=""><small><em>Swagger Clause:</em> Swagger is banned</small></div><div class=""><small><em>Baton Pass Clause:</em> Limit one Baton Passer, can't pass Spe and other stats simultaneously</small></div><div class="chat battle-history"><strong>JeffTheKiller101's team:</strong> <em style="color:#445566;display:block;">Mienshao / Yanmega / Blissey / Absol / Sharpedo / Slurpuff</em></div><div class="chat battle-history"><strong>havwulfkikboot's team:</strong> <em style="color:#445566;display:block;">Feraligatr / Entei / Chesnaught / Shaymin / Blastoise / Florges</em></div><div class="chat chatmessage-jeffthekiller101"><strong style="color:hsl(337,66%,44%)"><small>☆</small><span class="username" data-name="JeffTheKiller101">JeffTheKiller101</span>:</strong> <em>gl</em></div><div class="chat chatmessage-havwulfkikboot"><strong style="color:hsl(238,72%,64.49575296501114%)"><small>☆</small><span class="username" data-name="havwulfkikboot">havwulfkikboot</span>:</strong> <em>you too</em></div><div class="spacer battle-history"><br></div><div class="battle-history">Battle started between JeffTheKiller101 and havwulfkikboot!<br></div><div class="spacer battle-history"><br></div><div class="battle-history">Go! Doge (<strong>Absol</strong>)!<br></div><div class="spacer battle-history"><br></div><div class="battle-history">havwulfkikboot sent out <strong>Shaymin</strong>!<br></div><div class="spacer battle-history"><br></div><h2 class="battle-history">Turn 1</h2><div class="spacer battle-history"><br></div><div class="battle-history">havwulfkikboot withdrew Shaymin!<br></div><div class="battle-history">havwulfkikboot sent out <strong>Florges</strong>!<br></div><div class="spacer battle-history"><br></div><div class="battle-history"><small>Doge's Absolite is reacting to JeffTheKiller101's Mega Bracelet!</small><br>Doge has Mega Evolved into Mega Absol!<br></div><div class="spacer battle-history"><br></div><div class="battle-history">Doge used <strong>Knock Off</strong>!<br></div><div class="battle-history"><small>It's not very effective...</small><br></div><div class="battle-history"><small>(The opposing Florges lost <abbr title="−82/360">22.8%</abbr> of its health!)</small><br></div><div class="battle-history"><small>Doge knocked off the opposing Florges's Leftovers!</small><br></div><div class="spacer battle-history"><br></div><h2 class="battle-history">Turn 2</h2><div class="spacer battle-history"><br></div><div class="battle-history">Doge used <strong>Stone Edge</strong>!<br></div><div class="battle-history"><small>(The opposing Florges lost <abbr title="−131/360">36.4%</abbr> of its health!)</small><br></div><div class="spacer battle-history"><br></div><div class="battle-history">The opposing Florges used <strong>Calm Mind</strong>!<br></div><div class="battle-history"><small>The opposing Florges's Special Attack rose!</small><br></div><div class="battle-history"><small>The opposing Florges's Special Defense rose!</small><br></div><div class="spacer battle-history"><br></div><h2 class="battle-history">Turn 3</h2><div class="spacer battle-history"><br></div><div class="battle-history">Doge used <strong>Stone Edge</strong>!<br></div><div class="battle-history"><small>(The opposing Florges lost <abbr title="−115/360">31.9%</abbr> of its health!)</small><br></div><div class="spacer battle-history"><br></div><div class="battle-history">The opposing Florges used <strong>Synthesis</strong>!<br></div><div class="battle-history"><small>The opposing Florges restored its HP.</small><br></div><div class="spacer battle-history"><br></div><h2 class="battle-history">Turn 4</h2><div class="spacer battle-history"><br></div><div class="battle-history">Doge, come back!<br></div><div class="battle-history">Go! Sunny Side Up (<strong>Blissey</strong>)!<br></div><div class="spacer battle-history"><br></div><div class="battle-history">The opposing Florges used <strong>Moonblast</strong>!<br></div><div class="battle-history"><small>(Sunny Side Up lost <abbr title="−114/652">17.5%</abbr> of its health!)</small><br></div><div class="battle-history"><small>Sunny Side Up's Special Attack fell!</small><br></div><div class="spacer battle-history"><br></div><div class="battle-history"><small>Sunny Side Up restored a little HP using its Leftovers!</small><br></div><div class="spacer battle-history"><br></div><h2 class="battle-history">Turn 5</h2><div class="spacer battle-history"><br></div><div class="battle-history">havwulfkikboot withdrew Florges!<br></div><div class="battle-history">havwulfkikboot sent out <strong>Chesnaught</strong>!<br></div><div class="spacer battle-history"><br></div><div class="battle-history">Sunny Side Up used <strong>Toxic</strong>!<br></div><div class="battle-history"><small>The opposing Chesnaught was badly poisoned!</small><br></div><div class="spacer battle-history"><br></div><div class="battle-history"><small>Sunny Side Up restored a little HP using its Leftovers!</small><br></div><div class="battle-history"><small>The opposing Chesnaught was hurt by poison!</small><br></div><div class="spacer battle-history"><br></div><h2 class="battle-history">Turn 6</h2><div class="spacer battle-history"><br></div><div class="battle-history">The opposing Chesnaught used <strong>Spikes</strong>!<br></div><div class="battle-history"><small>Spikes were scattered on the ground all around your team!</small><br></div><div class="spacer battle-history"><br></div><div class="battle-history">Sunny Side Up used <strong>Soft-Boiled</strong>!<br></div><div class="battle-history"><small>Sunny Side Up restored its HP.</small><br></div><div class="spacer battle-history"><br></div><div class="battle-history"><small>The opposing Chesnaught was hurt by poison!</small><br></div><div class="spacer battle-history"><br></div><h2 class="battle-history">Turn 7</h2><div class="spacer battle-history"><br></div><div class="battle-history">Sunny Side Up, come back!<br></div><div class="battle-history">Go! Doge (<strong>Absol-Mega</strong>)!<br></div><div class="battle-history"><small>Doge is hurt by the spikes!</small><br></div><div class="spacer battle-history"><br></div><div class="battle-history">The opposing Chesnaught used <strong>Spikes</strong>!<br></div><div class="spacer battle-history"><br></div><div class="battle-history"><small>[Doge's Magic Bounce]</small><br>Doge bounced the Spikes back!<br></div><div class="battle-history"><small>Spikes were scattered on the ground all around the opposing team!</small><br></div><div class="spacer battle-history"><br></div><div class="battle-history"><small>The opposing Chesnaught was hurt by poison!</small><br></div><div class="spacer battle-history"><br></div><h2 class="battle-history">Turn 8</h2><div class="spacer battle-history"><br></div><div class="battle-history">Doge used <strong>Play Rough</strong>!<br></div><div class="battle-history"><small>The opposing Chesnaught avoided the attack!</small><br></div><div class="spacer battle-history"><br></div><div class="battle-history">The opposing Chesnaught used <strong>Leech Seed</strong>!<br></div><div class="spacer battle-history"><br></div><div class="battle-history"><small>[Doge's Magic Bounce]</small><br>Doge bounced the Leech Seed back!<br></div><div class="battle-history"><small>It doesn't affect the opposing Chesnaught...</small><br></div><div class="spacer battle-history"><br></div><div class="battle-history"><small>The opposing Chesnaught was hurt by poison!</small><br></div><div class="spacer battle-history"><br></div><h2 class="battle-history">Turn 9</h2><div class="spacer battle-history"><br></div><div class="battle-history">The opposing Chesnaught used <strong>Spiky Shield</strong>!<br></div><div class="battle-history"><small>The opposing Chesnaught protected itself!</small><br></div><div class="spacer battle-history"><br></div><div class="battle-history">Doge used <strong>Play Rough</strong>!<br></div><div class="battle-history"><small>The opposing Chesnaught protected itself!</small><br></div><div class="battle-history"><small>Doge was hurt!</small><br></div><div class="spacer battle-history"><br></div><div class="battle-history"><small>The opposing Chesnaught was hurt by poison!</small><br></div><div class="spacer battle-history"><br></div><h2 class="battle-history">Turn 10</h2><div class="spacer battle-history"><br></div><div class="battle-history">Doge used <strong>Knock Off</strong>!<br></div><div class="battle-history"><small>It's not very effective...</small><br></div><div class="battle-history"><small>(The opposing Chesnaught lost <abbr title="−35/380">9.2%</abbr> of its health!)</small><br></div><div class="battle-history"><small>Doge was hurt by the Rocky Helmet!</small><br></div><div class="battle-history"><small>Doge knocked off the opposing Chesnaught's Rocky Helmet!</small><br></div><div class="spacer battle-history"><br></div><div class="battle-history">The opposing Chesnaught fainted!<br></div><div class="spacer battle-history"><br></div><div class="battle-history">havwulfkikboot sent out <strong>Blastoise</strong>!<br></div><div class="battle-history"><small>The opposing Blastoise is hurt by the spikes!</small><br></div><div class="spacer battle-history"><br></div><h2 class="battle-history">Turn 11</h2><div class="spacer battle-history"><br></div><div class="battle-history">Doge, come back!<br></div><div class="battle-history">Go! Sunny Side Up (<strong>Blissey</strong>)!<br></div><div class="battle-history"><small>Sunny Side Up is hurt by the spikes!</small><br></div><div class="spacer battle-history"><br></div><div class="battle-history"><small>The opposing Blastoise's Blastoisinite is reacting to havwulfkikboot's Mega Bracelet!</small><br>The opposing Blastoise has Mega Evolved into Mega Blastoise!<br></div><div class="spacer battle-history"><br></div><div class="battle-history">The opposing Blastoise used <strong>Rapid Spin</strong>!<br></div><div class="battle-history"><small>(Sunny Side Up lost <abbr title="−23/652">3.5%</abbr> of its health!)</small><br></div><div class="battle-history"><small>The spikes disappeared from the ground around the opposing team!</small><br></div><div class="spacer battle-history"><br></div><div class="battle-history"><small>Sunny Side Up restored a little HP using its Leftovers!</small><br></div><div class="spacer battle-history"><br></div><h2 class="battle-history">Turn 12</h2><div class="spacer battle-history"><br></div><div class="battle-history">havwulfkikboot withdrew Blastoise!<br></div><div class="battle-history">havwulfkikboot sent out <strong>Feraligatr</strong>!<br></div><div class="spacer battle-history"><br></div><div class="battle-history">Sunny Side Up used <strong>Toxic</strong>!<br></div><div class="battle-history"><small>The opposing Feraligatr was badly poisoned!</small><br></div><div class="spacer battle-history"><br></div><div class="battle-history"><small>Sunny Side Up restored a little HP using its Leftovers!</small><br></div><div class="battle-history"><small>The opposing Feraligatr was hurt by poison!</small><br></div><div class="spacer battle-history"><br></div><h2 class="battle-history">Turn 13</h2><div class="spacer battle-history"><br></div><div class="battle-history">The opposing Feraligatr used <strong>Swords Dance</strong>!<br></div><div class="battle-history"><small>The opposing Feraligatr's Attack rose sharply!</small><br></div><div class="spacer battle-history"><br></div><div class="battle-history">Sunny Side Up used <strong>Seismic Toss</strong>!<br></div><div class="battle-history"><small>(The opposing Feraligatr lost <abbr title="−100/311">32.2%</abbr> of its health!)</small><br></div><div class="spacer battle-history"><br></div><div class="battle-history"><small>Sunny Side Up restored a little HP using its Leftovers!</small><br></div><div class="battle-history"><small>The opposing Feraligatr was hurt by poison!</small><br></div><div class="spacer battle-history"><br></div><h2 class="battle-history">Turn 14</h2><div class="spacer battle-history"><br></div><div class="battle-history">Sunny Side Up, come back!<br></div><div class="battle-history">Go! Doge (<strong>Absol-Mega</strong>)!<br></div><div class="battle-history"><small>Doge is hurt by the spikes!</small><br></div><div class="spacer battle-history"><br></div><div class="battle-history">The opposing Feraligatr used <strong>Waterfall</strong>!<br></div><div class="battle-history"><small>(Doge lost <abbr title="−125/272">46.0%</abbr> of its health!)</small><br></div><div class="spacer battle-history"><br></div><div class="battle-history">Doge fainted!<br></div><div class="spacer battle-history"><br></div><div class="battle-history"><small>The opposing Feraligatr was hurt by poison!</small><br></div><div class="spacer battle-history"><br></div><div class="battle-history">Go! F16 (<strong>Yanmega</strong>)!<br></div><div class="spacer battle-history"><br></div><h2 class="battle-history">Turn 15</h2><div class="spacer battle-history"><br></div><div class="battle-history">F16 used <strong>Protect</strong>!<br></div><div class="battle-history"><small>F16 protected itself!</small><br></div><div class="spacer battle-history"><br></div><div class="battle-history">The opposing Feraligatr used <strong>Ice Punch</strong>!<br></div><div class="battle-history"><small>F16 protected itself!</small><br></div><div class="spacer battle-history"><br></div><div class="battle-history"><small>The opposing Feraligatr was hurt by poison!</small><br></div><div class="battle-history"><small>[F16's Speed Boost]</small><br></div><div class="battle-history"><small>F16's Speed rose!</small><br></div><div class="spacer battle-history"><br></div><h2 class="battle-history">Turn 16</h2><div class="spacer battle-history"><br></div><div class="battle-history">F16 used <strong>Bug Buzz</strong>!<br></div><div class="battle-history"><small>(The opposing Feraligatr lost <abbr title="−21/311">6.8%</abbr> of its health!)</small><br></div><div class="battle-history"><small>F16 lost some of its HP!</small><br></div><div class="spacer battle-history"><br></div><div class="battle-history">The opposing Feraligatr fainted!<br></div><div class="spacer battle-history"><br></div><div class="battle-history"><small>[F16's Speed Boost]</small><br></div><div class="battle-history"><small>F16's Speed rose!</small><br></div><div class="spacer battle-history"><br></div><div class="battle-history">havwulfkikboot sent out <strong>Entei</strong>!<br></div><div class="battle-history"><small>[The opposing Entei's Pressure]</small><br><small>The opposing Entei is exerting its pressure!</small><br></div><div class="spacer battle-history"><br></div><h2 class="battle-history">Turn 17</h2><div class="spacer battle-history"><br></div><div class="battle-history">F16 used <strong>Air Slash</strong>!<br></div><div class="battle-history"><small>(The opposing Entei lost <abbr title="−227/434">52.3%</abbr> of its health!)</small><br></div><div class="battle-history"><small>F16 lost some of its HP!</small><br></div><div class="spacer battle-history"><br></div><div class="battle-history">The opposing Entei used <strong>Sacred Fire</strong>!<br></div><div class="battle-history"><small>It's super effective!</small><br></div><div class="battle-history"><small>(F16 lost <abbr title="−252/314">80.3%</abbr> of its health!)</small><br></div><div class="spacer battle-history"><br></div><div class="battle-history">F16 fainted!<br></div><div class="spacer battle-history"><br></div><div class="battle-history">Go! Jaws (<strong>Sharpedo</strong>)!<br></div><div class="battle-history"><small>Jaws is hurt by the spikes!</small><br></div><div class="spacer battle-history"><br></div><h2 class="battle-history">Turn 18</h2><div class="spacer battle-history"><br></div><div class="battle-history">havwulfkikboot withdrew Entei!<br></div><div class="battle-history">havwulfkikboot sent out <strong>Shaymin</strong>!<br></div><div class="spacer battle-history"><br></div><div class="battle-history">Jaws used <strong>Protect</strong>!<br></div><div class="battle-history"><small>But it failed!</small><br></div><div class="spacer battle-history"><br></div><div class="battle-history"><small>[Jaws's Speed Boost]</small><br></div><div class="battle-history"><small>Jaws's Speed rose!</small><br></div><div class="spacer battle-history"><br></div><h2 class="battle-history">Turn 19</h2><div class="spacer battle-history"><br></div><div class="battle-history">Jaws used <strong>Poison Jab</strong>!<br></div><div class="battle-history"><small>It's super effective!</small><br></div><div class="battle-history"><small>(The opposing Shaymin lost <abbr title="−260/341">76.2%</abbr> of its health!)</small><br></div><div class="battle-history"><small>The opposing Shaymin was poisoned!</small><br></div><div class="battle-history"><small>Jaws lost some of its HP!</small><br></div><div class="spacer battle-history"><br></div><div class="battle-history">The opposing Shaymin used <strong>Substitute</strong>!<br></div><div class="battle-history"><small>But it does not have enough HP left to make a substitute!</small><br></div><div class="spacer battle-history"><br></div><div class="battle-history"><small>The opposing Shaymin restored a little HP using its Leftovers!</small><br></div><div class="battle-history"><small>The opposing Shaymin was hurt by poison!</small><br></div><div class="battle-history"><small>[Jaws's Speed Boost]</small><br></div><div class="battle-history"><small>Jaws's Speed rose!</small><br></div><div class="spacer battle-history"><br></div><h2 class="battle-history">Turn 20</h2><div class="spacer battle-history"><br></div><div class="battle-history"><small>havwulfkikboot forfeited.</small><br></div><div class="spacer battle-history"><br></div><div class="battle-history"><strong>JeffTheKiller101</strong> won the battle!<br></div><div class="chat"><small>havwulfkikboot left.</small></div><div class="chat">JeffTheKiller101's rating: 1064 → <strong>1089</strong><br>(+25 for winning)</div><div class="chat">havwulfkikboot's rating: 1000 → <strong>1000</strong><br>(+0 for losing)</div></div><div class="inner-preempt"></div></div></div>
</div>
<script>
let daily = Math.floor(Date.now()/1000/60/60/24);document.write('<script src="https://play.pokemonshowdown.com/js/replay-embed.js?version'+daily+'"></'+'script>');
</script>
