<!DOCTYPE html>
<meta charset="utf-8" />
<!-- version 1 -->
<title>UU replay: jaggermag vs. ScubaNachos</title>
<style>
html,body {font-family:Verdana, sans-serif;font-size:10pt;margin:0;padding:0;}body{padding:12px 0;} .battle-log {font-family:Verdana, sans-serif;font-size:10pt;} .battle-log-inline {border:1px solid #AAAAAA;background:#EEF2F5;color:black;max-width:640px;margin:0 auto 80px;padding-bottom:5px;} .battle-log .inner {padding:4px 8px 0px 8px;} .battle-log .inner-preempt {padding:0 8px 4px 8px;} .battle-log .inner-after {margin-top:0.5em;} .battle-log h2 {margin:0.5em -8px;padding:4px 8px;border:1px solid #AAAAAA;background:#E0E7EA;border-left:0;border-right:0;font-family:Verdana, sans-serif;font-size:13pt;} .battle-log .chat {vertical-align:middle;padding:3px 0 3px 0;font-size:8pt;} .battle-log .chat strong {color:#40576A;} .battle-log .chat em {padding:1px 4px 1px 3px;color:#000000;font-style:normal;} .chat.mine {background:rgba(0,0,0,0.05);margin-left:-8px;margin-right:-8px;padding-left:8px;padding-right:8px;} .spoiler {color:#BBBBBB;background:#BBBBBB;padding:0px 3px;} .spoiler:hover, .spoiler:active, .spoiler-shown {color:#000000;background:#E2E2E2;padding:0px 3px;} .spoiler a {color:#BBBBBB;} .spoiler:hover a, .spoiler:active a, .spoiler-shown a {color:#2288CC;} .chat code, .chat .spoiler:hover code, .chat .spoiler:active code, .chat .spoiler-shown code {border:1px solid #C0C0C0;background:#EEEEEE;color:black;padding:0 2px;} .chat .spoiler code {border:1px solid #CCCCCC;background:#CCCCCC;color:#CCCCCC;} .battle-log .rated {padding:3px 4px;} .battle-log .rated strong {color:white;background:#89A;padding:1px 4px;border-radius:4px;} .spacer {margin-top:0.5em;} .message-announce {background:#6688AA;color:white;padding:1px 4px 2px;} .message-announce a, .broadcast-green a, .broadcast-blue a, .broadcast-red a {color:#DDEEFF;} .broadcast-green {background-color:#559955;color:white;padding:2px 4px;} .broadcast-blue {background-color:#6688AA;color:white;padding:2px 4px;} .infobox {border:1px solid #6688AA;padding:2px 4px;} .infobox-limited {max-height:200px;overflow:auto;overflow-x:hidden;} .broadcast-red {background-color:#AA5544;color:white;padding:2px 4px;} .message-learn-canlearn {font-weight:bold;color:#228822;text-decoration:underline;} .message-learn-cannotlearn {font-weight:bold;color:#CC2222;text-decoration:underline;} .message-effect-weak {font-weight:bold;color:#CC2222;} .message-effect-resist {font-weight:bold;color:#6688AA;} .message-effect-immune {font-weight:bold;color:#666666;} .message-learn-list {margin-top:0;margin-bottom:0;} .message-throttle-notice, .message-error {color:#992222;} .message-overflow, .chat small.message-overflow {font-size:0pt;} .message-overflow::before {font-size:9pt;content:'...';} .subtle {color:#3A4A66;}
</style>
<div class="wrapper replay-wrapper" style="max-width:1180px;margin:0 auto">
<input type="hidden" name="replayid" value="uu-567979445" />
<div class="battle"></div><div class="battle-log"></div><div class="replay-controls"></div><div class="replay-controls-2"></div>
<h1 style="font-weight:normal;text-align:center"><strong>UU</strong><br /><a href="http://pokemonshowdown.com/users/jaggermag" class="subtle" target="_blank">jaggermag</a> vs. <a href="http://pokemonshowdown.com/users/scubanachos" class="subtle" target="_blank">ScubaNachos</a></h1>
<script type="text/plain" class="battle-log-data">|j|jaggermag
|j|ScubaNachos
|player|p1|jaggermag|162
|player|p2|ScubaNachos|50
|gametype|singles
|gen|6
|tier|UU
|rated
|seed|53827,40162,25467,39708
|rule|Sleep Clause Mod: Limit one foe put to sleep
|rule|Species Clause: Limit one of each Pokémon
|rule|OHKO Clause: OHKO moves are banned
|rule|Moody Clause: Moody is banned
|rule|Evasion Moves Clause: Evasion moves are banned
|rule|Endless Battle Clause: Forcing endless battles is banned
|rule|HP Percentage Mod: HP is shown in percentages
|clearpoke
|poke|p1|Ampharos, F, shiny|item
|poke|p1|Nidoking, M, shiny|
|poke|p1|Metagross, shiny|item
|poke|p1|Cloyster, M, shiny|item
|poke|p1|Forretress, F, shiny|item
|poke|p1|Arcanine, F, shiny|item
|poke|p2|Zangoose, M, shiny|item
|poke|p2|Flygon, F|item
|poke|p2|Durant, M|item
|poke|p2|Roserade, M, shiny|item
|poke|p2|Reuniclus, F, shiny|item
|poke|p2|Banette, F|item
|rule|Swagger Clause: Swagger is banned
|rule|Baton Pass Clause: Limit one Baton Passer, can't pass Spe and other stats simultaneously
|teampreview
|choice|team 5, team 2, team 3, team 4, team 1, team 6|team 5, team 2, team 3, team 4, team 1, team 6
|
|start
|switch|p1a: Forretress|Forretress, F, shiny|354\/354
|switch|p2a: Blob|Reuniclus, F, shiny|424\/424
|turn|1
|choice|move stealthrock|move focusblast
|
|move|p1a: Forretress|Stealth Rock|p2a: Blob
|-sidestart|p2: ScubaNachos|move: Stealth Rock
|move|p2a: Blob|Focus Blast|p1a: Forretress|[miss]
|-miss|p2a: Blob|p1a: Forretress
|
|upkeep
|turn|2
|choice|move toxic|move focusblast
|
|move|p1a: Forretress|Toxic|p2a: Blob|[miss]
|-miss|p1a: Forretress|p2a: Blob
|move|p2a: Blob|Focus Blast|p1a: Forretress|[miss]
|-miss|p2a: Blob|p1a: Forretress
|
|upkeep
|turn|3
|choice|move toxic|move focusblast
|
|move|p1a: Forretress|Toxic|p2a: Blob
|-status|p2a: Blob|tox
|move|p2a: Blob|Focus Blast|p1a: Forretress
|-damage|p1a: Forretress|60\/354
|
|-heal|p1a: Forretress|82\/354|[from] item: Leftovers
|upkeep
|turn|4
|choice|move voltswitch|move focusblast
|
|move|p1a: Forretress|Volt Switch|p2a: Blob
|-damage|p2a: Blob|378\/424 tox
|choice|switch 3|
|
|switch|p1a: Metagross|Metagross, shiny|364\/364
|move|p2a: Blob|Focus Blast|p1a: Metagross|[miss]
|-miss|p2a: Blob|p1a: Metagross
|
|upkeep
|turn|5
|choice|move pursuit|move psychic
|
|move|p1a: Metagross|Pursuit|p2a: Blob
|-supereffective|p2a: Blob
|-damage|p2a: Blob|244\/424 tox
|move|p2a: Blob|Psychic|p1a: Metagross
|-resisted|p1a: Metagross
|-damage|p1a: Metagross|333\/364
|
|upkeep
|turn|6
|choice|move pursuit|move focusblast
|
|move|p1a: Metagross|Pursuit|p2a: Blob
|-supereffective|p2a: Blob
|-damage|p2a: Blob|114\/424 tox
|move|p2a: Blob|Focus Blast|p1a: Metagross|[miss]
|-miss|p2a: Blob|p1a: Metagross
|
|upkeep
|turn|7
|choice|move pursuit|move recover
|
|move|p1a: Metagross|Pursuit|p2a: Blob
|-supereffective|p2a: Blob
|-damage|p2a: Blob|0 fnt
|faint|p2a: Blob
|
|upkeep
|choice||switch 6
|
|switch|p2a: Psyche|Banette, F|326\/326
|-damage|p2a: Psyche|286\/326|[from] Stealth Rock
|turn|8
|choice|move pursuit|move shadowclaw mega
|
|detailschange|p2a: Psyche|Banette-Mega, F
|-mega|p2a: Psyche|Banette|Banettite
|move|p1a: Metagross|Pursuit|p2a: Psyche
|-supereffective|p2a: Psyche
|-damage|p2a: Psyche|148\/326
|move|p2a: Psyche|Shadow Claw|p1a: Metagross
|-supereffective|p1a: Metagross
|-damage|p1a: Metagross|81\/364
|
|upkeep
|turn|9
|choice|move pursuit|move knockoff
|
|move|p2a: Psyche|Knock Off|p1a: Metagross
|-supereffective|p1a: Metagross
|-damage|p1a: Metagross|0 fnt
|-enditem|p1a: Metagross|Assault Vest|[from] move: Knock Off|[of] p2a: Psyche
|faint|p1a: Metagross
|
|upkeep
|choice|switch 2|
|
|switch|p1a: Nidoking|Nidoking, M, shiny|303\/303
|turn|10
|choice|move sludgewave|move knockoff
|
|move|p1a: Nidoking|Sludge Wave|p2a: Psyche
|-resisted|p2a: Psyche
|-damage|p2a: Psyche|74\/326
|move|p2a: Psyche|Knock Off|p1a: Nidoking
|-damage|p1a: Nidoking|187\/303
|-status|p2a: Psyche|psn|[from] ability: Poison Point|[of] p1a: Nidoking
|
|-damage|p2a: Psyche|34\/326 psn|[from] psn
|upkeep
|turn|11
|choice|move icebeam|move destinybond
|
|move|p2a: Psyche|Destiny Bond|p2a: Psyche
|-singlemove|p2a: Psyche|Destiny Bond
|move|p1a: Nidoking|Ice Beam|p2a: Psyche
|-damage|p2a: Psyche|0 fnt
|faint|p2a: Psyche
|-activate|p2a: Psyche|move: Destiny Bond
|faint|p1a: Nidoking
|
|upkeep
|choice|switch 4|switch 2
|
|switch|p2a: Angery|Flygon, F|301\/301
|switch|p1a: Cloyster|Cloyster, M, shiny|241\/241
|-damage|p2a: Angery|283\/301|[from] Stealth Rock
|turn|12
|choice|move iciclespear|move uturn
|
|move|p2a: Angery|U-turn|p1a: Cloyster
|-damage|p1a: Cloyster|180\/241
|choice||switch 3
|
|switch|p2a: Durant Durant|Durant, M|257\/257
|-damage|p2a: Durant Durant|225\/257|[from] Stealth Rock
|move|p1a: Cloyster|Icicle Spear|p2a: Durant Durant
|-resisted|p2a: Durant Durant
|-damage|p2a: Durant Durant|207\/257
|-resisted|p2a: Durant Durant
|-damage|p2a: Durant Durant|190\/257
|-hitcount|p2a: Durant Durant|2
|
|upkeep
|turn|13
|choice|move explosion|move superpower
|
|move|p2a: Durant Durant|Superpower|p1a: Cloyster
|-supereffective|p1a: Cloyster
|-damage|p1a: Cloyster|0 fnt
|-unboost|p2a: Durant Durant|atk|1
|-unboost|p2a: Durant Durant|def|1
|-damage|p2a: Durant Durant|165\/257|[from] item: Life Orb
|faint|p1a: Cloyster
|
|upkeep
|choice|switch 6|
|
|switch|p1a: Arcanine|Arcanine, F, shiny|321\/321
|turn|14
|choice|move flareblitz|move rockslide
|
|move|p2a: Durant Durant|Rock Slide|p1a: Arcanine
|-supereffective|p1a: Arcanine
|-damage|p1a: Arcanine|160\/321
|-damage|p2a: Durant Durant|140\/257|[from] item: Life Orb
|move|p1a: Arcanine|Flare Blitz|p2a: Durant Durant
|-supereffective|p2a: Durant Durant
|-crit|p2a: Durant Durant
|-damage|p2a: Durant Durant|0 fnt
|-damage|p1a: Arcanine|114\/321|[from] recoil|[of] p2a: Durant Durant
|-damage|p1a: Arcanine|82\/321|[from] item: Life Orb
|faint|p2a: Durant Durant
|
|upkeep
|choice||switch 3
|
|switch|p2a: Angery|Flygon, F|283\/301
|-damage|p2a: Angery|265\/301|[from] Stealth Rock
|turn|15
|choice|move closecombat|move earthquake
|
|move|p2a: Angery|Earthquake|p1a: Arcanine
|-supereffective|p1a: Arcanine
|-damage|p1a: Arcanine|0 fnt
|faint|p1a: Arcanine
|
|upkeep
|choice|switch 3|
|
|switch|p1a: Forretress|Forretress, F, shiny|82\/354
|turn|16
|choice|move toxic|move earthquake
|
|move|p2a: Angery|Earthquake|p1a: Forretress
|-damage|p1a: Forretress|0 fnt
|faint|p1a: Forretress
|
|upkeep
|choice|switch 5|
|
|switch|p1a: Ampharos|Ampharos, F, shiny|354\/354
|turn|17
|choice|move dragonpulse mega|move earthquake
|
|detailschange|p1a: Ampharos|Ampharos-Mega, F, shiny
|-mega|p1a: Ampharos|Ampharos|Ampharosite
|-ability|p1a: Ampharos|Mold Breaker
|move|p2a: Angery|Earthquake|p1a: Ampharos
|-supereffective|p1a: Ampharos
|-damage|p1a: Ampharos|0 fnt
|faint|p1a: Ampharos
|
|win|ScubaNachos
|raw|jaggermag's rating: 1131 &rarr; <strong>1097<\/strong><br \/>(-34 for losing)
|raw|ScubaNachos's rating: 1000 &rarr; <strong>1054<\/strong><br \/>(+54 for winning)
|c|☆ScubaNachos|gg
|l|jaggermag</script>
</div>
<div class="battle-log battle-log-inline"><div class="inner"><div class="battle-options"></div><div class="inner"><div class="chat"><small>jaggermag joined.</small></div><div class="chat"><small>ScubaNachos joined.</small></div><div class=""><small>Format:</small> <br><strong>UU</strong></div><div class="rated"><strong>Rated battle</strong></div><div class=""><small><em>Sleep Clause Mod:</em> Limit one foe put to sleep</small></div><div class=""><small><em>Species Clause:</em> Limit one of each Pokémon</small></div><div class=""><small><em>OHKO Clause:</em> OHKO moves are banned</small></div><div class=""><small><em>Moody Clause:</em> Moody is banned</small></div><div class=""><small><em>Evasion Moves Clause:</em> Evasion moves are banned</small></div><div class=""><small><em>Endless Battle Clause:</em> Forcing endless battles is banned</small></div><div class=""><small><em>HP Percentage Mod:</em> HP is shown in percentages</small></div><div class=""><small><em>Swagger Clause:</em> Swagger is banned</small></div><div class=""><small><em>Baton Pass Clause:</em> Limit one Baton Passer, can't pass Spe and other stats simultaneously</small></div><div class="chat battle-history"><strong>jaggermag's team:</strong> <em style="color:#445566;display:block;">Ampharos / Nidoking / Metagross / Cloyster / Forretress / Arcanine</em></div><div class="chat battle-history"><strong>ScubaNachos's team:</strong> <em style="color:#445566;display:block;">Zangoose / Flygon / Durant / Roserade / Reuniclus / Banette</em></div><div class="spacer battle-history"><br></div><div class="battle-history">Battle started between jaggermag and ScubaNachos!<br></div><div class="spacer battle-history"><br></div><div class="battle-history">Go! <strong>Forretress</strong>!<br></div><div class="spacer battle-history"><br></div><div class="battle-history">ScubaNachos sent out Blob (<strong>Reuniclus</strong>)!<br></div><div class="spacer battle-history"><br></div><h2 class="battle-history">Turn 1</h2><div class="spacer battle-history"><br></div><div class="battle-history">Forretress used <strong>Stealth Rock</strong>!<br></div><div class="battle-history"><small>Pointed stones float in the air around the opposing team!</small><br></div><div class="spacer battle-history"><br></div><div class="battle-history">The opposing Blob used <strong>Focus Blast</strong>!<br></div><div class="battle-history"><small>Forretress avoided the attack!</small><br></div><div class="spacer battle-history"><br></div><h2 class="battle-history">Turn 2</h2><div class="spacer battle-history"><br></div><div class="battle-history">Forretress used <strong>Toxic</strong>!<br></div><div class="battle-history"><small>The opposing Blob avoided the attack!</small><br></div><div class="spacer battle-history"><br></div><div class="battle-history">The opposing Blob used <strong>Focus Blast</strong>!<br></div><div class="battle-history"><small>Forretress avoided the attack!</small><br></div><div class="spacer battle-history"><br></div><h2 class="battle-history">Turn 3</h2><div class="spacer battle-history"><br></div><div class="battle-history">Forretress used <strong>Toxic</strong>!<br></div><div class="battle-history"><small>The opposing Blob was badly poisoned!</small><br></div><div class="spacer battle-history"><br></div><div class="battle-history">The opposing Blob used <strong>Focus Blast</strong>!<br></div><div class="battle-history"><small>(Forretress lost <abbr title="−294/354">83.1%</abbr> of its health!)</small><br></div><div class="spacer battle-history"><br></div><div class="battle-history"><small>Forretress restored a little HP using its Leftovers!</small><br></div><div class="spacer battle-history"><br></div><h2 class="battle-history">Turn 4</h2><div class="spacer battle-history"><br></div><div class="battle-history">Forretress used <strong>Volt Switch</strong>!<br></div><div class="battle-history"><small>(The opposing Blob lost <abbr title="−46/424">10.8%</abbr> of its health!)</small><br></div><div class="spacer battle-history"><br></div><div class="battle-history">Forretress went back to jaggermag!<br></div><div class="battle-history">Go! <strong>Metagross</strong>!<br></div><div class="spacer battle-history"><br></div><div class="battle-history">The opposing Blob used <strong>Focus Blast</strong>!<br></div><div class="battle-history"><small>Metagross avoided the attack!</small><br></div><div class="spacer battle-history"><br></div><h2 class="battle-history">Turn 5</h2><div class="spacer battle-history"><br></div><div class="battle-history">Metagross used <strong>Pursuit</strong>!<br></div><div class="battle-history"><small>It's super effective!</small><br></div><div class="battle-history"><small>(The opposing Blob lost <abbr title="−134/424">31.6%</abbr> of its health!)</small><br></div><div class="spacer battle-history"><br></div><div class="battle-history">The opposing Blob used <strong>Psychic</strong>!<br></div><div class="battle-history"><small>It's not very effective...</small><br></div><div class="battle-history"><small>(Metagross lost <abbr title="−31/364">8.5%</abbr> of its health!)</small><br></div><div class="spacer battle-history"><br></div><h2 class="battle-history">Turn 6</h2><div class="spacer battle-history"><br></div><div class="battle-history">Metagross used <strong>Pursuit</strong>!<br></div><div class="battle-history"><small>It's super effective!</small><br></div><div class="battle-history"><small>(The opposing Blob lost <abbr title="−130/424">30.7%</abbr> of its health!)</small><br></div><div class="spacer battle-history"><br></div><div class="battle-history">The opposing Blob used <strong>Focus Blast</strong>!<br></div><div class="battle-history"><small>Metagross avoided the attack!</small><br></div><div class="spacer battle-history"><br></div><h2 class="battle-history">Turn 7</h2><div class="spacer battle-history"><br></div><div class="battle-history">Metagross used <strong>Pursuit</strong>!<br></div><div class="battle-history"><small>It's super effective!</small><br></div><div class="battle-history"><small>(The opposing Blob lost <abbr title="−114/424">26.9%</abbr> of its health!)</small><br></div><div class="spacer battle-history"><br></div><div class="battle-history">The opposing Blob fainted!<br></div><div class="spacer battle-history"><br></div><div class="battle-history">ScubaNachos sent out Psyche (<strong>Banette</strong>)!<br></div><div class="battle-history"><small>Pointed stones dug into the opposing Psyche!</small><br></div><div class="spacer battle-history"><br></div><h2 class="battle-history">Turn 8</h2><div class="spacer battle-history"><br></div><div class="battle-history"><small>The opposing Psyche's Banettite is reacting to ScubaNachos's Mega Bracelet!</small><br>The opposing Psyche has Mega Evolved into Mega Banette!<br></div><div class="spacer battle-history"><br></div><div class="battle-history">Metagross used <strong>Pursuit</strong>!<br></div><div class="battle-history"><small>It's super effective!</small><br></div><div class="battle-history"><small>(The opposing Psyche lost <abbr title="−138/326">42.3%</abbr> of its health!)</small><br></div><div class="spacer battle-history"><br></div><div class="battle-history">The opposing Psyche used <strong>Shadow Claw</strong>!<br></div><div class="battle-history"><small>It's super effective!</small><br></div><div class="battle-history"><small>(Metagross lost <abbr title="−252/364">69.2%</abbr> of its health!)</small><br></div><div class="spacer battle-history"><br></div><h2 class="battle-history">Turn 9</h2><div class="spacer battle-history"><br></div><div class="battle-history">The opposing Psyche used <strong>Knock Off</strong>!<br></div><div class="battle-history"><small>It's super effective!</small><br></div><div class="battle-history"><small>(Metagross lost <abbr title="−81/364">22.3%</abbr> of its health!)</small><br></div><div class="battle-history"><small>The opposing Psyche knocked off Metagross's Assault Vest!</small><br></div><div class="spacer battle-history"><br></div><div class="battle-history">Metagross fainted!<br></div><div class="spacer battle-history"><br></div><div class="battle-history">Go! <strong>Nidoking</strong>!<br></div><div class="spacer battle-history"><br></div><h2 class="battle-history">Turn 10</h2><div class="spacer battle-history"><br></div><div class="battle-history">Nidoking used <strong>Sludge Wave</strong>!<br></div><div class="battle-history"><small>It's not very effective...</small><br></div><div class="battle-history"><small>(The opposing Psyche lost <abbr title="−74/326">22.7%</abbr> of its health!)</small><br></div><div class="spacer battle-history"><br></div><div class="battle-history">The opposing Psyche used <strong>Knock Off</strong>!<br></div><div class="battle-history"><small>(Nidoking lost <abbr title="−116/303">38.3%</abbr> of its health!)</small><br></div><div class="battle-history"><small>[Nidoking's Poison Point]</small><br><small>The opposing Psyche was poisoned!</small><br></div><div class="spacer battle-history"><br></div><div class="battle-history"><small>The opposing Psyche was hurt by poison!</small><br></div><div class="spacer battle-history"><br></div><h2 class="battle-history">Turn 11</h2><div class="spacer battle-history"><br></div><div class="battle-history">The opposing Psyche used <strong>Destiny Bond</strong>!<br></div><div class="battle-history">The opposing Psyche is hoping to take its attacker down with it!<br></div><div class="spacer battle-history"><br></div><div class="battle-history">Nidoking used <strong>Ice Beam</strong>!<br></div><div class="battle-history"><small>(The opposing Psyche lost <abbr title="−34/326">10.4%</abbr> of its health!)</small><br></div><div class="spacer battle-history"><br></div><div class="battle-history">The opposing Psyche fainted!<br></div><div class="battle-history"><small>The opposing Psyche took its attacker down with it!</small><br></div><div class="spacer battle-history"><br></div><div class="battle-history">Nidoking fainted!<br></div><div class="spacer battle-history"><br></div><div class="battle-history">ScubaNachos sent out Angery (<strong>Flygon</strong>)!<br></div><div class="spacer battle-history"><br></div><div class="battle-history">Go! <strong>Cloyster</strong>!<br></div><div class="battle-history"><small>Pointed stones dug into the opposing Angery!</small><br></div><div class="spacer battle-history"><br></div><h2 class="battle-history">Turn 12</h2><div class="spacer battle-history"><br></div><div class="battle-history">The opposing Angery used <strong>U-turn</strong>!<br></div><div class="battle-history"><small>(Cloyster lost <abbr title="−61/241">25.3%</abbr> of its health!)</small><br></div><div class="spacer battle-history"><br></div><div class="battle-history">The opposing Angery went back to ScubaNachos!<br></div><div class="battle-history">ScubaNachos sent out Durant Durant (<strong>Durant</strong>)!<br></div><div class="battle-history"><small>Pointed stones dug into the opposing Durant Durant!</small><br></div><div class="spacer battle-history"><br></div><div class="battle-history">Cloyster used <strong>Icicle Spear</strong>!<br></div><div class="battle-history"><small>It's not very effective...</small><br></div><div class="battle-history"><small>(The opposing Durant Durant lost <abbr title="−18/257">7.0%</abbr> of its health!)</small><br></div><div class="battle-history"><small>It's not very effective...</small><br></div><div class="battle-history"><small>(The opposing Durant Durant lost <abbr title="−17/257">6.6%</abbr> of its health!)</small><br></div><div class="battle-history"><small>Hit 2 times!</small><br></div><div class="spacer battle-history"><br></div><h2 class="battle-history">Turn 13</h2><div class="spacer battle-history"><br></div><div class="battle-history">The opposing Durant Durant used <strong>Superpower</strong>!<br></div><div class="battle-history"><small>It's super effective!</small><br></div><div class="battle-history"><small>(Cloyster lost <abbr title="−180/241">74.7%</abbr> of its health!)</small><br></div><div class="battle-history"><small>The opposing Durant Durant's Attack fell!</small><br></div><div class="battle-history"><small>The opposing Durant Durant's Defense fell!</small><br></div><div class="battle-history"><small>The opposing Durant Durant lost some of its HP!</small><br></div><div class="spacer battle-history"><br></div><div class="battle-history">Cloyster fainted!<br></div><div class="spacer battle-history"><br></div><div class="battle-history">Go! <strong>Arcanine</strong>!<br></div><div class="spacer battle-history"><br></div><h2 class="battle-history">Turn 14</h2><div class="spacer battle-history"><br></div><div class="battle-history">The opposing Durant Durant used <strong>Rock Slide</strong>!<br></div><div class="battle-history"><small>It's super effective!</small><br></div><div class="battle-history"><small>(Arcanine lost <abbr title="−161/321">50.2%</abbr> of its health!)</small><br></div><div class="battle-history"><small>The opposing Durant Durant lost some of its HP!</small><br></div><div class="spacer battle-history"><br></div><div class="battle-history">Arcanine used <strong>Flare Blitz</strong>!<br></div><div class="battle-history"><small>It's super effective!</small><br></div><div class="battle-history"><small>A critical hit!</small><br></div><div class="battle-history"><small>(The opposing Durant Durant lost <abbr title="−140/257">54.5%</abbr> of its health!)</small><br></div><div class="battle-history"><small>Arcanine is damaged by the recoil!</small><br></div><div class="battle-history"><small>Arcanine lost some of its HP!</small><br></div><div class="spacer battle-history"><br></div><div class="battle-history">The opposing Durant Durant fainted!<br></div><div class="spacer battle-history"><br></div><div class="battle-history">ScubaNachos sent out Angery (<strong>Flygon</strong>)!<br></div><div class="battle-history"><small>Pointed stones dug into the opposing Angery!</small><br></div><div class="spacer battle-history"><br></div><h2 class="battle-history">Turn 15</h2><div class="spacer battle-history"><br></div><div class="battle-history">The opposing Angery used <strong>Earthquake</strong>!<br></div><div class="battle-history"><small>It's super effective!</small><br></div><div class="battle-history"><small>(Arcanine lost <abbr title="−82/321">25.5%</abbr> of its health!)</small><br></div><div class="spacer battle-history"><br></div><div class="battle-history">Arcanine fainted!<br></div><div class="spacer battle-history"><br></div><div class="battle-history">Go! <strong>Forretress</strong>!<br></div><div class="spacer battle-history"><br></div><h2 class="battle-history">Turn 16</h2><div class="spacer battle-history"><br></div><div class="battle-history">The opposing Angery used <strong>Earthquake</strong>!<br></div><div class="battle-history"><small>(Forretress lost <abbr title="−82/354">23.2%</abbr> of its health!)</small><br></div><div class="spacer battle-history"><br></div><div class="battle-history">Forretress fainted!<br></div><div class="spacer battle-history"><br></div><div class="battle-history">Go! <strong>Ampharos</strong>!<br></div><div class="spacer battle-history"><br></div><h2 class="battle-history">Turn 17</h2><div class="spacer battle-history"><br></div><div class="battle-history"><small>Ampharos's Ampharosite is reacting to jaggermag's Mega Bracelet!</small><br>Ampharos has Mega Evolved into Mega Ampharos!<br></div><div class="battle-history"><small>[Ampharos's Mold Breaker]</small><br><small>Ampharos breaks the mold!</small><br></div><div class="spacer battle-history"><br></div><div class="battle-history">The opposing Angery used <strong>Earthquake</strong>!<br></div><div class="battle-history"><small>It's super effective!</small><br></div><div class="battle-history"><small>(Ampharos lost <abbr title="−354/354">100%</abbr> of its health!)</small><br></div><div class="spacer battle-history"><br></div><div class="battle-history">Ampharos fainted!<br></div><div class="spacer battle-history"><br></div><div class="battle-history"><strong>ScubaNachos</strong> won the battle!<br></div><div class="chat">jaggermag's rating: 1131 → <strong>1097</strong><br>(-34 for losing)</div><div class="chat">ScubaNachos's rating: 1000 → <strong>1054</strong><br>(+54 for winning)</div><div class="chat chatmessage-scubanachos"><strong style="color:hsl(162,74%,37.446927103009905%)"><small>☆</small><span class="username" data-name="ScubaNachos">ScubaNachos</span>:</strong> <em>gg</em></div><div class="chat"><small>jaggermag left.</small></div></div><div class="inner-preempt"></div></div></div>
</div>
<script>
let daily = Math.floor(Date.now()/1000/60/60/24);document.write('<script src="https://play.pokemonshowdown.com/js/replay-embed.js?version'+daily+'"></'+'script>');
</script>
