<!DOCTYPE html>
<meta charset="utf-8" />
<!-- version 1 -->
<title>UU replay: ParnStar vs. MawerDk</title>
<style>
html,body {font-family:Verdana, sans-serif;font-size:10pt;margin:0;padding:0;}body{padding:12px 0;} .battle-log {font-family:Verdana, sans-serif;font-size:10pt;} .battle-log-inline {border:1px solid #AAAAAA;background:#EEF2F5;color:black;max-width:640px;margin:0 auto 80px;padding-bottom:5px;} .battle-log .inner {padding:4px 8px 0px 8px;} .battle-log .inner-preempt {padding:0 8px 4px 8px;} .battle-log .inner-after {margin-top:0.5em;} .battle-log h2 {margin:0.5em -8px;padding:4px 8px;border:1px solid #AAAAAA;background:#E0E7EA;border-left:0;border-right:0;font-family:Verdana, sans-serif;font-size:13pt;} .battle-log .chat {vertical-align:middle;padding:3px 0 3px 0;font-size:8pt;} .battle-log .chat strong {color:#40576A;} .battle-log .chat em {padding:1px 4px 1px 3px;color:#000000;font-style:normal;} .chat.mine {background:rgba(0,0,0,0.05);margin-left:-8px;margin-right:-8px;padding-left:8px;padding-right:8px;} .spoiler {color:#BBBBBB;background:#BBBBBB;padding:0px 3px;} .spoiler:hover, .spoiler:active, .spoiler-shown {color:#000000;background:#E2E2E2;padding:0px 3px;} .spoiler a {color:#BBBBBB;} .spoiler:hover a, .spoiler:active a, .spoiler-shown a {color:#2288CC;} .chat code, .chat .spoiler:hover code, .chat .spoiler:active code, .chat .spoiler-shown code {border:1px solid #C0C0C0;background:#EEEEEE;color:black;padding:0 2px;} .chat .spoiler code {border:1px solid #CCCCCC;background:#CCCCCC;color:#CCCCCC;} .battle-log .rated {padding:3px 4px;} .battle-log .rated strong {color:white;background:#89A;padding:1px 4px;border-radius:4px;} .spacer {margin-top:0.5em;} .message-announce {background:#6688AA;color:white;padding:1px 4px 2px;} .message-announce a, .broadcast-green a, .broadcast-blue a, .broadcast-red a {color:#DDEEFF;} .broadcast-green {background-color:#559955;color:white;padding:2px 4px;} .broadcast-blue {background-color:#6688AA;color:white;padding:2px 4px;} .infobox {border:1px solid #6688AA;padding:2px 4px;} .infobox-limited {max-height:200px;overflow:auto;overflow-x:hidden;} .broadcast-red {background-color:#AA5544;color:white;padding:2px 4px;} .message-learn-canlearn {font-weight:bold;color:#228822;text-decoration:underline;} .message-learn-cannotlearn {font-weight:bold;color:#CC2222;text-decoration:underline;} .message-effect-weak {font-weight:bold;color:#CC2222;} .message-effect-resist {font-weight:bold;color:#6688AA;} .message-effect-immune {font-weight:bold;color:#666666;} .message-learn-list {margin-top:0;margin-bottom:0;} .message-throttle-notice, .message-error {color:#992222;} .message-overflow, .chat small.message-overflow {font-size:0pt;} .message-overflow::before {font-size:9pt;content:'...';} .subtle {color:#3A4A66;}
</style>
<div class="wrapper replay-wrapper" style="max-width:1180px;margin:0 auto">
<input type="hidden" name="replayid" value="uu-535465961" />
<div class="battle"></div><div class="battle-log"></div><div class="replay-controls"></div><div class="replay-controls-2"></div>
<h1 style="font-weight:normal;text-align:center"><strong>UU</strong><br /><a href="http://pokemonshowdown.com/users/parnstar" class="subtle" target="_blank">ParnStar</a> vs. <a href="http://pokemonshowdown.com/users/mawerdk" class="subtle" target="_blank">MawerDk</a></h1>
<script type="text/plain" class="battle-log-data">|j|ParnStar
|j|MawerDk
|player|p1|ParnStar|24
|player|p2|MawerDk|290
|gametype|singles
|gen|6
|tier|UU
|rated
|seed|985,20911,48853,21385
|rule|Sleep Clause Mod: Limit one foe put to sleep
|rule|Species Clause: Limit one of each Pokémon
|rule|OHKO Clause: OHKO moves are banned
|rule|Moody Clause: Moody is banned
|rule|Evasion Moves Clause: Evasion moves are banned
|rule|Endless Battle Clause: Forcing endless battles is banned
|rule|HP Percentage Mod: HP is shown in percentages
|clearpoke
|poke|p1|Conkeldurr, M, shiny|item
|poke|p1|Magneton, shiny|item
|poke|p1|Porygon-Z|item
|poke|p1|Whimsicott, M, shiny|item
|poke|p1|Entei, shiny|item
|poke|p1|Tentacruel, F|item
|poke|p2|Sceptile, M|item
|poke|p2|Empoleon, F|item
|poke|p2|Umbreon, F|item
|poke|p2|Metagross|item
|poke|p2|Nidoking, M|item
|poke|p2|Galvantula, F|item
|rule|Swagger Clause: Swagger is banned
|rule|Baton Pass Clause: Limit one Baton Passer, can't pass Spe and other stats simultaneously
|teampreview
|c|★ParnStar|Sorry did I take long
|choice|team 5, team 2, team 3, team 4, team 1, team 6|team 6, team 2, team 3, team 4, team 5, team 1
|
|start
|switch|p1a: Ash could of caugh|Entei, shiny|371\/371
|switch|p2a: Galvantula|Galvantula, F|281\/281
|-ability|p1a: Ash could of caugh|Pressure
|turn|1
|choice|move sacredfire|move stickyweb
|
|move|p2a: Galvantula|Sticky Web|p1a: Ash could of caugh
|-sidestart|p1: ParnStar|move: Sticky Web
|move|p1a: Ash could of caugh|Sacred Fire|p2a: Galvantula
|-supereffective|p2a: Galvantula
|-enditem|p2a: Galvantula|Focus Sash
|-damage|p2a: Galvantula|1\/281
|-status|p2a: Galvantula|brn
|
|-damage|p2a: Galvantula|0 fnt|[from] brn
|upkeep
|faint|p2a: Galvantula
|choice||switch 5
|
|switch|p2a: Nidoking|Nidoking, M|303\/303
|turn|2
|choice|move bulldoze|move earthpower
|
|move|p1a: Ash could of caugh|Bulldoze|p2a: Nidoking
|-supereffective|p2a: Nidoking
|-damage|p2a: Nidoking|137\/303
|-unboost|p2a: Nidoking|spe|1
|move|p2a: Nidoking|Earth Power|p1a: Ash could of caugh
|-supereffective|p1a: Ash could of caugh
|-damage|p1a: Ash could of caugh|0 fnt
|faint|p1a: Ash could of caugh
|
|upkeep
|choice|switch 3|
|
|switch|p1a: beta|Porygon-Z|311\/311
|-activate|p1a: beta|move: Sticky Web
|-unboost|p1a: beta|spe|1
|turn|3
|choice|move triattack|switch 3
|
|switch|p2a: Umbreon|Umbreon, F|394\/394
|move|p1a: beta|Tri Attack|p2a: Umbreon
|-damage|p2a: Umbreon|188\/394
|-status|p2a: Umbreon|frz
|
|upkeep
|turn|4
|choice|switch 6|move toxic
|
|switch|p1a: Hitomi Tanaka|Tentacruel, F|301\/301
|-activate|p1a: Hitomi Tanaka|move: Sticky Web
|-unboost|p1a: Hitomi Tanaka|spe|1
|cant|p2a: Umbreon|frz
|
|upkeep
|turn|5
|choice|move rapidspin|move wish
|
|move|p1a: Hitomi Tanaka|Rapid Spin|p2a: Umbreon
|-damage|p2a: Umbreon|179\/394 frz
|-damage|p1a: Hitomi Tanaka|251\/301|[from] item: Rocky Helmet|[of] p2a: Umbreon
|-sideend|p1: ParnStar|Sticky Web|[from] move: Rapid Spin|[of] p1a: Hitomi Tanaka
|cant|p2a: Umbreon|frz
|
|-heal|p1a: Hitomi Tanaka|269\/301|[from] item: Black Sludge
|upkeep
|turn|6
|choice|move hydropump|move wish
|
|move|p1a: Hitomi Tanaka|Hydro Pump|p2a: Umbreon|[miss]
|-miss|p1a: Hitomi Tanaka|p2a: Umbreon
|cant|p2a: Umbreon|frz
|
|-heal|p1a: Hitomi Tanaka|287\/301|[from] item: Black Sludge
|upkeep
|turn|7
|choice|move hydropump|move wish
|
|move|p1a: Hitomi Tanaka|Hydro Pump|p2a: Umbreon|[miss]
|-miss|p1a: Hitomi Tanaka|p2a: Umbreon
|-curestatus|p2a: Umbreon|frz|[msg]
|move|p2a: Umbreon|Wish|p2a: Umbreon
|
|-heal|p1a: Hitomi Tanaka|301\/301|[from] item: Black Sludge
|upkeep
|turn|8
|choice|move sludgewave|move foulplay
|
|move|p1a: Hitomi Tanaka|Sludge Wave|p2a: Umbreon
|-damage|p2a: Umbreon|107\/394
|move|p2a: Umbreon|Foul Play|p1a: Hitomi Tanaka
|-damage|p1a: Hitomi Tanaka|208\/301
|
|-heal|p2a: Umbreon|304\/394|[from] move: Wish|[wisher] Umbreon
|-heal|p1a: Hitomi Tanaka|226\/301|[from] item: Black Sludge
|upkeep
|turn|9
|choice|move hydropump|move foulplay
|
|move|p1a: Hitomi Tanaka|Hydro Pump|p2a: Umbreon
|-damage|p2a: Umbreon|223\/394
|move|p2a: Umbreon|Foul Play|p1a: Hitomi Tanaka
|-damage|p1a: Hitomi Tanaka|142\/301
|
|-heal|p1a: Hitomi Tanaka|160\/301|[from] item: Black Sludge
|upkeep
|turn|10
|choice|move sludgewave|move foulplay
|
|move|p1a: Hitomi Tanaka|Sludge Wave|p2a: Umbreon
|-damage|p2a: Umbreon|148\/394
|-status|p2a: Umbreon|psn
|-activate|p2a: Umbreon|ability: Synchronize
|-immune|p1a: Hitomi Tanaka|[msg]
|move|p2a: Umbreon|Foul Play|p1a: Hitomi Tanaka
|-damage|p1a: Hitomi Tanaka|79\/301
|
|-heal|p1a: Hitomi Tanaka|97\/301|[from] item: Black Sludge
|-damage|p2a: Umbreon|99\/394 psn|[from] psn
|upkeep
|turn|11
|choice|move hydropump|move wish
|
|move|p1a: Hitomi Tanaka|Hydro Pump|p2a: Umbreon
|-damage|p2a: Umbreon|11\/394 psn
|move|p2a: Umbreon|Wish|p2a: Umbreon
|
|-heal|p1a: Hitomi Tanaka|115\/301|[from] item: Black Sludge
|-damage|p2a: Umbreon|0 fnt|[from] psn
|upkeep
|faint|p2a: Umbreon
|choice||switch 4
|
|switch|p2a: Metagross|Metagross|301\/301
|turn|12
|choice|move hydropump|move agility
|
|move|p2a: Metagross|Agility|p2a: Metagross
|-boost|p2a: Metagross|spe|2
|move|p1a: Hitomi Tanaka|Hydro Pump|p2a: Metagross
|-damage|p2a: Metagross|157\/301
|
|-heal|p2a: Metagross|301\/301|[from] move: Wish|[wisher] Umbreon
|-heal|p1a: Hitomi Tanaka|133\/301|[from] item: Black Sludge
|upkeep
|turn|13
|choice|move hydropump|move zenheadbutt
|
|move|p2a: Metagross|Zen Headbutt|p1a: Hitomi Tanaka
|-supereffective|p1a: Hitomi Tanaka
|-damage|p1a: Hitomi Tanaka|0 fnt
|faint|p1a: Hitomi Tanaka
|
|upkeep
|choice|switch 4|
|
|switch|p1a: Presscott|Whimsicott, M, shiny|261\/261
|turn|14
|choice|move encore|move meteormash
|
|move|p1a: Presscott|Encore|p2a: Metagross
|-start|p2a: Metagross|Encore
|move|p2a: Metagross|Zen Headbutt|p1a: Presscott
|-damage|p1a: Presscott|63\/261
|
|upkeep
|turn|15
|choice|move naturepower|move zenheadbutt
|
|move|p1a: Presscott|Nature Power|p2a: Metagross
|move|p1a: Presscott|Tri Attack|p2a: Metagross|[from]Nature Power
|-resisted|p2a: Metagross
|-damage|p2a: Metagross|258\/301
|move|p2a: Metagross|Zen Headbutt|p1a: Presscott|[miss]
|-miss|p2a: Metagross|p1a: Presscott
|
|upkeep
|turn|16
|choice|move naturepower|move zenheadbutt
|
|move|p1a: Presscott|Nature Power|p2a: Metagross
|move|p1a: Presscott|Tri Attack|p2a: Metagross|[from]Nature Power
|-resisted|p2a: Metagross
|-damage|p2a: Metagross|218\/301
|-status|p2a: Metagross|frz
|cant|p2a: Metagross|frz
|
|-end|p2a: Metagross|Encore
|upkeep
|turn|17
|choice|switch 5|move icepunch
|
|switch|p1a: Mandingo|Conkeldurr, M, shiny|414\/414
|cant|p2a: Metagross|frz
|
|-status|p1a: Mandingo|brn|[from] item: Flame Orb
|upkeep
|turn|18
|choice|move knockoff|move zenheadbutt
|
|cant|p2a: Metagross|frz
|move|p1a: Mandingo|Knock Off|p2a: Metagross
|-supereffective|p2a: Metagross
|-damage|p2a: Metagross|0 fnt
|-enditem|p2a: Metagross|Weakness Policy|[from] move: Knock Off|[of] p1a: Mandingo
|faint|p2a: Metagross
|
|-damage|p1a: Mandingo|363\/414 brn|[from] brn
|upkeep
|choice||switch 3
|
|switch|p2a: Nidoking|Nidoking, M|137\/303
|turn|19
|choice|move drainpunch|move sludgewave
|
|move|p2a: Nidoking|Sludge Wave|p1a: Mandingo
|-damage|p1a: Mandingo|85\/414 brn
|move|p1a: Mandingo|Drain Punch|p2a: Nidoking
|-resisted|p2a: Nidoking
|-damage|p2a: Nidoking|0 fnt
|-heal|p1a: Mandingo|154\/414 brn|[from] drain|[of] p2a: Nidoking
|faint|p2a: Nidoking
|
|-damage|p1a: Mandingo|103\/414 brn|[from] brn
|upkeep
|choice||switch 6
|
|switch|p2a: Sceptile|Sceptile, M|281\/281
|turn|20
|choice|move machpunch|move gigadrain mega
|
|detailschange|p2a: Sceptile|Sceptile-Mega, M
|-mega|p2a: Sceptile|Sceptile|Sceptilite
|move|p1a: Mandingo|Mach Punch|p2a: Sceptile
|-damage|p2a: Sceptile|115\/281
|move|p2a: Sceptile|Giga Drain|p1a: Mandingo
|-damage|p1a: Mandingo|0 fnt
|-heal|p2a: Sceptile|167\/281|[from] drain|[of] p1a: Mandingo
|faint|p1a: Mandingo
|
|upkeep
|choice|switch 5|
|
|switch|p1a: Presscott|Whimsicott, M, shiny|63\/261
|turn|21
|choice|move naturepower|move gigadrain
|
|move|p1a: Presscott|Nature Power|p2a: Sceptile
|move|p1a: Presscott|Tri Attack|p2a: Sceptile|[from]Nature Power
|-crit|p2a: Sceptile
|-damage|p2a: Sceptile|32\/281
|move|p2a: Sceptile|Giga Drain|p1a: Presscott
|-resisted|p1a: Presscott
|-damage|p1a: Presscott|0 fnt
|-heal|p2a: Sceptile|64\/281|[from] drain|[of] p1a: Presscott
|faint|p1a: Presscott
|
|upkeep
|choice|switch 2|
|
|switch|p1a: Alpha|Magneton, shiny|303\/303
|turn|22
|choice|move flashcannon|move focusblast
|
|move|p2a: Sceptile|Focus Blast|p1a: Alpha
|-supereffective|p1a: Alpha
|-damage|p1a: Alpha|0 fnt
|faint|p1a: Alpha
|
|upkeep
|choice|switch 6|
|
|switch|p1a: beta|Porygon-Z|311\/311
|turn|23
|choice|move triattack|move focusblast
|
|move|p2a: Sceptile|Focus Blast|p1a: beta|[miss]
|-miss|p2a: Sceptile|p1a: beta
|move|p1a: beta|Tri Attack|p2a: Sceptile
|-damage|p2a: Sceptile|0 fnt
|faint|p2a: Sceptile
|
|upkeep
|choice||switch 2
|
|switch|p2a: Empoleon|Empoleon, F|372\/372
|turn|24
|choice|move triattack|move toxic
|
|move|p1a: beta|Tri Attack|p2a: Empoleon
|-resisted|p2a: Empoleon
|-damage|p2a: Empoleon|205\/372
|move|p2a: Empoleon|Toxic|p1a: beta
|-status|p1a: beta|tox
|
|-heal|p2a: Empoleon|228\/372|[from] item: Leftovers
|-damage|p1a: beta|292\/311 tox|[from] psn
|upkeep
|turn|25
|choice|move triattack|move flashcannon
|
|move|p1a: beta|Tri Attack|p2a: Empoleon
|-resisted|p2a: Empoleon
|-damage|p2a: Empoleon|59\/372
|move|p2a: Empoleon|Flash Cannon|p1a: beta
|-damage|p1a: beta|168\/311 tox
|
|-heal|p2a: Empoleon|82\/372|[from] item: Leftovers
|-damage|p1a: beta|130\/311 tox|[from] psn
|upkeep
|turn|26
|-message|MawerDk forfeited.
|
|win|ParnStar
|l|MawerDk
|player|p1
|player|p2</script>
</div>
<div class="battle-log battle-log-inline"><div class="inner"><div class="battle-options"></div><div class="inner"><div class="chat"><small>ParnStar joined.</small></div><div class="chat"><small>MawerDk joined.</small></div><div class=""><small>Format:</small> <br><strong>UU</strong></div><div class="rated"><strong>Rated battle</strong></div><div class=""><small><em>Sleep Clause Mod:</em> Limit one foe put to sleep</small></div><div class=""><small><em>Species Clause:</em> Limit one of each Pokémon</small></div><div class=""><small><em>OHKO Clause:</em> OHKO moves are banned</small></div><div class=""><small><em>Moody Clause:</em> Moody is banned</small></div><div class=""><small><em>Evasion Moves Clause:</em> Evasion moves are banned</small></div><div class=""><small><em>Endless Battle Clause:</em> Forcing endless battles is banned</small></div><div class=""><small><em>HP Percentage Mod:</em> HP is shown in percentages</small></div><div class=""><small><em>Swagger Clause:</em> Swagger is banned</small></div><div class=""><small><em>Baton Pass Clause:</em> Limit one Baton Passer, can't pass Spe and other stats simultaneously</small></div><div class="chat battle-history"><strong>ParnStar's team:</strong> <em style="color:#445566;display:block;">Conkeldurr / Magneton / Porygon-Z / Whimsicott / Entei / Tentacruel</em></div><div class="chat battle-history"><strong>MawerDk's team:</strong> <em style="color:#445566;display:block;">Sceptile / Empoleon / Umbreon / Metagross / Nidoking / Galvantula</em></div><div class="chat chatmessage-parnstar"><strong style="color:hsl(41,84%,41.163999978976825%)"><small>★</small><span class="username" data-name="ParnStar">ParnStar</span>:</strong> <em>Sorry did I take long</em></div><div class="spacer battle-history"><br></div><div class="battle-history">Battle started between ParnStar and MawerDk!<br></div><div class="spacer battle-history"><br></div><div class="battle-history">Go! Ash could of caugh (<strong>Entei</strong>)!<br></div><div class="spacer battle-history"><br></div><div class="battle-history">MawerDk sent out <strong>Galvantula</strong>!<br></div><div class="battle-history"><small>[Ash could of caugh's Pressure]</small><br><small>Ash could of caugh is exerting its pressure!</small><br></div><div class="spacer battle-history"><br></div><h2 class="battle-history">Turn 1</h2><div class="spacer battle-history"><br></div><div class="battle-history">The opposing Galvantula used <strong>Sticky Web</strong>!<br></div><div class="battle-history"><small>A sticky web spreads out on the ground around your team!</small><br></div><div class="spacer battle-history"><br></div><div class="battle-history">Ash could of caugh used <strong>Sacred Fire</strong>!<br></div><div class="battle-history"><small>It's super effective!</small><br></div><div class="battle-history"><small>The opposing Galvantula hung on using its Focus Sash!</small><br></div><div class="battle-history"><small>(The opposing Galvantula lost <abbr title="−280/281">99.6%</abbr> of its health!)</small><br></div><div class="battle-history"><small>The opposing Galvantula was burned!</small><br></div><div class="spacer battle-history"><br></div><div class="battle-history"><small>The opposing Galvantula was hurt by its burn!</small><br></div><div class="spacer battle-history"><br></div><div class="battle-history">The opposing Galvantula fainted!<br></div><div class="spacer battle-history"><br></div><div class="battle-history">MawerDk sent out <strong>Nidoking</strong>!<br></div><div class="spacer battle-history"><br></div><h2 class="battle-history">Turn 2</h2><div class="spacer battle-history"><br></div><div class="battle-history">Ash could of caugh used <strong>Bulldoze</strong>!<br></div><div class="battle-history"><small>It's super effective!</small><br></div><div class="battle-history"><small>(The opposing Nidoking lost <abbr title="−166/303">54.8%</abbr> of its health!)</small><br></div><div class="battle-history"><small>The opposing Nidoking's Speed fell!</small><br></div><div class="spacer battle-history"><br></div><div class="battle-history">The opposing Nidoking used <strong>Earth Power</strong>!<br></div><div class="battle-history"><small>It's super effective!</small><br></div><div class="battle-history"><small>(Ash could of caugh lost <abbr title="−371/371">100%</abbr> of its health!)</small><br></div><div class="spacer battle-history"><br></div><div class="battle-history">Ash could of caugh fainted!<br></div><div class="spacer battle-history"><br></div><div class="battle-history">Go! beta (<strong>Porygon-Z</strong>)!<br></div><div class="battle-history"><small>beta was caught in a sticky web!</small><br></div><div class="battle-history"><small>beta's Speed fell!</small><br></div><div class="spacer battle-history"><br></div><h2 class="battle-history">Turn 3</h2><div class="spacer battle-history"><br></div><div class="battle-history">MawerDk withdrew Nidoking!<br></div><div class="battle-history">MawerDk sent out <strong>Umbreon</strong>!<br></div><div class="spacer battle-history"><br></div><div class="battle-history">beta used <strong>Tri Attack</strong>!<br></div><div class="battle-history"><small>(The opposing Umbreon lost <abbr title="−206/394">52.3%</abbr> of its health!)</small><br></div><div class="battle-history"><small>The opposing Umbreon was frozen solid!</small><br></div><div class="spacer battle-history"><br></div><h2 class="battle-history">Turn 4</h2><div class="spacer battle-history"><br></div><div class="battle-history">beta, come back!<br></div><div class="battle-history">Go! Hitomi Tanaka (<strong>Tentacruel</strong>)!<br></div><div class="battle-history"><small>Hitomi Tanaka was caught in a sticky web!</small><br></div><div class="battle-history"><small>Hitomi Tanaka's Speed fell!</small><br></div><div class="spacer battle-history"><br></div><div class="battle-history">The opposing Umbreon is frozen solid!<br></div><div class="spacer battle-history"><br></div><h2 class="battle-history">Turn 5</h2><div class="spacer battle-history"><br></div><div class="battle-history">Hitomi Tanaka used <strong>Rapid Spin</strong>!<br></div><div class="battle-history"><small>(The opposing Umbreon lost <abbr title="−9/394">2.3%</abbr> of its health!)</small><br></div><div class="battle-history"><small>Hitomi Tanaka was hurt by the Rocky Helmet!</small><br></div><div class="battle-history"><small>The sticky web has disappeared from the ground around your team!</small><br></div><div class="spacer battle-history"><br></div><div class="battle-history">The opposing Umbreon is frozen solid!<br></div><div class="spacer battle-history"><br></div><div class="battle-history"><small>Hitomi Tanaka restored a little HP using its Black Sludge!</small><br></div><div class="spacer battle-history"><br></div><h2 class="battle-history">Turn 6</h2><div class="spacer battle-history"><br></div><div class="battle-history">Hitomi Tanaka used <strong>Hydro Pump</strong>!<br></div><div class="battle-history"><small>The opposing Umbreon avoided the attack!</small><br></div><div class="spacer battle-history"><br></div><div class="battle-history">The opposing Umbreon is frozen solid!<br></div><div class="spacer battle-history"><br></div><div class="battle-history"><small>Hitomi Tanaka restored a little HP using its Black Sludge!</small><br></div><div class="spacer battle-history"><br></div><h2 class="battle-history">Turn 7</h2><div class="spacer battle-history"><br></div><div class="battle-history">Hitomi Tanaka used <strong>Hydro Pump</strong>!<br></div><div class="battle-history"><small>The opposing Umbreon avoided the attack!</small><br></div><div class="battle-history"><small>The opposing Umbreon thawed out!</small><br></div><div class="spacer battle-history"><br></div><div class="battle-history">The opposing Umbreon used <strong>Wish</strong>!<br></div><div class="spacer battle-history"><br></div><div class="battle-history"><small>Hitomi Tanaka restored a little HP using its Black Sludge!</small><br></div><div class="spacer battle-history"><br></div><h2 class="battle-history">Turn 8</h2><div class="spacer battle-history"><br></div><div class="battle-history">Hitomi Tanaka used <strong>Sludge Wave</strong>!<br></div><div class="battle-history"><small>(The opposing Umbreon lost <abbr title="−72/394">18.3%</abbr> of its health!)</small><br></div><div class="spacer battle-history"><br></div><div class="battle-history">The opposing Umbreon used <strong>Foul Play</strong>!<br></div><div class="battle-history"><small>(Hitomi Tanaka lost <abbr title="−93/301">30.9%</abbr> of its health!)</small><br></div><div class="spacer battle-history"><br></div><div class="battle-history"><small>Umbreon's wish came true!</small><br></div><div class="battle-history"><small>Hitomi Tanaka restored a little HP using its Black Sludge!</small><br></div><div class="spacer battle-history"><br></div><h2 class="battle-history">Turn 9</h2><div class="spacer battle-history"><br></div><div class="battle-history">Hitomi Tanaka used <strong>Hydro Pump</strong>!<br></div><div class="battle-history"><small>(The opposing Umbreon lost <abbr title="−81/394">20.6%</abbr> of its health!)</small><br></div><div class="spacer battle-history"><br></div><div class="battle-history">The opposing Umbreon used <strong>Foul Play</strong>!<br></div><div class="battle-history"><small>(Hitomi Tanaka lost <abbr title="−84/301">27.9%</abbr> of its health!)</small><br></div><div class="spacer battle-history"><br></div><div class="battle-history"><small>Hitomi Tanaka restored a little HP using its Black Sludge!</small><br></div><div class="spacer battle-history"><br></div><h2 class="battle-history">Turn 10</h2><div class="spacer battle-history"><br></div><div class="battle-history">Hitomi Tanaka used <strong>Sludge Wave</strong>!<br></div><div class="battle-history"><small>(The opposing Umbreon lost <abbr title="−75/394">19.0%</abbr> of its health!)</small><br></div><div class="battle-history"><small>The opposing Umbreon was poisoned!</small><br></div><div class="battle-history"><small>[The opposing Umbreon's Synchronize]</small><br></div><div class="battle-history"><small>It doesn't affect Hitomi Tanaka...</small><br></div><div class="spacer battle-history"><br></div><div class="battle-history">The opposing Umbreon used <strong>Foul Play</strong>!<br></div><div class="battle-history"><small>(Hitomi Tanaka lost <abbr title="−81/301">26.9%</abbr> of its health!)</small><br></div><div class="spacer battle-history"><br></div><div class="battle-history"><small>Hitomi Tanaka restored a little HP using its Black Sludge!</small><br></div><div class="battle-history"><small>The opposing Umbreon was hurt by poison!</small><br></div><div class="spacer battle-history"><br></div><h2 class="battle-history">Turn 11</h2><div class="spacer battle-history"><br></div><div class="battle-history">Hitomi Tanaka used <strong>Hydro Pump</strong>!<br></div><div class="battle-history"><small>(The opposing Umbreon lost <abbr title="−88/394">22.3%</abbr> of its health!)</small><br></div><div class="spacer battle-history"><br></div><div class="battle-history">The opposing Umbreon used <strong>Wish</strong>!<br></div><div class="spacer battle-history"><br></div><div class="battle-history"><small>Hitomi Tanaka restored a little HP using its Black Sludge!</small><br></div><div class="battle-history"><small>The opposing Umbreon was hurt by poison!</small><br></div><div class="spacer battle-history"><br></div><div class="battle-history">The opposing Umbreon fainted!<br></div><div class="spacer battle-history"><br></div><div class="battle-history">MawerDk sent out <strong>Metagross</strong>!<br></div><div class="spacer battle-history"><br></div><h2 class="battle-history">Turn 12</h2><div class="spacer battle-history"><br></div><div class="battle-history">The opposing Metagross used <strong>Agility</strong>!<br></div><div class="battle-history"><small>The opposing Metagross's Speed rose sharply!</small><br></div><div class="spacer battle-history"><br></div><div class="battle-history">Hitomi Tanaka used <strong>Hydro Pump</strong>!<br></div><div class="battle-history"><small>(The opposing Metagross lost <abbr title="−144/301">47.8%</abbr> of its health!)</small><br></div><div class="spacer battle-history"><br></div><div class="battle-history"><small>Umbreon's wish came true!</small><br></div><div class="battle-history"><small>Hitomi Tanaka restored a little HP using its Black Sludge!</small><br></div><div class="spacer battle-history"><br></div><h2 class="battle-history">Turn 13</h2><div class="spacer battle-history"><br></div><div class="battle-history">The opposing Metagross used <strong>Zen Headbutt</strong>!<br></div><div class="battle-history"><small>It's super effective!</small><br></div><div class="battle-history"><small>(Hitomi Tanaka lost <abbr title="−133/301">44.2%</abbr> of its health!)</small><br></div><div class="spacer battle-history"><br></div><div class="battle-history">Hitomi Tanaka fainted!<br></div><div class="spacer battle-history"><br></div><div class="battle-history">Go! Presscott (<strong>Whimsicott</strong>)!<br></div><div class="spacer battle-history"><br></div><h2 class="battle-history">Turn 14</h2><div class="spacer battle-history"><br></div><div class="battle-history">Presscott used <strong>Encore</strong>!<br></div><div class="battle-history"><small>The opposing Metagross received an encore!</small><br></div><div class="spacer battle-history"><br></div><div class="battle-history">The opposing Metagross used <strong>Zen Headbutt</strong>!<br></div><div class="battle-history"><small>(Presscott lost <abbr title="−198/261">75.9%</abbr> of its health!)</small><br></div><div class="spacer battle-history"><br></div><h2 class="battle-history">Turn 15</h2><div class="spacer battle-history"><br></div><div class="battle-history">Presscott used <strong>Nature Power</strong>!<br></div><div class="spacer battle-history"><br></div><div class="battle-history">Nature Power turned into Tri Attack!<br></div><div class="battle-history"><small>It's not very effective...</small><br></div><div class="battle-history"><small>(The opposing Metagross lost <abbr title="−43/301">14.3%</abbr> of its health!)</small><br></div><div class="spacer battle-history"><br></div><div class="battle-history">The opposing Metagross used <strong>Zen Headbutt</strong>!<br></div><div class="battle-history"><small>Presscott avoided the attack!</small><br></div><div class="spacer battle-history"><br></div><h2 class="battle-history">Turn 16</h2><div class="spacer battle-history"><br></div><div class="battle-history">Presscott used <strong>Nature Power</strong>!<br></div><div class="spacer battle-history"><br></div><div class="battle-history">Nature Power turned into Tri Attack!<br></div><div class="battle-history"><small>It's not very effective...</small><br></div><div class="battle-history"><small>(The opposing Metagross lost <abbr title="−40/301">13.3%</abbr> of its health!)</small><br></div><div class="battle-history"><small>The opposing Metagross was frozen solid!</small><br></div><div class="spacer battle-history"><br></div><div class="battle-history">The opposing Metagross is frozen solid!<br></div><div class="spacer battle-history"><br></div><div class="battle-history"><small>The opposing Metagross's encore ended!</small><br></div><div class="spacer battle-history"><br></div><h2 class="battle-history">Turn 17</h2><div class="spacer battle-history"><br></div><div class="battle-history">Presscott, come back!<br></div><div class="battle-history">Go! Mandingo (<strong>Conkeldurr</strong>)!<br></div><div class="spacer battle-history"><br></div><div class="battle-history">The opposing Metagross is frozen solid!<br></div><div class="spacer battle-history"><br></div><div class="battle-history"><small>Mandingo was burned!</small><br></div><div class="spacer battle-history"><br></div><h2 class="battle-history">Turn 18</h2><div class="spacer battle-history"><br></div><div class="battle-history">The opposing Metagross is frozen solid!<br></div><div class="spacer battle-history"><br></div><div class="battle-history">Mandingo used <strong>Knock Off</strong>!<br></div><div class="battle-history"><small>It's super effective!</small><br></div><div class="battle-history"><small>(The opposing Metagross lost <abbr title="−218/301">72.4%</abbr> of its health!)</small><br></div><div class="battle-history"><small>Mandingo knocked off the opposing Metagross's Weakness Policy!</small><br></div><div class="spacer battle-history"><br></div><div class="battle-history">The opposing Metagross fainted!<br></div><div class="spacer battle-history"><br></div><div class="battle-history"><small>Mandingo was hurt by its burn!</small><br></div><div class="spacer battle-history"><br></div><div class="battle-history">MawerDk sent out <strong>Nidoking</strong>!<br></div><div class="spacer battle-history"><br></div><h2 class="battle-history">Turn 19</h2><div class="spacer battle-history"><br></div><div class="battle-history">The opposing Nidoking used <strong>Sludge Wave</strong>!<br></div><div class="battle-history"><small>(Mandingo lost <abbr title="−278/414">67.1%</abbr> of its health!)</small><br></div><div class="spacer battle-history"><br></div><div class="battle-history">Mandingo used <strong>Drain Punch</strong>!<br></div><div class="battle-history"><small>It's not very effective...</small><br></div><div class="battle-history"><small>(The opposing Nidoking lost <abbr title="−137/303">45.2%</abbr> of its health!)</small><br></div><div class="battle-history"><small>The opposing Nidoking had its energy drained!</small><br></div><div class="spacer battle-history"><br></div><div class="battle-history">The opposing Nidoking fainted!<br></div><div class="spacer battle-history"><br></div><div class="battle-history"><small>Mandingo was hurt by its burn!</small><br></div><div class="spacer battle-history"><br></div><div class="battle-history">MawerDk sent out <strong>Sceptile</strong>!<br></div><div class="spacer battle-history"><br></div><h2 class="battle-history">Turn 20</h2><div class="spacer battle-history"><br></div><div class="battle-history"><small>The opposing Sceptile's Sceptilite is reacting to MawerDk's Mega Bracelet!</small><br>The opposing Sceptile has Mega Evolved into Mega Sceptile!<br></div><div class="spacer battle-history"><br></div><div class="battle-history">Mandingo used <strong>Mach Punch</strong>!<br></div><div class="battle-history"><small>(The opposing Sceptile lost <abbr title="−166/281">59.1%</abbr> of its health!)</small><br></div><div class="spacer battle-history"><br></div><div class="battle-history">The opposing Sceptile used <strong>Giga Drain</strong>!<br></div><div class="battle-history"><small>(Mandingo lost <abbr title="−103/414">24.9%</abbr> of its health!)</small><br></div><div class="battle-history"><small>Mandingo had its energy drained!</small><br></div><div class="spacer battle-history"><br></div><div class="battle-history">Mandingo fainted!<br></div><div class="spacer battle-history"><br></div><div class="battle-history">Go! Presscott (<strong>Whimsicott</strong>)!<br></div><div class="spacer battle-history"><br></div><h2 class="battle-history">Turn 21</h2><div class="spacer battle-history"><br></div><div class="battle-history">Presscott used <strong>Nature Power</strong>!<br></div><div class="spacer battle-history"><br></div><div class="battle-history">Nature Power turned into Tri Attack!<br></div><div class="battle-history"><small>A critical hit!</small><br></div><div class="battle-history"><small>(The opposing Sceptile lost <abbr title="−135/281">48.0%</abbr> of its health!)</small><br></div><div class="spacer battle-history"><br></div><div class="battle-history">The opposing Sceptile used <strong>Giga Drain</strong>!<br></div><div class="battle-history"><small>It's not very effective...</small><br></div><div class="battle-history"><small>(Presscott lost <abbr title="−63/261">24.1%</abbr> of its health!)</small><br></div><div class="battle-history"><small>Presscott had its energy drained!</small><br></div><div class="spacer battle-history"><br></div><div class="battle-history">Presscott fainted!<br></div><div class="spacer battle-history"><br></div><div class="battle-history">Go! Alpha (<strong>Magneton</strong>)!<br></div><div class="spacer battle-history"><br></div><h2 class="battle-history">Turn 22</h2><div class="spacer battle-history"><br></div><div class="battle-history">The opposing Sceptile used <strong>Focus Blast</strong>!<br></div><div class="battle-history"><small>It's super effective!</small><br></div><div class="battle-history"><small>(Alpha lost <abbr title="−303/303">100%</abbr> of its health!)</small><br></div><div class="spacer battle-history"><br></div><div class="battle-history">Alpha fainted!<br></div><div class="spacer battle-history"><br></div><div class="battle-history">Go! beta (<strong>Porygon-Z</strong>)!<br></div><div class="spacer battle-history"><br></div><h2 class="battle-history">Turn 23</h2><div class="spacer battle-history"><br></div><div class="battle-history">The opposing Sceptile used <strong>Focus Blast</strong>!<br></div><div class="battle-history"><small>beta avoided the attack!</small><br></div><div class="spacer battle-history"><br></div><div class="battle-history">beta used <strong>Tri Attack</strong>!<br></div><div class="battle-history"><small>(The opposing Sceptile lost <abbr title="−64/281">22.8%</abbr> of its health!)</small><br></div><div class="spacer battle-history"><br></div><div class="battle-history">The opposing Sceptile fainted!<br></div><div class="spacer battle-history"><br></div><div class="battle-history">MawerDk sent out <strong>Empoleon</strong>!<br></div><div class="spacer battle-history"><br></div><h2 class="battle-history">Turn 24</h2><div class="spacer battle-history"><br></div><div class="battle-history">beta used <strong>Tri Attack</strong>!<br></div><div class="battle-history"><small>It's not very effective...</small><br></div><div class="battle-history"><small>(The opposing Empoleon lost <abbr title="−167/372">44.9%</abbr> of its health!)</small><br></div><div class="spacer battle-history"><br></div><div class="battle-history">The opposing Empoleon used <strong>Toxic</strong>!<br></div><div class="battle-history"><small>beta was badly poisoned!</small><br></div><div class="spacer battle-history"><br></div><div class="battle-history"><small>The opposing Empoleon restored a little HP using its Leftovers!</small><br></div><div class="battle-history"><small>beta was hurt by poison!</small><br></div><div class="spacer battle-history"><br></div><h2 class="battle-history">Turn 25</h2><div class="spacer battle-history"><br></div><div class="battle-history">beta used <strong>Tri Attack</strong>!<br></div><div class="battle-history"><small>It's not very effective...</small><br></div><div class="battle-history"><small>(The opposing Empoleon lost <abbr title="−169/372">45.4%</abbr> of its health!)</small><br></div><div class="spacer battle-history"><br></div><div class="battle-history">The opposing Empoleon used <strong>Flash Cannon</strong>!<br></div><div class="battle-history"><small>(beta lost <abbr title="−124/311">39.9%</abbr> of its health!)</small><br></div><div class="spacer battle-history"><br></div><div class="battle-history"><small>The opposing Empoleon restored a little HP using its Leftovers!</small><br></div><div class="battle-history"><small>beta was hurt by poison!</small><br></div><div class="spacer battle-history"><br></div><h2 class="battle-history">Turn 26</h2><div class="spacer battle-history"><br></div><div class="battle-history"><small>MawerDk forfeited.</small><br></div><div class="spacer battle-history"><br></div><div class="battle-history"><strong>ParnStar</strong> won the battle!<br></div><div class="chat"><small>MawerDk left.</small></div></div><div class="inner-preempt"></div></div></div>
</div>
<script>
let daily = Math.floor(Date.now()/1000/60/60/24);document.write('<script src="https://play.pokemonshowdown.com/js/replay-embed.js?version'+daily+'"></'+'script>');
</script>
