<!DOCTYPE html>
<meta charset="utf-8" />
<!-- version 1 -->
<title>UU replay: Ricememe vs. hensl</title>
<style>
html,body {font-family:Verdana, sans-serif;font-size:10pt;margin:0;padding:0;}body{padding:12px 0;} .battle-log {font-family:Verdana, sans-serif;font-size:10pt;} .battle-log-inline {border:1px solid #AAAAAA;background:#EEF2F5;color:black;max-width:640px;margin:0 auto 80px;padding-bottom:5px;} .battle-log .inner {padding:4px 8px 0px 8px;} .battle-log .inner-preempt {padding:0 8px 4px 8px;} .battle-log .inner-after {margin-top:0.5em;} .battle-log h2 {margin:0.5em -8px;padding:4px 8px;border:1px solid #AAAAAA;background:#E0E7EA;border-left:0;border-right:0;font-family:Verdana, sans-serif;font-size:13pt;} .battle-log .chat {vertical-align:middle;padding:3px 0 3px 0;font-size:8pt;} .battle-log .chat strong {color:#40576A;} .battle-log .chat em {padding:1px 4px 1px 3px;color:#000000;font-style:normal;} .chat.mine {background:rgba(0,0,0,0.05);margin-left:-8px;margin-right:-8px;padding-left:8px;padding-right:8px;} .spoiler {color:#BBBBBB;background:#BBBBBB;padding:0px 3px;} .spoiler:hover, .spoiler:active, .spoiler-shown {color:#000000;background:#E2E2E2;padding:0px 3px;} .spoiler a {color:#BBBBBB;} .spoiler:hover a, .spoiler:active a, .spoiler-shown a {color:#2288CC;} .chat code, .chat .spoiler:hover code, .chat .spoiler:active code, .chat .spoiler-shown code {border:1px solid #C0C0C0;background:#EEEEEE;color:black;padding:0 2px;} .chat .spoiler code {border:1px solid #CCCCCC;background:#CCCCCC;color:#CCCCCC;} .battle-log .rated {padding:3px 4px;} .battle-log .rated strong {color:white;background:#89A;padding:1px 4px;border-radius:4px;} .spacer {margin-top:0.5em;} .message-announce {background:#6688AA;color:white;padding:1px 4px 2px;} .message-announce a, .broadcast-green a, .broadcast-blue a, .broadcast-red a {color:#DDEEFF;} .broadcast-green {background-color:#559955;color:white;padding:2px 4px;} .broadcast-blue {background-color:#6688AA;color:white;padding:2px 4px;} .infobox {border:1px solid #6688AA;padding:2px 4px;} .infobox-limited {max-height:200px;overflow:auto;overflow-x:hidden;} .broadcast-red {background-color:#AA5544;color:white;padding:2px 4px;} .message-learn-canlearn {font-weight:bold;color:#228822;text-decoration:underline;} .message-learn-cannotlearn {font-weight:bold;color:#CC2222;text-decoration:underline;} .message-effect-weak {font-weight:bold;color:#CC2222;} .message-effect-resist {font-weight:bold;color:#6688AA;} .message-effect-immune {font-weight:bold;color:#666666;} .message-learn-list {margin-top:0;margin-bottom:0;} .message-throttle-notice, .message-error {color:#992222;} .message-overflow, .chat small.message-overflow {font-size:0pt;} .message-overflow::before {font-size:9pt;content:'...';} .subtle {color:#3A4A66;}
</style>
<div class="wrapper replay-wrapper" style="max-width:1180px;margin:0 auto">
<input type="hidden" name="replayid" value="uu-570725704" />
<div class="battle"></div><div class="battle-log"></div><div class="replay-controls"></div><div class="replay-controls-2"></div>
<h1 style="font-weight:normal;text-align:center"><strong>UU</strong><br /><a href="http://pokemonshowdown.com/users/ricememe" class="subtle" target="_blank">Ricememe</a> vs. <a href="http://pokemonshowdown.com/users/hensl" class="subtle" target="_blank">hensl</a></h1>
<script type="text/plain" class="battle-log-data">|j|Ricememe
|j|hensl
|player|p1|Ricememe|253
|player|p2|hensl|101
|gametype|singles
|gen|6
|tier|UU
|rated
|seed|7430,8173,29332,5907
|rule|Sleep Clause Mod: Limit one foe put to sleep
|rule|Species Clause: Limit one of each Pokémon
|rule|OHKO Clause: OHKO moves are banned
|rule|Moody Clause: Moody is banned
|rule|Evasion Moves Clause: Evasion moves are banned
|rule|Endless Battle Clause: Forcing endless battles is banned
|rule|HP Percentage Mod: HP is shown in percentages
|clearpoke
|poke|p1|Crawdaunt, F|item
|poke|p1|Krookodile, M|item
|poke|p1|Aerodactyl, M|item
|poke|p1|Entei, shiny|item
|poke|p1|Heracross, M|item
|poke|p1|Haxorus, F|item
|poke|p2|Swampert, M|item
|poke|p2|Hydreigon, F|item
|poke|p2|Klefki, F|item
|poke|p2|Suicune|item
|poke|p2|Lucario, M|item
|poke|p2|Darmanitan, M|item
|rule|Swagger Clause: Swagger is banned
|rule|Baton Pass Clause: Limit one Baton Passer, can't pass Spe and other stats simultaneously
|teampreview
|choice|team 1, team 2, team 3, team 4, team 5, team 6|team 2, team 1, team 3, team 4, team 5, team 6
|
|start
|switch|p1a: Crawdaunt|Crawdaunt, F|267\/267
|switch|p2a: Hydreigon|Hydreigon, F|325\/325
|turn|1
|choice|move crabhammer|move dracometeor
|
|move|p2a: Hydreigon|Draco Meteor|p1a: Crawdaunt
|-damage|p1a: Crawdaunt|0 fnt
|-unboost|p2a: Hydreigon|spa|2
|faint|p1a: Crawdaunt
|
|upkeep
|choice|switch 5|
|
|switch|p1a: Heracross|Heracross, M|301\/301
|turn|2
|choice|move closecombat|switch 3
|
|switch|p2a: Klefki|Klefki, F|318\/318
|move|p1a: Heracross|Close Combat|p2a: Klefki
|-damage|p2a: Klefki|0 fnt
|-unboost|p1a: Heracross|def|1
|-unboost|p1a: Heracross|spd|1
|faint|p2a: Klefki
|
|upkeep
|choice||switch 3
|
|switch|p2a: Hydreigon|Hydreigon, F|325\/325
|turn|3
|choice|switch 4|move dracometeor
|
|switch|p1a: Entei|Entei, shiny|371\/371
|-ability|p1a: Entei|Pressure
|move|p2a: Hydreigon|Draco Meteor|p1a: Entei
|-damage|p1a: Entei|0 fnt
|-unboost|p2a: Hydreigon|spa|2
|faint|p1a: Entei
|
|upkeep
|choice|switch 2|
|
|switch|p1a: Krookodile|Krookodile, M|331\/331
|-ability|p1a: Krookodile|Intimidate|boost
|-unboost|p2a: Hydreigon|atk|1
|turn|4
|choice|move superpower|switch 2
|
|switch|p2a: Swampert|Swampert, M|394\/394
|move|p1a: Krookodile|Superpower|p2a: Swampert
|-damage|p2a: Swampert|163\/394
|-unboost|p1a: Krookodile|atk|1
|-unboost|p1a: Krookodile|def|1
|
|upkeep
|turn|5
|choice|switch 6|move waterfall mega
|
|switch|p1a: Haxorus|Haxorus, F|293\/293
|-ability|p1a: Haxorus|Mold Breaker
|detailschange|p2a: Swampert|Swampert-Mega, M
|-mega|p2a: Swampert|Swampert|Swampertite
|move|p2a: Swampert|Waterfall|p1a: Haxorus
|-resisted|p1a: Haxorus
|-damage|p1a: Haxorus|197\/293
|
|upkeep
|turn|6
|choice|move dragonclaw|move icepunch
|
|move|p1a: Haxorus|Dragon Claw|p2a: Swampert
|-damage|p2a: Swampert|0 fnt
|faint|p2a: Swampert
|
|upkeep
|choice||switch 2
|
|switch|p2a: Hydreigon|Hydreigon, F|325\/325
|turn|7
|choice|switch 3|move dracometeor
|
|switch|p1a: Aerodactyl|Aerodactyl, M|301\/301
|move|p2a: Hydreigon|Draco Meteor|p1a: Aerodactyl
|-damage|p1a: Aerodactyl|0 fnt
|-unboost|p2a: Hydreigon|spa|2
|faint|p1a: Aerodactyl
|
|upkeep
|j|santiago rafael
|l|santiago rafael
|choice|switch 3|
|
|switch|p1a: Haxorus|Haxorus, F|197\/293
|-ability|p1a: Haxorus|Mold Breaker
|turn|8
|choice|move outrage|move dracometeor
|
|move|p2a: Hydreigon|Draco Meteor|p1a: Haxorus
|-supereffective|p1a: Haxorus
|-damage|p1a: Haxorus|0 fnt
|-unboost|p2a: Hydreigon|spa|2
|faint|p1a: Haxorus
|
|upkeep
|j|santiago rafael
|choice|switch 4|
|
|switch|p1a: Heracross|Heracross, M|301\/301
|turn|9
|l|santiago rafael
|choice|move closecombat|switch 4
|
|switch|p2a: Suicune|Suicune|404\/404
|-ability|p2a: Suicune|Pressure
|move|p1a: Heracross|Close Combat|p2a: Suicune
|-damage|p2a: Suicune|152\/404
|-unboost|p1a: Heracross|def|1
|-unboost|p1a: Heracross|spd|1
|
|-heal|p2a: Suicune|177\/404|[from] item: Leftovers
|upkeep
|turn|10
|choice|move closecombat|move protect
|
|move|p2a: Suicune|Protect|p2a: Suicune
|-singleturn|p2a: Suicune|Protect
|move|p1a: Heracross|Close Combat|p2a: Suicune
|-activate|p2a: Suicune|move: Protect
|
|-heal|p2a: Suicune|202\/404|[from] item: Leftovers
|upkeep
|turn|11
|choice|move closecombat|move scald
|
|move|p1a: Heracross|Close Combat|p2a: Suicune
|-damage|p2a: Suicune|0 fnt
|-unboost|p1a: Heracross|def|1
|-unboost|p1a: Heracross|spd|1
|faint|p2a: Suicune
|
|upkeep
|choice||switch 6
|
|switch|p2a: Darmanitan|Darmanitan, M|351\/351
|turn|12
|choice|switch 6|move flareblitz
|
|switch|p1a: Krookodile|Krookodile, M|331\/331
|-ability|p1a: Krookodile|Intimidate|boost
|-unboost|p2a: Darmanitan|atk|1
|move|p2a: Darmanitan|Flare Blitz|p1a: Krookodile
|-damage|p1a: Krookodile|111\/331
|-damage|p2a: Darmanitan|278\/351|[from] recoil|[of] p1a: Krookodile
|
|upkeep
|turn|13
|choice|move knockoff|move flareblitz
|
|move|p2a: Darmanitan|Flare Blitz|p1a: Krookodile
|-crit|p1a: Krookodile
|-damage|p1a: Krookodile|0 fnt
|-damage|p2a: Darmanitan|241\/351|[from] recoil|[of] p1a: Krookodile
|faint|p1a: Krookodile
|
|upkeep
|choice|switch 6|
|
|switch|p1a: Heracross|Heracross, M|301\/301
|turn|14
|c|☆hensl|gg
|choice|move megahorn|move flareblitz
|
|move|p2a: Darmanitan|Flare Blitz|p1a: Heracross
|-supereffective|p1a: Heracross
|-crit|p1a: Heracross
|-damage|p1a: Heracross|0 fnt
|-damage|p2a: Darmanitan|142\/351|[from] recoil|[of] p1a: Heracross
|faint|p1a: Heracross
|
|win|hensl
|c|☆Ricememe|gg
|raw|Ricememe's rating: 1000 &rarr; <strong>1000<\/strong><br \/>(+0 for losing)
|raw|hensl's rating: 1088 &rarr; <strong>1108<\/strong><br \/>(+20 for winning)</script>
</div>
<div class="battle-log battle-log-inline"><div class="inner"><div class="battle-options"></div><div class="inner"><div class="chat"><small>Ricememe joined.</small></div><div class="chat"><small>hensl joined.</small></div><div class=""><small>Format:</small> <br><strong>UU</strong></div><div class="rated"><strong>Rated battle</strong></div><div class=""><small><em>Sleep Clause Mod:</em> Limit one foe put to sleep</small></div><div class=""><small><em>Species Clause:</em> Limit one of each Pokémon</small></div><div class=""><small><em>OHKO Clause:</em> OHKO moves are banned</small></div><div class=""><small><em>Moody Clause:</em> Moody is banned</small></div><div class=""><small><em>Evasion Moves Clause:</em> Evasion moves are banned</small></div><div class=""><small><em>Endless Battle Clause:</em> Forcing endless battles is banned</small></div><div class=""><small><em>HP Percentage Mod:</em> HP is shown in percentages</small></div><div class=""><small><em>Swagger Clause:</em> Swagger is banned</small></div><div class=""><small><em>Baton Pass Clause:</em> Limit one Baton Passer, can't pass Spe and other stats simultaneously</small></div><div class="chat battle-history"><strong>Ricememe's team:</strong> <em style="color:#445566;display:block;">Crawdaunt / Krookodile / Aerodactyl / Entei / Heracross / Haxorus</em></div><div class="chat battle-history"><strong>hensl's team:</strong> <em style="color:#445566;display:block;">Swampert / Hydreigon / Klefki / Suicune / Lucario / Darmanitan</em></div><div class="spacer battle-history"><br></div><div class="battle-history">Battle started between Ricememe and hensl!<br></div><div class="spacer battle-history"><br></div><div class="battle-history">Go! <strong>Crawdaunt</strong>!<br></div><div class="spacer battle-history"><br></div><div class="battle-history">hensl sent out <strong>Hydreigon</strong>!<br></div><div class="spacer battle-history"><br></div><h2 class="battle-history">Turn 1</h2><div class="spacer battle-history"><br></div><div class="battle-history">The opposing Hydreigon used <strong>Draco Meteor</strong>!<br></div><div class="battle-history"><small>(Crawdaunt lost <abbr title="−267/267">100%</abbr> of its health!)</small><br></div><div class="battle-history"><small>The opposing Hydreigon's Special Attack fell harshly!</small><br></div><div class="spacer battle-history"><br></div><div class="battle-history">Crawdaunt fainted!<br></div><div class="spacer battle-history"><br></div><div class="battle-history">Go! <strong>Heracross</strong>!<br></div><div class="spacer battle-history"><br></div><h2 class="battle-history">Turn 2</h2><div class="spacer battle-history"><br></div><div class="battle-history">hensl withdrew Hydreigon!<br></div><div class="battle-history">hensl sent out <strong>Klefki</strong>!<br></div><div class="spacer battle-history"><br></div><div class="battle-history">Heracross used <strong>Close Combat</strong>!<br></div><div class="battle-history"><small>(The opposing Klefki lost <abbr title="−318/318">100%</abbr> of its health!)</small><br></div><div class="battle-history"><small>Heracross's Defense fell!</small><br></div><div class="battle-history"><small>Heracross's Special Defense fell!</small><br></div><div class="spacer battle-history"><br></div><div class="battle-history">The opposing Klefki fainted!<br></div><div class="spacer battle-history"><br></div><div class="battle-history">hensl sent out <strong>Hydreigon</strong>!<br></div><div class="spacer battle-history"><br></div><h2 class="battle-history">Turn 3</h2><div class="spacer battle-history"><br></div><div class="battle-history">Heracross, come back!<br></div><div class="battle-history">Go! <strong>Entei</strong>!<br></div><div class="battle-history"><small>[Entei's Pressure]</small><br><small>Entei is exerting its pressure!</small><br></div><div class="spacer battle-history"><br></div><div class="battle-history">The opposing Hydreigon used <strong>Draco Meteor</strong>!<br></div><div class="battle-history"><small>(Entei lost <abbr title="−371/371">100%</abbr> of its health!)</small><br></div><div class="battle-history"><small>The opposing Hydreigon's Special Attack fell harshly!</small><br></div><div class="spacer battle-history"><br></div><div class="battle-history">Entei fainted!<br></div><div class="spacer battle-history"><br></div><div class="battle-history">Go! <strong>Krookodile</strong>!<br></div><div class="battle-history"><small>[Krookodile's Intimidate]</small><br></div><div class="battle-history"><small>The opposing Hydreigon's Attack fell!</small><br></div><div class="spacer battle-history"><br></div><h2 class="battle-history">Turn 4</h2><div class="spacer battle-history"><br></div><div class="battle-history">hensl withdrew Hydreigon!<br></div><div class="battle-history">hensl sent out <strong>Swampert</strong>!<br></div><div class="spacer battle-history"><br></div><div class="battle-history">Krookodile used <strong>Superpower</strong>!<br></div><div class="battle-history"><small>(The opposing Swampert lost <abbr title="−231/394">58.6%</abbr> of its health!)</small><br></div><div class="battle-history"><small>Krookodile's Attack fell!</small><br></div><div class="battle-history"><small>Krookodile's Defense fell!</small><br></div><div class="spacer battle-history"><br></div><h2 class="battle-history">Turn 5</h2><div class="spacer battle-history"><br></div><div class="battle-history">Krookodile, come back!<br></div><div class="battle-history">Go! <strong>Haxorus</strong>!<br></div><div class="battle-history"><small>[Haxorus's Mold Breaker]</small><br><small>Haxorus breaks the mold!</small><br></div><div class="spacer battle-history"><br></div><div class="battle-history"><small>The opposing Swampert's Swampertite is reacting to hensl's Mega Bracelet!</small><br>The opposing Swampert has Mega Evolved into Mega Swampert!<br></div><div class="spacer battle-history"><br></div><div class="battle-history">The opposing Swampert used <strong>Waterfall</strong>!<br></div><div class="battle-history"><small>It's not very effective...</small><br></div><div class="battle-history"><small>(Haxorus lost <abbr title="−96/293">32.8%</abbr> of its health!)</small><br></div><div class="spacer battle-history"><br></div><h2 class="battle-history">Turn 6</h2><div class="spacer battle-history"><br></div><div class="battle-history">Haxorus used <strong>Dragon Claw</strong>!<br></div><div class="battle-history"><small>(The opposing Swampert lost <abbr title="−163/394">41.4%</abbr> of its health!)</small><br></div><div class="spacer battle-history"><br></div><div class="battle-history">The opposing Swampert fainted!<br></div><div class="spacer battle-history"><br></div><div class="battle-history">hensl sent out <strong>Hydreigon</strong>!<br></div><div class="spacer battle-history"><br></div><h2 class="battle-history">Turn 7</h2><div class="spacer battle-history"><br></div><div class="battle-history">Haxorus, come back!<br></div><div class="battle-history">Go! <strong>Aerodactyl</strong>!<br></div><div class="spacer battle-history"><br></div><div class="battle-history">The opposing Hydreigon used <strong>Draco Meteor</strong>!<br></div><div class="battle-history"><small>(Aerodactyl lost <abbr title="−301/301">100%</abbr> of its health!)</small><br></div><div class="battle-history"><small>The opposing Hydreigon's Special Attack fell harshly!</small><br></div><div class="spacer battle-history"><br></div><div class="battle-history">Aerodactyl fainted!<br></div><div class="chat"><small>santiago rafael joined.</small></div><div class="chat"><small>santiago rafael left.</small></div><div class="spacer battle-history"><br></div><div class="battle-history">Go! <strong>Haxorus</strong>!<br></div><div class="battle-history"><small>[Haxorus's Mold Breaker]</small><br><small>Haxorus breaks the mold!</small><br></div><div class="spacer battle-history"><br></div><h2 class="battle-history">Turn 8</h2><div class="spacer battle-history"><br></div><div class="battle-history">The opposing Hydreigon used <strong>Draco Meteor</strong>!<br></div><div class="battle-history"><small>It's super effective!</small><br></div><div class="battle-history"><small>(Haxorus lost <abbr title="−197/293">67.2%</abbr> of its health!)</small><br></div><div class="battle-history"><small>The opposing Hydreigon's Special Attack fell harshly!</small><br></div><div class="spacer battle-history"><br></div><div class="battle-history">Haxorus fainted!<br></div><div class="chat"><small>santiago rafael joined.</small></div><div class="spacer battle-history"><br></div><div class="battle-history">Go! <strong>Heracross</strong>!<br></div><div class="spacer battle-history"><br></div><h2 class="battle-history">Turn 9</h2><div class="chat"><small>santiago rafael left.</small></div><div class="spacer battle-history"><br></div><div class="battle-history">hensl withdrew Hydreigon!<br></div><div class="battle-history">hensl sent out <strong>Suicune</strong>!<br></div><div class="battle-history"><small>[The opposing Suicune's Pressure]</small><br><small>The opposing Suicune is exerting its pressure!</small><br></div><div class="spacer battle-history"><br></div><div class="battle-history">Heracross used <strong>Close Combat</strong>!<br></div><div class="battle-history"><small>(The opposing Suicune lost <abbr title="−252/404">62.4%</abbr> of its health!)</small><br></div><div class="battle-history"><small>Heracross's Defense fell!</small><br></div><div class="battle-history"><small>Heracross's Special Defense fell!</small><br></div><div class="spacer battle-history"><br></div><div class="battle-history"><small>The opposing Suicune restored a little HP using its Leftovers!</small><br></div><div class="spacer battle-history"><br></div><h2 class="battle-history">Turn 10</h2><div class="spacer battle-history"><br></div><div class="battle-history">The opposing Suicune used <strong>Protect</strong>!<br></div><div class="battle-history"><small>The opposing Suicune protected itself!</small><br></div><div class="spacer battle-history"><br></div><div class="battle-history">Heracross used <strong>Close Combat</strong>!<br></div><div class="battle-history"><small>The opposing Suicune protected itself!</small><br></div><div class="spacer battle-history"><br></div><div class="battle-history"><small>The opposing Suicune restored a little HP using its Leftovers!</small><br></div><div class="spacer battle-history"><br></div><h2 class="battle-history">Turn 11</h2><div class="spacer battle-history"><br></div><div class="battle-history">Heracross used <strong>Close Combat</strong>!<br></div><div class="battle-history"><small>(The opposing Suicune lost <abbr title="−202/404">50%</abbr> of its health!)</small><br></div><div class="battle-history"><small>Heracross's Defense fell!</small><br></div><div class="battle-history"><small>Heracross's Special Defense fell!</small><br></div><div class="spacer battle-history"><br></div><div class="battle-history">The opposing Suicune fainted!<br></div><div class="spacer battle-history"><br></div><div class="battle-history">hensl sent out <strong>Darmanitan</strong>!<br></div><div class="spacer battle-history"><br></div><h2 class="battle-history">Turn 12</h2><div class="spacer battle-history"><br></div><div class="battle-history">Heracross, come back!<br></div><div class="battle-history">Go! <strong>Krookodile</strong>!<br></div><div class="battle-history"><small>[Krookodile's Intimidate]</small><br></div><div class="battle-history"><small>The opposing Darmanitan's Attack fell!</small><br></div><div class="spacer battle-history"><br></div><div class="battle-history">The opposing Darmanitan used <strong>Flare Blitz</strong>!<br></div><div class="battle-history"><small>(Krookodile lost <abbr title="−220/331">66.5%</abbr> of its health!)</small><br></div><div class="battle-history"><small>The opposing Darmanitan is damaged by the recoil!</small><br></div><div class="spacer battle-history"><br></div><h2 class="battle-history">Turn 13</h2><div class="spacer battle-history"><br></div><div class="battle-history">The opposing Darmanitan used <strong>Flare Blitz</strong>!<br></div><div class="battle-history"><small>A critical hit!</small><br></div><div class="battle-history"><small>(Krookodile lost <abbr title="−111/331">33.5%</abbr> of its health!)</small><br></div><div class="battle-history"><small>The opposing Darmanitan is damaged by the recoil!</small><br></div><div class="spacer battle-history"><br></div><div class="battle-history">Krookodile fainted!<br></div><div class="spacer battle-history"><br></div><div class="battle-history">Go! <strong>Heracross</strong>!<br></div><div class="spacer battle-history"><br></div><h2 class="battle-history">Turn 14</h2><div class="chat chatmessage-hensl"><strong style="color:hsl(248,45%,63.13555246845293%)"><small>☆</small><span class="username" data-name="hensl">hensl</span>:</strong> <em>gg</em></div><div class="spacer battle-history"><br></div><div class="battle-history">The opposing Darmanitan used <strong>Flare Blitz</strong>!<br></div><div class="battle-history"><small>It's super effective!</small><br></div><div class="battle-history"><small>A critical hit!</small><br></div><div class="battle-history"><small>(Heracross lost <abbr title="−301/301">100%</abbr> of its health!)</small><br></div><div class="battle-history"><small>The opposing Darmanitan is damaged by the recoil!</small><br></div><div class="spacer battle-history"><br></div><div class="battle-history">Heracross fainted!<br></div><div class="spacer battle-history"><br></div><div class="battle-history"><strong>hensl</strong> won the battle!<br></div><div class="chat chatmessage-ricememe"><strong style="color:hsl(94,85%,30%)"><small>☆</small><span class="username" data-name="Ricememe">Ricememe</span>:</strong> <em>gg</em></div><div class="chat">Ricememe's rating: 1000 → <strong>1000</strong><br>(+0 for losing)</div><div class="chat">hensl's rating: 1088 → <strong>1108</strong><br>(+20 for winning)</div></div><div class="inner-preempt"></div></div></div>
</div>
<script>
let daily = Math.floor(Date.now()/1000/60/60/24);document.write('<script src="https://play.pokemonshowdown.com/js/replay-embed.js?version'+daily+'"></'+'script>');
</script>
