<!DOCTYPE html>
<meta charset="utf-8" />
<!-- version 1 -->
<title>UU replay: Rey.F vs. Parnstar</title>
<style>
html,body {font-family:Verdana, sans-serif;font-size:10pt;margin:0;padding:0;}body{padding:12px 0;} .battle-log {font-family:Verdana, sans-serif;font-size:10pt;} .battle-log-inline {border:1px solid #AAAAAA;background:#EEF2F5;color:black;max-width:640px;margin:0 auto 80px;padding-bottom:5px;} .battle-log .inner {padding:4px 8px 0px 8px;} .battle-log .inner-preempt {padding:0 8px 4px 8px;} .battle-log .inner-after {margin-top:0.5em;} .battle-log h2 {margin:0.5em -8px;padding:4px 8px;border:1px solid #AAAAAA;background:#E0E7EA;border-left:0;border-right:0;font-family:Verdana, sans-serif;font-size:13pt;} .battle-log .chat {vertical-align:middle;padding:3px 0 3px 0;font-size:8pt;} .battle-log .chat strong {color:#40576A;} .battle-log .chat em {padding:1px 4px 1px 3px;color:#000000;font-style:normal;} .chat.mine {background:rgba(0,0,0,0.05);margin-left:-8px;margin-right:-8px;padding-left:8px;padding-right:8px;} .spoiler {color:#BBBBBB;background:#BBBBBB;padding:0px 3px;} .spoiler:hover, .spoiler:active, .spoiler-shown {color:#000000;background:#E2E2E2;padding:0px 3px;} .spoiler a {color:#BBBBBB;} .spoiler:hover a, .spoiler:active a, .spoiler-shown a {color:#2288CC;} .chat code, .chat .spoiler:hover code, .chat .spoiler:active code, .chat .spoiler-shown code {border:1px solid #C0C0C0;background:#EEEEEE;color:black;padding:0 2px;} .chat .spoiler code {border:1px solid #CCCCCC;background:#CCCCCC;color:#CCCCCC;} .battle-log .rated {padding:3px 4px;} .battle-log .rated strong {color:white;background:#89A;padding:1px 4px;border-radius:4px;} .spacer {margin-top:0.5em;} .message-announce {background:#6688AA;color:white;padding:1px 4px 2px;} .message-announce a, .broadcast-green a, .broadcast-blue a, .broadcast-red a {color:#DDEEFF;} .broadcast-green {background-color:#559955;color:white;padding:2px 4px;} .broadcast-blue {background-color:#6688AA;color:white;padding:2px 4px;} .infobox {border:1px solid #6688AA;padding:2px 4px;} .infobox-limited {max-height:200px;overflow:auto;overflow-x:hidden;} .broadcast-red {background-color:#AA5544;color:white;padding:2px 4px;} .message-learn-canlearn {font-weight:bold;color:#228822;text-decoration:underline;} .message-learn-cannotlearn {font-weight:bold;color:#CC2222;text-decoration:underline;} .message-effect-weak {font-weight:bold;color:#CC2222;} .message-effect-resist {font-weight:bold;color:#6688AA;} .message-effect-immune {font-weight:bold;color:#666666;} .message-learn-list {margin-top:0;margin-bottom:0;} .message-throttle-notice, .message-error {color:#992222;} .message-overflow, .chat small.message-overflow {font-size:0pt;} .message-overflow::before {font-size:9pt;content:'...';} .subtle {color:#3A4A66;}
</style>
<div class="wrapper replay-wrapper" style="max-width:1180px;margin:0 auto">
<input type="hidden" name="replayid" value="uu-562404102" />
<div class="battle"></div><div class="battle-log"></div><div class="replay-controls"></div><div class="replay-controls-2"></div>
<h1 style="font-weight:normal;text-align:center"><strong>UU</strong><br /><a href="http://pokemonshowdown.com/users/reyf" class="subtle" target="_blank">Rey.F</a> vs. <a href="http://pokemonshowdown.com/users/parnstar" class="subtle" target="_blank">Parnstar</a></h1>
<script type="text/plain" class="battle-log-data">|j|Rey.F
|j|Parnstar
|player|p1|Rey.F|290
|player|p2|Parnstar|21
|gametype|singles
|gen|6
|tier|UU
|rated
|seed|59355,32029,59440,53634
|rule|Sleep Clause Mod: Limit one foe put to sleep
|rule|Species Clause: Limit one of each Pokémon
|rule|OHKO Clause: OHKO moves are banned
|rule|Moody Clause: Moody is banned
|rule|Evasion Moves Clause: Evasion moves are banned
|rule|Endless Battle Clause: Forcing endless battles is banned
|rule|HP Percentage Mod: HP is shown in percentages
|clearpoke
|poke|p1|Sceptile, F|item
|poke|p1|Espeon, F|item
|poke|p1|Arcanine, M|item
|poke|p1|Cobalion|item
|poke|p1|Hydreigon, M|item
|poke|p1|Gyarados, M|item
|poke|p2|Mamoswine, F|item
|poke|p2|Toxicroak, F|item
|poke|p2|Whimsicott, M|item
|poke|p2|Heliolisk, F|item
|poke|p2|Donphan, M|item
|poke|p2|Crawdaunt, M|item
|rule|Swagger Clause: Swagger is banned
|rule|Baton Pass Clause: Limit one Baton Passer, can't pass Spe and other stats simultaneously
|teampreview
|choice|team 1, team 2, team 3, team 4, team 5, team 6|team 4, team 2, team 3, team 1, team 5, team 6
|
|start
|switch|p1a: Sceptile|Sceptile, F|282\/282
|switch|p2a: Scared|Heliolisk, F|265\/265
|-item|p2a: Scared|Air Balloon
|turn|1
|choice|move leafstorm mega|move hypervoice
|
|detailschange|p1a: Sceptile|Sceptile-Mega, F
|-mega|p1a: Sceptile|Sceptile|Sceptilite
|move|p1a: Sceptile|Leaf Storm|p2a: Scared
|-damage|p2a: Scared|15\/265
|-enditem|p2a: Scared|Air Balloon
|-unboost|p1a: Sceptile|spa|2
|move|p2a: Scared|Hyper Voice|p1a: Sceptile
|-crit|p1a: Sceptile
|-damage|p1a: Sceptile|20\/282
|
|upkeep
|turn|2
|choice|move leafstorm|move surf
|
|move|p1a: Sceptile|Leaf Storm|p2a: Scared
|-damage|p2a: Scared|0 fnt
|-unboost|p1a: Sceptile|spa|2
|faint|p2a: Scared
|
|upkeep
|choice||switch 3
|
|switch|p2a: Prick|Whimsicott, M|261\/261
|turn|3
|choice|switch 4|move naturepower
|
|switch|p1a: Cobalion|Cobalion|323\/323
|move|p2a: Prick|Nature Power|p1a: Cobalion
|move|p2a: Prick|Tri Attack|p1a: Cobalion|[from]Nature Power
|-resisted|p1a: Cobalion
|-damage|p1a: Cobalion|281\/323
|-status|p1a: Cobalion|brn
|
|-heal|p1a: Cobalion|301\/323 brn|[from] item: Leftovers
|-damage|p1a: Cobalion|261\/323 brn|[from] brn
|upkeep
|turn|4
|choice|move stealthrock|move moonblast
|
|move|p2a: Prick|Moonblast|p1a: Cobalion
|-damage|p1a: Cobalion|68\/323 brn
|move|p1a: Cobalion|Stealth Rock|p2a: Prick
|-sidestart|p2: Parnstar|move: Stealth Rock
|
|-heal|p1a: Cobalion|88\/323 brn|[from] item: Leftovers
|-damage|p1a: Cobalion|48\/323 brn|[from] brn
|upkeep
|turn|5
|choice|move ironhead|switch 5
|
|switch|p2a: Mustard pass|Donphan, M|353\/353
|-damage|p2a: Mustard pass|331\/353|[from] Stealth Rock
|move|p1a: Cobalion|Iron Head|p2a: Mustard pass
|-damage|p2a: Mustard pass|295\/353
|
|-heal|p1a: Cobalion|68\/323 brn|[from] item: Leftovers
|-damage|p1a: Cobalion|28\/323 brn|[from] brn
|upkeep
|turn|6
|choice|switch 6|move stealthrock
|
|switch|p1a: Gyarados|Gyarados, M|336\/336
|-ability|p1a: Gyarados|Intimidate|boost
|-unboost|p2a: Mustard pass|atk|1
|move|p2a: Mustard pass|Stealth Rock|p1a: Gyarados
|-sidestart|p1: Rey.F|move: Stealth Rock
|
|upkeep
|turn|7
|choice|move substitute|move roar
|
|move|p1a: Gyarados|Substitute|p1a: Gyarados
|-start|p1a: Gyarados|Substitute
|-damage|p1a: Gyarados|252\/336
|move|p2a: Mustard pass|Roar|p1a: Gyarados
|drag|p1a: Cobalion|Cobalion|28\/323 brn
|-damage|p1a: Cobalion|18\/323 brn|[from] Stealth Rock
|
|-heal|p1a: Cobalion|38\/323 brn|[from] item: Leftovers
|-damage|p1a: Cobalion|0 fnt|[from] brn
|upkeep
|faint|p1a: Cobalion
|choice|switch 6|
|
|switch|p1a: Gyarados|Gyarados, M|252\/336
|-damage|p1a: Gyarados|168\/336|[from] Stealth Rock
|-ability|p1a: Gyarados|Intimidate|boost
|-unboost|p2a: Mustard pass|atk|1
|turn|8
|choice|move waterfall|move roar
|
|move|p1a: Gyarados|Waterfall|p2a: Mustard pass
|-supereffective|p2a: Mustard pass
|-crit|p2a: Mustard pass
|-damage|p2a: Mustard pass|49\/353
|move|p2a: Mustard pass|Roar|p1a: Gyarados
|drag|p1a: Espeon|Espeon, F|272\/272
|-damage|p1a: Espeon|238\/272|[from] Stealth Rock
|
|upkeep
|turn|9
|choice|move psyshock|move rapidspin
|-enditem|p2a: Mustard pass|Custap Berry|[eat]
|-activate|p2a: Mustard pass|item: Custap Berry
|
|move|p2a: Mustard pass|Rapid Spin|p1a: Espeon
|-damage|p1a: Espeon|223\/272
|-sideend|p2: Parnstar|Stealth Rock|[from] move: Rapid Spin|[of] p2a: Mustard pass
|move|p1a: Espeon|Psyshock|p2a: Mustard pass
|-damage|p2a: Mustard pass|0 fnt
|-damage|p1a: Espeon|196\/272|[from] item: Life Orb
|faint|p2a: Mustard pass
|
|upkeep
|choice||switch 6
|
|switch|p2a: NIpple pinochle|Crawdaunt, M|267\/267
|turn|10
|choice|move dazzlinggleam|move knockoff
|
|move|p1a: Espeon|Dazzling Gleam|p2a: NIpple pinochle
|-supereffective|p2a: NIpple pinochle
|-enditem|p2a: NIpple pinochle|Focus Sash
|-damage|p2a: NIpple pinochle|1\/267
|-damage|p1a: Espeon|169\/272|[from] item: Life Orb
|move|p2a: NIpple pinochle|Knock Off|p1a: Espeon
|-supereffective|p1a: Espeon
|-damage|p1a: Espeon|0 fnt
|-enditem|p1a: Espeon|Life Orb|[from] move: Knock Off|[of] p2a: NIpple pinochle
|faint|p1a: Espeon
|
|upkeep
|c|☆Parnstar|Donphan doing good work
|choice|switch 3|
|
|switch|p1a: Arcanine|Arcanine, M|323\/323
|-damage|p1a: Arcanine|243\/323|[from] Stealth Rock
|-ability|p1a: Arcanine|Intimidate|boost
|-unboost|p2a: NIpple pinochle|atk|1
|turn|11
|choice|move extremespeed|move aquajet
|
|move|p1a: Arcanine|Extreme Speed|p2a: NIpple pinochle
|-damage|p2a: NIpple pinochle|0 fnt
|faint|p2a: NIpple pinochle
|
|upkeep
|choice||switch 2
|
|switch|p2a: Mandingo|Toxicroak, F|308\/308
|turn|12
|choice|switch 4|move gunkshot
|
|switch|p1a: Sceptile|Sceptile-Mega, F|20\/282
|-damage|p1a: Sceptile|0 fnt|[from] Stealth Rock
|faint|p1a: Sceptile
|move|p2a: Mandingo|Gunk Shot|p1: Sceptile|[notarget]
|-notarget
|
|upkeep
|choice|switch 5|
|
|switch|p1a: Hydreigon|Hydreigon, M|325\/325
|-damage|p1a: Hydreigon|285\/325|[from] Stealth Rock
|turn|13
|choice|move fireblast|move drainpunch
|
|move|p1a: Hydreigon|Fire Blast|p2a: Mandingo
|-damage|p2a: Mandingo|98\/308
|move|p2a: Mandingo|Drain Punch|p1a: Hydreigon
|-supereffective|p1a: Hydreigon
|-damage|p1a: Hydreigon|0 fnt
|-heal|p2a: Mandingo|241\/308|[from] drain|[of] p1a: Hydreigon
|-damage|p2a: Mandingo|211\/308|[from] item: Life Orb
|faint|p1a: Hydreigon
|
|upkeep
|choice|switch 4|
|
|switch|p1a: Arcanine|Arcanine, M|243\/323
|-damage|p1a: Arcanine|163\/323|[from] Stealth Rock
|-ability|p1a: Arcanine|Intimidate|boost
|-unboost|p2a: Mandingo|atk|1
|turn|14
|choice|move extremespeed|move gunkshot
|
|move|p1a: Arcanine|Extreme Speed|p2a: Mandingo
|-damage|p2a: Mandingo|12\/308
|move|p2a: Mandingo|Gunk Shot|p1a: Arcanine
|-damage|p1a: Arcanine|0 fnt
|-damage|p2a: Mandingo|0 fnt|[from] item: Life Orb
|faint|p1a: Arcanine
|faint|p2a: Mandingo
|
|upkeep
|choice|switch 2|switch 5
|
|switch|p2a: Prick|Whimsicott, M|261\/261
|switch|p1a: Gyarados|Gyarados, M|168\/336
|-damage|p1a: Gyarados|84\/336|[from] Stealth Rock
|-ability|p1a: Gyarados|Intimidate|boost
|-unboost|p2a: Prick|atk|1
|turn|15
|choice|move bounce|move naturepower
|
|move|p2a: Prick|Nature Power|p1a: Gyarados
|move|p2a: Prick|Tri Attack|p1a: Gyarados|[from]Nature Power
|-damage|p1a: Gyarados|21\/336
|move|p1a: Gyarados|Bounce|p2a: Prick|[still]
|-prepare|p1a: Gyarados|Bounce|p2a: Prick
|
|-heal|p1a: Gyarados|42\/336|[from] item: Leftovers
|upkeep
|turn|16
|choice|move bounce|switch 4
|
|switch|p2a: Whoopie goldust|Mamoswine, F|361\/361
|move|p1a: Gyarados|Bounce|p2a: Whoopie goldust|[from]lockedmove|[miss]
|-miss|p1a: Gyarados|p2a: Whoopie goldust
|
|-heal|p1a: Gyarados|63\/336|[from] item: Leftovers
|upkeep
|turn|17
|c|☆Parnstar|Gg
|choice|move waterfall|move iciclecrash
|
|move|p1a: Gyarados|Waterfall|p2a: Whoopie goldust
|-supereffective|p2a: Whoopie goldust
|-damage|p2a: Whoopie goldust|43\/361
|move|p2a: Whoopie goldust|Icicle Crash|p1a: Gyarados
|-damage|p1a: Gyarados|0 fnt
|faint|p1a: Gyarados
|
|win|Parnstar
|l|Rey.F
|raw|Rey.F's rating: 1442 &rarr; <strong>1419<\/strong><br \/>(-23 for losing)
|raw|Parnstar's rating: 1379 &rarr; <strong>1403<\/strong><br \/>(+24 for winning)</script>
</div>
<div class="battle-log battle-log-inline"><div class="inner"><div class="battle-options"></div><div class="inner"><div class="chat"><small>Rey.F joined.</small></div><div class="chat"><small>Parnstar joined.</small></div><div class=""><small>Format:</small> <br><strong>UU</strong></div><div class="rated"><strong>Rated battle</strong></div><div class=""><small><em>Sleep Clause Mod:</em> Limit one foe put to sleep</small></div><div class=""><small><em>Species Clause:</em> Limit one of each Pokémon</small></div><div class=""><small><em>OHKO Clause:</em> OHKO moves are banned</small></div><div class=""><small><em>Moody Clause:</em> Moody is banned</small></div><div class=""><small><em>Evasion Moves Clause:</em> Evasion moves are banned</small></div><div class=""><small><em>Endless Battle Clause:</em> Forcing endless battles is banned</small></div><div class=""><small><em>HP Percentage Mod:</em> HP is shown in percentages</small></div><div class=""><small><em>Swagger Clause:</em> Swagger is banned</small></div><div class=""><small><em>Baton Pass Clause:</em> Limit one Baton Passer, can't pass Spe and other stats simultaneously</small></div><div class="chat battle-history"><strong>Rey.F's team:</strong> <em style="color:#445566;display:block;">Sceptile / Espeon / Arcanine / Cobalion / Hydreigon / Gyarados</em></div><div class="chat battle-history"><strong>Parnstar's team:</strong> <em style="color:#445566;display:block;">Mamoswine / Toxicroak / Whimsicott / Heliolisk / Donphan / Crawdaunt</em></div><div class="spacer battle-history"><br></div><div class="battle-history">Battle started between Rey.F and Parnstar!<br></div><div class="spacer battle-history"><br></div><div class="battle-history">Go! <strong>Sceptile</strong>!<br></div><div class="spacer battle-history"><br></div><div class="battle-history">Parnstar sent out Scared (<strong>Heliolisk</strong>)!<br></div><div class="battle-history"><small>The opposing Scared floats in the air with its Air Balloon!</small><br></div><div class="spacer battle-history"><br></div><h2 class="battle-history">Turn 1</h2><div class="spacer battle-history"><br></div><div class="battle-history"><small>Sceptile's Sceptilite is reacting to Rey.F's Mega Bracelet!</small><br>Sceptile has Mega Evolved into Mega Sceptile!<br></div><div class="spacer battle-history"><br></div><div class="battle-history">Sceptile used <strong>Leaf Storm</strong>!<br></div><div class="battle-history"><small>(The opposing Scared lost <abbr title="−250/265">94.3%</abbr> of its health!)</small><br></div><div class="battle-history"><small>The opposing Scared's Air Balloon popped!</small><br></div><div class="battle-history"><small>Sceptile's Special Attack fell harshly!</small><br></div><div class="spacer battle-history"><br></div><div class="battle-history">The opposing Scared used <strong>Hyper Voice</strong>!<br></div><div class="battle-history"><small>A critical hit!</small><br></div><div class="battle-history"><small>(Sceptile lost <abbr title="−262/282">92.9%</abbr> of its health!)</small><br></div><div class="spacer battle-history"><br></div><h2 class="battle-history">Turn 2</h2><div class="spacer battle-history"><br></div><div class="battle-history">Sceptile used <strong>Leaf Storm</strong>!<br></div><div class="battle-history"><small>(The opposing Scared lost <abbr title="−15/265">5.7%</abbr> of its health!)</small><br></div><div class="battle-history"><small>Sceptile's Special Attack fell harshly!</small><br></div><div class="spacer battle-history"><br></div><div class="battle-history">The opposing Scared fainted!<br></div><div class="spacer battle-history"><br></div><div class="battle-history">Parnstar sent out Prick (<strong>Whimsicott</strong>)!<br></div><div class="spacer battle-history"><br></div><h2 class="battle-history">Turn 3</h2><div class="spacer battle-history"><br></div><div class="battle-history">Sceptile, come back!<br></div><div class="battle-history">Go! <strong>Cobalion</strong>!<br></div><div class="spacer battle-history"><br></div><div class="battle-history">The opposing Prick used <strong>Nature Power</strong>!<br></div><div class="spacer battle-history"><br></div><div class="battle-history">Nature Power turned into Tri Attack!<br></div><div class="battle-history"><small>It's not very effective...</small><br></div><div class="battle-history"><small>(Cobalion lost <abbr title="−42/323">13.0%</abbr> of its health!)</small><br></div><div class="battle-history"><small>Cobalion was burned!</small><br></div><div class="spacer battle-history"><br></div><div class="battle-history"><small>Cobalion restored a little HP using its Leftovers!</small><br></div><div class="battle-history"><small>Cobalion was hurt by its burn!</small><br></div><div class="spacer battle-history"><br></div><h2 class="battle-history">Turn 4</h2><div class="spacer battle-history"><br></div><div class="battle-history">The opposing Prick used <strong>Moonblast</strong>!<br></div><div class="battle-history"><small>(Cobalion lost <abbr title="−193/323">59.8%</abbr> of its health!)</small><br></div><div class="spacer battle-history"><br></div><div class="battle-history">Cobalion used <strong>Stealth Rock</strong>!<br></div><div class="battle-history"><small>Pointed stones float in the air around the opposing team!</small><br></div><div class="spacer battle-history"><br></div><div class="battle-history"><small>Cobalion restored a little HP using its Leftovers!</small><br></div><div class="battle-history"><small>Cobalion was hurt by its burn!</small><br></div><div class="spacer battle-history"><br></div><h2 class="battle-history">Turn 5</h2><div class="spacer battle-history"><br></div><div class="battle-history">Parnstar withdrew Prick!<br></div><div class="battle-history">Parnstar sent out Mustard pass (<strong>Donphan</strong>)!<br></div><div class="battle-history"><small>Pointed stones dug into the opposing Mustard pass!</small><br></div><div class="spacer battle-history"><br></div><div class="battle-history">Cobalion used <strong>Iron Head</strong>!<br></div><div class="battle-history"><small>(The opposing Mustard pass lost <abbr title="−36/353">10.2%</abbr> of its health!)</small><br></div><div class="spacer battle-history"><br></div><div class="battle-history"><small>Cobalion restored a little HP using its Leftovers!</small><br></div><div class="battle-history"><small>Cobalion was hurt by its burn!</small><br></div><div class="spacer battle-history"><br></div><h2 class="battle-history">Turn 6</h2><div class="spacer battle-history"><br></div><div class="battle-history">Cobalion, come back!<br></div><div class="battle-history">Go! <strong>Gyarados</strong>!<br></div><div class="battle-history"><small>[Gyarados's Intimidate]</small><br></div><div class="battle-history"><small>The opposing Mustard pass's Attack fell!</small><br></div><div class="spacer battle-history"><br></div><div class="battle-history">The opposing Mustard pass used <strong>Stealth Rock</strong>!<br></div><div class="battle-history"><small>Pointed stones float in the air around your team!</small><br></div><div class="spacer battle-history"><br></div><h2 class="battle-history">Turn 7</h2><div class="spacer battle-history"><br></div><div class="battle-history">Gyarados used <strong>Substitute</strong>!<br></div><div class="battle-history"><small>Gyarados put in a substitute!</small><br></div><div class="battle-history"><small>(Gyarados lost <abbr title="−84/336">25%</abbr> of its health!)</small><br></div><div class="spacer battle-history"><br></div><div class="battle-history">The opposing Mustard pass used <strong>Roar</strong>!<br></div><div class="spacer battle-history"><br></div><div class="battle-history"><strong>Cobalion</strong> was dragged out!<br></div><div class="battle-history"><small>Pointed stones dug into Cobalion!</small><br></div><div class="spacer battle-history"><br></div><div class="battle-history"><small>Cobalion restored a little HP using its Leftovers!</small><br></div><div class="battle-history"><small>Cobalion was hurt by its burn!</small><br></div><div class="spacer battle-history"><br></div><div class="battle-history">Cobalion fainted!<br></div><div class="spacer battle-history"><br></div><div class="battle-history">Go! <strong>Gyarados</strong>!<br></div><div class="battle-history"><small>Pointed stones dug into Gyarados!</small><br></div><div class="battle-history"><small>[Gyarados's Intimidate]</small><br></div><div class="battle-history"><small>The opposing Mustard pass's Attack fell!</small><br></div><div class="spacer battle-history"><br></div><h2 class="battle-history">Turn 8</h2><div class="spacer battle-history"><br></div><div class="battle-history">Gyarados used <strong>Waterfall</strong>!<br></div><div class="battle-history"><small>It's super effective!</small><br></div><div class="battle-history"><small>A critical hit!</small><br></div><div class="battle-history"><small>(The opposing Mustard pass lost <abbr title="−246/353">69.7%</abbr> of its health!)</small><br></div><div class="spacer battle-history"><br></div><div class="battle-history">The opposing Mustard pass used <strong>Roar</strong>!<br></div><div class="spacer battle-history"><br></div><div class="battle-history"><strong>Espeon</strong> was dragged out!<br></div><div class="battle-history"><small>Pointed stones dug into Espeon!</small><br></div><div class="spacer battle-history"><br></div><h2 class="battle-history">Turn 9</h2><div class="spacer battle-history"><br></div><div class="battle-history"><small>The opposing Mustard pass ate its Custap Berry!</small><br></div><div class="battle-history"><small>The opposing Mustard pass's Custap Berry let it move first!</small><br></div><div class="spacer battle-history"><br></div><div class="battle-history">The opposing Mustard pass used <strong>Rapid Spin</strong>!<br></div><div class="battle-history"><small>(Espeon lost <abbr title="−15/272">5.5%</abbr> of its health!)</small><br></div><div class="battle-history"><small>The pointed stones disappeared from around the opposing team!</small><br></div><div class="spacer battle-history"><br></div><div class="battle-history">Espeon used <strong>Psyshock</strong>!<br></div><div class="battle-history"><small>(The opposing Mustard pass lost <abbr title="−49/353">13.9%</abbr> of its health!)</small><br></div><div class="battle-history"><small>Espeon lost some of its HP!</small><br></div><div class="spacer battle-history"><br></div><div class="battle-history">The opposing Mustard pass fainted!<br></div><div class="spacer battle-history"><br></div><div class="battle-history">Parnstar sent out NIpple pinochle (<strong>Crawdaunt</strong>)!<br></div><div class="spacer battle-history"><br></div><h2 class="battle-history">Turn 10</h2><div class="spacer battle-history"><br></div><div class="battle-history">Espeon used <strong>Dazzling Gleam</strong>!<br></div><div class="battle-history"><small>It's super effective!</small><br></div><div class="battle-history"><small>The opposing NIpple pinochle hung on using its Focus Sash!</small><br></div><div class="battle-history"><small>(The opposing NIpple pinochle lost <abbr title="−266/267">99.6%</abbr> of its health!)</small><br></div><div class="battle-history"><small>Espeon lost some of its HP!</small><br></div><div class="spacer battle-history"><br></div><div class="battle-history">The opposing NIpple pinochle used <strong>Knock Off</strong>!<br></div><div class="battle-history"><small>It's super effective!</small><br></div><div class="battle-history"><small>(Espeon lost <abbr title="−169/272">62.1%</abbr> of its health!)</small><br></div><div class="battle-history"><small>The opposing NIpple pinochle knocked off Espeon's Life Orb!</small><br></div><div class="spacer battle-history"><br></div><div class="battle-history">Espeon fainted!<br></div><div class="chat chatmessage-parnstar"><strong style="color:hsl(41,84%,41.163999978976825%)"><small>☆</small><span class="username" data-name="Parnstar">Parnstar</span>:</strong> <em>Donphan doing good work</em></div><div class="spacer battle-history"><br></div><div class="battle-history">Go! <strong>Arcanine</strong>!<br></div><div class="battle-history"><small>Pointed stones dug into Arcanine!</small><br></div><div class="battle-history"><small>[Arcanine's Intimidate]</small><br></div><div class="battle-history"><small>The opposing NIpple pinochle's Attack fell!</small><br></div><div class="spacer battle-history"><br></div><h2 class="battle-history">Turn 11</h2><div class="spacer battle-history"><br></div><div class="battle-history">Arcanine used <strong>Extreme Speed</strong>!<br></div><div class="battle-history"><small>(The opposing NIpple pinochle lost <abbr title="−1/267">0.4%</abbr> of its health!)</small><br></div><div class="spacer battle-history"><br></div><div class="battle-history">The opposing NIpple pinochle fainted!<br></div><div class="spacer battle-history"><br></div><div class="battle-history">Parnstar sent out Mandingo (<strong>Toxicroak</strong>)!<br></div><div class="spacer battle-history"><br></div><h2 class="battle-history">Turn 12</h2><div class="spacer battle-history"><br></div><div class="battle-history">Arcanine, come back!<br></div><div class="battle-history">Go! Sceptile (<strong>Sceptile-Mega</strong>)!<br></div><div class="battle-history"><small>Pointed stones dug into Sceptile!</small><br></div><div class="spacer battle-history"><br></div><div class="battle-history">Sceptile fainted!<br></div><div class="battle-history">The opposing Mandingo used <strong>Gunk Shot</strong>!<br></div><div class="battle-history"><small>But there was no target...</small><br></div><div class="spacer battle-history"><br></div><div class="battle-history">Go! <strong>Hydreigon</strong>!<br></div><div class="battle-history"><small>Pointed stones dug into Hydreigon!</small><br></div><div class="spacer battle-history"><br></div><h2 class="battle-history">Turn 13</h2><div class="spacer battle-history"><br></div><div class="battle-history">Hydreigon used <strong>Fire Blast</strong>!<br></div><div class="battle-history"><small>(The opposing Mandingo lost <abbr title="−210/308">68.2%</abbr> of its health!)</small><br></div><div class="spacer battle-history"><br></div><div class="battle-history">The opposing Mandingo used <strong>Drain Punch</strong>!<br></div><div class="battle-history"><small>It's super effective!</small><br></div><div class="battle-history"><small>(Hydreigon lost <abbr title="−285/325">87.7%</abbr> of its health!)</small><br></div><div class="battle-history"><small>Hydreigon had its energy drained!</small><br></div><div class="battle-history"><small>The opposing Mandingo lost some of its HP!</small><br></div><div class="spacer battle-history"><br></div><div class="battle-history">Hydreigon fainted!<br></div><div class="spacer battle-history"><br></div><div class="battle-history">Go! <strong>Arcanine</strong>!<br></div><div class="battle-history"><small>Pointed stones dug into Arcanine!</small><br></div><div class="battle-history"><small>[Arcanine's Intimidate]</small><br></div><div class="battle-history"><small>The opposing Mandingo's Attack fell!</small><br></div><div class="spacer battle-history"><br></div><h2 class="battle-history">Turn 14</h2><div class="spacer battle-history"><br></div><div class="battle-history">Arcanine used <strong>Extreme Speed</strong>!<br></div><div class="battle-history"><small>(The opposing Mandingo lost <abbr title="−199/308">64.6%</abbr> of its health!)</small><br></div><div class="spacer battle-history"><br></div><div class="battle-history">The opposing Mandingo used <strong>Gunk Shot</strong>!<br></div><div class="battle-history"><small>(Arcanine lost <abbr title="−163/323">50.5%</abbr> of its health!)</small><br></div><div class="battle-history"><small>The opposing Mandingo lost some of its HP!</small><br></div><div class="spacer battle-history"><br></div><div class="battle-history">Arcanine fainted!<br></div><div class="battle-history">The opposing Mandingo fainted!<br></div><div class="spacer battle-history"><br></div><div class="battle-history">Parnstar sent out Prick (<strong>Whimsicott</strong>)!<br></div><div class="spacer battle-history"><br></div><div class="battle-history">Go! <strong>Gyarados</strong>!<br></div><div class="battle-history"><small>Pointed stones dug into Gyarados!</small><br></div><div class="battle-history"><small>[Gyarados's Intimidate]</small><br></div><div class="battle-history"><small>The opposing Prick's Attack fell!</small><br></div><div class="spacer battle-history"><br></div><h2 class="battle-history">Turn 15</h2><div class="spacer battle-history"><br></div><div class="battle-history">The opposing Prick used <strong>Nature Power</strong>!<br></div><div class="spacer battle-history"><br></div><div class="battle-history">Nature Power turned into Tri Attack!<br></div><div class="battle-history"><small>(Gyarados lost <abbr title="−63/336">18.8%</abbr> of its health!)</small><br></div><div class="spacer battle-history"><br></div><div class="battle-history">Gyarados used <strong>Bounce</strong>!<br></div><div class="battle-history">Gyarados sprang up!<br></div><div class="spacer battle-history"><br></div><div class="battle-history"><small>Gyarados restored a little HP using its Leftovers!</small><br></div><div class="spacer battle-history"><br></div><h2 class="battle-history">Turn 16</h2><div class="spacer battle-history"><br></div><div class="battle-history">Parnstar withdrew Prick!<br></div><div class="battle-history">Parnstar sent out Whoopie goldust (<strong>Mamoswine</strong>)!<br></div><div class="spacer battle-history"><br></div><div class="battle-history">Gyarados used <strong>Bounce</strong>!<br></div><div class="battle-history"><small>The opposing Whoopie goldust avoided the attack!</small><br></div><div class="spacer battle-history"><br></div><div class="battle-history"><small>Gyarados restored a little HP using its Leftovers!</small><br></div><div class="spacer battle-history"><br></div><h2 class="battle-history">Turn 17</h2><div class="chat chatmessage-parnstar"><strong style="color:hsl(41,84%,41.163999978976825%)"><small>☆</small><span class="username" data-name="Parnstar">Parnstar</span>:</strong> <em>Gg</em></div><div class="spacer battle-history"><br></div><div class="battle-history">Gyarados used <strong>Waterfall</strong>!<br></div><div class="battle-history"><small>It's super effective!</small><br></div><div class="battle-history"><small>(The opposing Whoopie goldust lost <abbr title="−318/361">88.1%</abbr> of its health!)</small><br></div><div class="spacer battle-history"><br></div><div class="battle-history">The opposing Whoopie goldust used <strong>Icicle Crash</strong>!<br></div><div class="battle-history"><small>(Gyarados lost <abbr title="−63/336">18.8%</abbr> of its health!)</small><br></div><div class="spacer battle-history"><br></div><div class="battle-history">Gyarados fainted!<br></div><div class="spacer battle-history"><br></div><div class="battle-history"><strong>Parnstar</strong> won the battle!<br></div><div class="chat"><small>Rey.F left.</small></div><div class="chat">Rey.F's rating: 1442 → <strong>1419</strong><br>(-23 for losing)</div><div class="chat">Parnstar's rating: 1379 → <strong>1403</strong><br>(+24 for winning)</div></div><div class="inner-preempt"></div></div></div>
</div>
<script>
let daily = Math.floor(Date.now()/1000/60/60/24);document.write('<script src="https://play.pokemonshowdown.com/js/replay-embed.js?version'+daily+'"></'+'script>');
</script>
