<!DOCTYPE html>
<meta charset="utf-8" />
<!-- version 1 -->
<title>UU replay: turtonator RC vs. confide</title>
<style>
html,body {font-family:Verdana, sans-serif;font-size:10pt;margin:0;padding:0;}body{padding:12px 0;} .battle-log {font-family:Verdana, sans-serif;font-size:10pt;} .battle-log-inline {border:1px solid #AAAAAA;background:#EEF2F5;color:black;max-width:640px;margin:0 auto 80px;padding-bottom:5px;} .battle-log .inner {padding:4px 8px 0px 8px;} .battle-log .inner-preempt {padding:0 8px 4px 8px;} .battle-log .inner-after {margin-top:0.5em;} .battle-log h2 {margin:0.5em -8px;padding:4px 8px;border:1px solid #AAAAAA;background:#E0E7EA;border-left:0;border-right:0;font-family:Verdana, sans-serif;font-size:13pt;} .battle-log .chat {vertical-align:middle;padding:3px 0 3px 0;font-size:8pt;} .battle-log .chat strong {color:#40576A;} .battle-log .chat em {padding:1px 4px 1px 3px;color:#000000;font-style:normal;} .chat.mine {background:rgba(0,0,0,0.05);margin-left:-8px;margin-right:-8px;padding-left:8px;padding-right:8px;} .spoiler {color:#BBBBBB;background:#BBBBBB;padding:0px 3px;} .spoiler:hover, .spoiler:active, .spoiler-shown {color:#000000;background:#E2E2E2;padding:0px 3px;} .spoiler a {color:#BBBBBB;} .spoiler:hover a, .spoiler:active a, .spoiler-shown a {color:#2288CC;} .chat code, .chat .spoiler:hover code, .chat .spoiler:active code, .chat .spoiler-shown code {border:1px solid #C0C0C0;background:#EEEEEE;color:black;padding:0 2px;} .chat .spoiler code {border:1px solid #CCCCCC;background:#CCCCCC;color:#CCCCCC;} .battle-log .rated {padding:3px 4px;} .battle-log .rated strong {color:white;background:#89A;padding:1px 4px;border-radius:4px;} .spacer {margin-top:0.5em;} .message-announce {background:#6688AA;color:white;padding:1px 4px 2px;} .message-announce a, .broadcast-green a, .broadcast-blue a, .broadcast-red a {color:#DDEEFF;} .broadcast-green {background-color:#559955;color:white;padding:2px 4px;} .broadcast-blue {background-color:#6688AA;color:white;padding:2px 4px;} .infobox {border:1px solid #6688AA;padding:2px 4px;} .infobox-limited {max-height:200px;overflow:auto;overflow-x:hidden;} .broadcast-red {background-color:#AA5544;color:white;padding:2px 4px;} .message-learn-canlearn {font-weight:bold;color:#228822;text-decoration:underline;} .message-learn-cannotlearn {font-weight:bold;color:#CC2222;text-decoration:underline;} .message-effect-weak {font-weight:bold;color:#CC2222;} .message-effect-resist {font-weight:bold;color:#6688AA;} .message-effect-immune {font-weight:bold;color:#666666;} .message-learn-list {margin-top:0;margin-bottom:0;} .message-throttle-notice, .message-error {color:#992222;} .message-overflow, .chat small.message-overflow {font-size:0pt;} .message-overflow::before {font-size:9pt;content:'...';} .subtle {color:#3A4A66;}
</style>
<div class="wrapper replay-wrapper" style="max-width:1180px;margin:0 auto">
<input type="hidden" name="replayid" value="smogtours-uu-281952" />
<div class="battle"></div><div class="battle-log"></div><div class="replay-controls"></div><div class="replay-controls-2"></div>
<h1 style="font-weight:normal;text-align:center"><strong>UU</strong><br /><a href="http://pokemonshowdown.com/users/turtonatorrc" class="subtle" target="_blank">turtonator RC</a> vs. <a href="http://pokemonshowdown.com/users/confide" class="subtle" target="_blank">confide</a></h1>
<script type="text/plain" class="battle-log-data">|inactive|Battle timer is ON: inactive players will automatically lose when time's up.
|J|turtonator RC
|J|confide
|player|p1|turtonator RC|244
|player|p2|confide|94
|gametype|singles
|gen|6
|tier|UU
|seed|23363,13126,60715,11986
|rule|Sleep Clause Mod: Limit one foe put to sleep
|rule|Species Clause: Limit one of each Pokémon
|rule|OHKO Clause: OHKO moves are banned
|rule|Moody Clause: Moody is banned
|rule|Evasion Moves Clause: Evasion moves are banned
|rule|Endless Battle Clause: Forcing endless battles is banned
|rule|HP Percentage Mod: HP is shown in percentages
|clearpoke
|poke|p1|Exploud, M|item
|poke|p1|Crobat, F|
|poke|p1|Seismitoad, M|item
|poke|p1|Mienshao, F|item
|poke|p1|Sylveon, F|item
|poke|p1|Absol, F|item
|poke|p2|Jellicent, F|item
|poke|p2|Mandibuzz, F|item
|poke|p2|Nidoking, M|item
|poke|p2|Empoleon, M|item
|poke|p2|Hydreigon, M|item
|poke|p2|Sylveon, M|item
|rule|Swagger Clause: Swagger is banned
|rule|Baton Pass Clause: Limit one Baton Passer, can't pass Spe and other stats simultaneously
|teampreview
|J|r0ady
|J|Destiny Spinach
|J|Bouff##
|J|ordinary1
|J|Pearl
|J|choolio IGLESIAS
|J|snagaa
|J|little sebastian
|c|☆turtonator RC|hf
|J|King♥UU
|J|Ict
|L|little sebastian
|J|Amaroq
|c|☆confide|u2
|c|+Ict|TONY
|c|+Ict|SENPAI
|c|+Ict|PAPA
|J|rozes
|J|little sebastian
|c|☆confide|Man i was about to bring exploud too
|c|+Bouff##|no normal resists
|J|anime character
|J|gg.br0
|J|Shiba
|c|+Ict|yea no empoleon
|J|Hikari
|J|Accelgor
|c|+Bouff##|n im talking
|J|Advantage
|c|+Bouff##|on tonys team
|c|+Bouff##|u heathen
|L|snagaa
|J|Pak
|J|TDK
|J|Sacri !!_!!
|c|+Advantage|what the heck is this
|c|+Bouff##|dunno if u noticed but
|J|Poek ★_★
|J|Bushtush
|c|+Bouff##|sd return empo annihilates lel
|choice|team 2, team 1, team 3, team 4, team 5, team 6|team 6, team 2, team 3, team 4, team 5, team 1
|
|start
|switch|p1a: Crobat|Crobat, F|373\/373
|switch|p2a: Sylveon|Sylveon, M|394\/394
|turn|1
|J|wooden chair
|choice|move uturn|move hypervoice
|
|move|p1a: Crobat|U-turn|p2a: Sylveon
|-resisted|p2a: Sylveon
|-damage|p2a: Sylveon|372\/394
|choice|switch 2|
|
|switch|p1a: Exploud|Exploud, M|349\/349
|move|p2a: Sylveon|Hyper Voice|p1a: Exploud
|-immune|p1a: Exploud|[msg]|[from] ability: Soundproof
|
|-heal|p2a: Sylveon|394\/394|[from] item: Leftovers
|upkeep
|turn|2
|J|kratosmana✪
|c|+Bouff##|LOL
|c|+Advantage|.
|c|☆turtonator RC|yeah he wasn't supposed to bring a jellicent though
|L|wooden chair
|J|miltankmilk
|J|obii ☁
|J|CBU
|c|☆turtonator RC|x
|c|%Pearl|LOL
|c|+Advantage|!learn exploud, thunder
|html|<div class="infobox">In Gen 7, Exploud <span class="message-learn-cannotlearn">can't<\/span> learn Thunder<\/div>
|J|wooden chair
|J|Finchinator
|choice|move boomburst|move protect
|
|move|p2a: Sylveon|Protect|p2a: Sylveon
|-singleturn|p2a: Sylveon|Protect
|move|p1a: Exploud|Boomburst|p2a: Sylveon
|-activate|p2a: Sylveon|move: Protect
|
|upkeep
|turn|3
|L|Pak
|c|+CBU|confide pls win, so i can stop hating this game
|choice|switch 3|switch 4
|
|switch|p1a: Seismitoad|Seismitoad, M|411\/411
|switch|p2a: Empoleon|Empoleon, M|372\/372
|
|upkeep
|turn|4
|c|+Advantage|how
|choice|switch 5|switch 2
|
|switch|p1a: Sylveon|Sylveon, F|393\/393
|switch|p2a: Mandibuzz|Mandibuzz, F|421\/421
|
|upkeep
|turn|5
|choice|move hypervoice|switch 2
|
|switch|p2a: Empoleon|Empoleon, M|372\/372
|move|p1a: Sylveon|Hyper Voice|p2a: Empoleon
|-resisted|p2a: Empoleon
|-damage|p2a: Empoleon|320\/372
|
|-heal|p2a: Empoleon|343\/372|[from] item: Leftovers
|upkeep
|turn|6
|choice|switch 5|move stealthrock
|
|switch|p1a: Seismitoad|Seismitoad, M|411\/411
|move|p2a: Empoleon|Stealth Rock|p1a: Seismitoad
|-sidestart|p1: turtonator RC|move: Stealth Rock
|
|-heal|p2a: Empoleon|366\/372|[from] item: Leftovers
|upkeep
|turn|7
|choice|move stealthrock|switch 5
|
|switch|p2a: Hydreigon|Hydreigon, M|325\/325
|move|p1a: Seismitoad|Stealth Rock|p2a: Hydreigon
|-sidestart|p2: confide|move: Stealth Rock
|
|upkeep
|turn|8
|c|%Pearl|tony 
|c|%Pearl|i just realized this
|c|☆turtonator RC|what's that?
|c|%Pearl|ur exploud team is a ripoff of my lucario team
|c|%Pearl|isn't it
|c|☆turtonator RC|a bit 
|c|☆turtonator RC|not intentionally though
|c|☆turtonator RC|yours is way better too
|c|+YABO|so humble, love it
|choice|switch 5|move outrage
|
|switch|p1a: Sylveon|Sylveon, F|393\/393
|-damage|p1a: Sylveon|344\/393|[from] Stealth Rock
|move|p2a: Hydreigon|Outrage|p1a: Sylveon
|-immune|p1a: Sylveon|[msg]
|
|-heal|p1a: Sylveon|368\/393|[from] item: Leftovers
|upkeep
|turn|9
|c|☆turtonator RC|him
|J|passion
|J|kamisama_no49
|c|+Ict|tony i wish we were related
|choice|switch 4|switch 5
|
|switch|p2a: Empoleon|Empoleon, M|366\/372
|-damage|p2a: Empoleon|343\/372|[from] Stealth Rock
|switch|p1a: Mienshao|Mienshao, F|271\/271
|-damage|p1a: Mienshao|255\/271|[from] Stealth Rock
|
|-heal|p2a: Empoleon|366\/372|[from] item: Leftovers
|upkeep
|turn|10
|L|kamisama_no49
|c|%Pearl|i wish i could marry tony
|c|+Ict|.
|c|+Ict|OMFG.
|choice|move uturn|switch 4
|
|switch|p2a: Sylveon|Sylveon, M|394\/394
|-damage|p2a: Sylveon|345\/394|[from] Stealth Rock
|move|p1a: Mienshao|U-turn|p2a: Sylveon
|-resisted|p2a: Sylveon
|-damage|p2a: Sylveon|306\/394
|J|SamVGC ✿
|J|TSR
|c|+Ict|10?
|c|+Ict|surely cb
|c|+Sacri !!_!!|-
|choice|switch 2|
|
|switch|p1a: Crobat|Crobat, F|373\/373
|-damage|p1a: Crobat|280\/373|[from] Stealth Rock
|
|-heal|p2a: Sylveon|330\/394|[from] item: Leftovers
|upkeep
|turn|11
|choice|move acrobatics|move protect
|
|move|p2a: Sylveon|Protect|p2a: Sylveon
|-singleturn|p2a: Sylveon|Protect
|move|p1a: Crobat|Acrobatics|p2a: Sylveon
|-activate|p2a: Sylveon|move: Protect
|
|-heal|p2a: Sylveon|354\/394|[from] item: Leftovers
|upkeep
|turn|12
|choice|move uturn|move wish
|
|move|p1a: Crobat|U-turn|p2a: Sylveon
|-resisted|p2a: Sylveon
|-damage|p2a: Sylveon|331\/394
|choice|switch 4|
|
|switch|p1a: Sylveon|Sylveon, F|368\/393
|-damage|p1a: Sylveon|319\/393|[from] Stealth Rock
|move|p2a: Sylveon|Wish|p2a: Sylveon
|
|-heal|p1a: Sylveon|343\/393|[from] item: Leftovers
|-heal|p2a: Sylveon|355\/394|[from] item: Leftovers
|upkeep
|turn|13
|choice|switch 4|switch 6
|
|switch|p1a: Crobat|Crobat, F|280\/373
|-damage|p1a: Crobat|187\/373|[from] Stealth Rock
|switch|p2a: Jellicent|Jellicent, F|404\/404
|-damage|p2a: Jellicent|354\/404|[from] Stealth Rock
|
|-heal|p2a: Jellicent|404\/404|[from] move: Wish|[wisher] Sylveon
|upkeep
|turn|14
|J|bro fist
|L|King♥UU
|J|blunderr ★_★
|J|King♥UU
|J|blinkboy
|J|Lord Moet II
|choice|move uturn|switch 4
|
|switch|p2a: Empoleon|Empoleon, M|366\/372
|-damage|p2a: Empoleon|343\/372|[from] Stealth Rock
|move|p1a: Crobat|U-turn|p2a: Empoleon
|-resisted|p2a: Empoleon
|-damage|p2a: Empoleon|314\/372
|choice|switch 2|
|
|switch|p1a: Mienshao|Mienshao, F|255\/271
|-damage|p1a: Mienshao|239\/271|[from] Stealth Rock
|
|-heal|p2a: Empoleon|337\/372|[from] item: Leftovers
|upkeep
|turn|15
|c|+Ict|start murdering b
|choice|move knockoff|switch 6
|
|switch|p2a: Sylveon|Sylveon, M|355\/394
|-damage|p2a: Sylveon|306\/394|[from] Stealth Rock
|move|p1a: Mienshao|Knock Off|p2a: Sylveon
|-resisted|p2a: Sylveon
|-damage|p2a: Sylveon|256\/394
|-enditem|p2a: Sylveon|Leftovers|[from] move: Knock Off|[of] p1a: Mienshao
|
|upkeep
|turn|16
|choice|switch 4|move wish
|
|switch|p1a: Sylveon|Sylveon, F|343\/393
|-damage|p1a: Sylveon|294\/393|[from] Stealth Rock
|move|p2a: Sylveon|Wish|p2a: Sylveon
|
|-heal|p1a: Sylveon|318\/393|[from] item: Leftovers
|upkeep
|turn|17
|choice|move wish|move hypervoice
|
|move|p1a: Sylveon|Wish|p1a: Sylveon
|move|p2a: Sylveon|Hyper Voice|p1a: Sylveon
|-damage|p1a: Sylveon|209\/393
|
|-heal|p2a: Sylveon|394\/394|[from] move: Wish|[wisher] Sylveon
|-heal|p1a: Sylveon|233\/393|[from] item: Leftovers
|upkeep
|turn|18
|J|Pak
|choice|move hypervoice|switch 4
|
|switch|p2a: Jellicent|Jellicent, F|404\/404
|-damage|p2a: Jellicent|354\/404|[from] Stealth Rock
|move|p1a: Sylveon|Hyper Voice|p2a: Jellicent
|-damage|p2a: Jellicent|234\/404
|
|-heal|p1a: Sylveon|393\/393|[from] move: Wish|[wisher] Sylveon
|-heal|p2a: Jellicent|259\/404|[from] item: Leftovers
|upkeep
|turn|19
|choice|move hypervoice|move willowisp
|
|move|p1a: Sylveon|Hyper Voice|p2a: Jellicent
|-damage|p2a: Jellicent|142\/404
|move|p2a: Jellicent|Will-O-Wisp|p1a: Sylveon|[miss]
|-miss|p2a: Jellicent|p1a: Sylveon
|
|-heal|p2a: Jellicent|167\/404|[from] item: Leftovers
|upkeep
|turn|20
|L|Pak
|choice|switch 6|move recover
|
|switch|p1a: Absol|Absol, F|271\/271
|-damage|p1a: Absol|238\/271|[from] Stealth Rock
|move|p2a: Jellicent|Recover|p2a: Jellicent
|-heal|p2a: Jellicent|369\/404
|
|-heal|p2a: Jellicent|394\/404|[from] item: Leftovers
|upkeep
|turn|21
|J|Pak
|L|blinkboy
|choice|move pursuit mega|switch 2
|
|-activate|p2a: Jellicent|move: Pursuit
|detailschange|p1a: Absol|Absol-Mega, F
|-mega|p1a: Absol|Absol|Absolite
|move|p1a: Absol|Pursuit|p2a: Jellicent|[from]Pursuit
|-supereffective|p2a: Jellicent
|-crit|p2a: Jellicent
|-damage|p2a: Jellicent|0 fnt
|faint|p2a: Jellicent
|
|upkeep
|c|+Advantage|how
|c|+YABO|in
|c|+Ict|only
|c|+Ict|tony
|c|+Pak|mr flygon.
|c|+Ict|can do that
|choice||switch 4
|
|switch|p2a: Sylveon|Sylveon, M|394\/394
|-damage|p2a: Sylveon|345\/394|[from] Stealth Rock
|turn|22
|J|Bee Lou
|choice|switch 3|switch 3
|
|switch|p1a: Exploud|Exploud, M|349\/349
|-damage|p1a: Exploud|306\/349|[from] Stealth Rock
|switch|p2a: Nidoking|Nidoking, M|303\/303
|-damage|p2a: Nidoking|285\/303|[from] Stealth Rock
|
|upkeep
|turn|23
|L|ordinary1
|L|Pak
|choice|switch 5|move superpower
|
|switch|p1a: Seismitoad|Seismitoad, M|411\/411
|-damage|p1a: Seismitoad|386\/411|[from] Stealth Rock
|move|p2a: Nidoking|Superpower|p1a: Seismitoad
|-crit|p1a: Seismitoad
|-damage|p1a: Seismitoad|234\/411
|-unboost|p2a: Nidoking|atk|1
|-unboost|p2a: Nidoking|def|1
|-damage|p2a: Nidoking|255\/303|[from] item: Life Orb
|
|-heal|p1a: Seismitoad|259\/411|[from] item: Leftovers
|upkeep
|turn|24
|c|☆turtonator RC|him
|c|+r0ady|hard bat
|c|☆turtonator RC|hehe
|c|+Advantage|how does tony flygod do it 
|c|+YABO|thats a manly play
|c|+Advantage|not 1 misstep 
|J|hamhamhamham
|L|TSR
|c|+Ict|tony is something i desire to be
|c|%Pearl|tonys a fcking veteran
|choice|move scald|switch 2
|
|switch|p2a: Mandibuzz|Mandibuzz, F|421\/421
|-damage|p2a: Mandibuzz|316\/421|[from] Stealth Rock
|move|p1a: Seismitoad|Scald|p2a: Mandibuzz
|-damage|p2a: Mandibuzz|252\/421
|
|-heal|p2a: Mandibuzz|278\/421|[from] item: Leftovers
|-heal|p1a: Seismitoad|284\/411|[from] item: Leftovers
|upkeep
|turn|25
|c|%Pearl|thank god he stopped sabotaging our team 
|choice|switch 6|move defog
|
|switch|p1a: Sylveon|Sylveon, F|393\/393
|-damage|p1a: Sylveon|344\/393|[from] Stealth Rock
|move|p2a: Mandibuzz|Defog|p1a: Sylveon
|-unboost|p1a: Sylveon|evasion|1
|-sideend|p1: turtonator RC|Stealth Rock|[from] move: Defog|[of] p1a: Sylveon
|-sideend|p2: confide|Stealth Rock|[from] move: Defog|[of] p2a: Mandibuzz
|
|-heal|p2a: Mandibuzz|304\/421|[from] item: Leftovers
|-heal|p1a: Sylveon|368\/393|[from] item: Leftovers
|upkeep
|turn|26
|c|+Ict|gg?gg?really dude?REALLY?
|c|+Ict|gg?gg?really dude?REALLY?
|c|+Ict|gg?gg?really dude?REALLY?
|c|+Ict|LOOOL
|c|+Ict|i just saw this
|c|+Ict|omg
|choice|switch 4|switch 2
|
|switch|p2a: Nidoking|Nidoking, M|255\/303
|switch|p1a: Mienshao|Mienshao, F|239\/271
|
|upkeep
|turn|27
|c|+Ict|pearl
|c|+Ict|HAHAHAHAHA
|c|+Advantage|LOL
|c|%Pearl|lol
|c|+Hikari|is that a new meme
|c|+Sacri !!_!!|tony is great at sabotaging his own team
|c|+Advantage|yes br
|c|+Hikari|i haven't been on smogon for like 2 days
|c|+Sacri !!_!!|hikari did you manage not to get drunk this time
|choice|move uturn|move icebeam
|
|move|p1a: Mienshao|U-turn|p2a: Nidoking
|-resisted|p2a: Nidoking
|-damage|p2a: Nidoking|206\/303
|c|+Sacri !!_!!|hikari did you see
|choice|switch 2|
|
|switch|p1a: Crobat|Crobat, F|187\/373
|move|p2a: Nidoking|Ice Beam|p1a: Crobat
|-supereffective|p1a: Crobat
|-damage|p1a: Crobat|0 fnt
|faint|p1a: Crobat
|
|upkeep
|c|+Sacri !!_!!|:lepen: taking the L
|J|TSR
|c|+Hikari|I saw the globalist jews winning again 
|c|+Hikari|they have killed france
|choice|switch 3|
|
|switch|p1a: Absol|Absol-Mega, F|238\/271
|turn|28
|c|+r0ady|suit rn
|c|☆confide|no way
|c|+YABO|that would be HOT
|c|☆confide|ur not man enough 
|c|+Advantage|that's code for "im stayin in pussy"
|c|+hogg|tony probably evs his absol to live this anyhow
|c|+hogg|he's too good
|choice|move pursuit|switch 2
|
|-activate|p2a: Nidoking|move: Pursuit
|move|p1a: Absol|Pursuit|p2a: Nidoking|[from]Pursuit
|-damage|p2a: Nidoking|16\/303
|switch|p2a: Mandibuzz|Mandibuzz, F|304\/421
|
|-heal|p2a: Mandibuzz|330\/421|[from] item: Leftovers
|upkeep
|turn|29
|c|+Advantage|eg4y565k7r686k75d4s3ywta4y35w46e
|c|+Ict|......
|c|+Advantage|howd it live 
|c|+SamVGC ✿|marry me tony
|L|hamhamhamham
|c|+Ict|HOW THE FUCK IS SOMEONE THT GOOD ALLOWED
|c|☆confide|damn
|c|+r0ady|pursuit this hes doubling
|c|+YABO|lool
|c|+Ict|same r0ady
|choice|switch 4|switch 3
|
|switch|p1a: Sylveon|Sylveon, F|368\/393
|switch|p2a: Sylveon|Sylveon, M|345\/394
|
|-heal|p1a: Sylveon|392\/393|[from] item: Leftovers
|upkeep
|turn|30
|L|Destiny Spinach
|c|+SamVGC ✿|how did he know..
|choice|move wish|move wish
|
|move|p1a: Sylveon|Wish|p1a: Sylveon
|move|p2a: Sylveon|Wish|p2a: Sylveon
|
|-heal|p1a: Sylveon|393\/393|[from] item: Leftovers
|upkeep
|turn|31
|J|ordinary1
|c|+r0ady|that was a free ass 8%
|c|+r0ady|damnit tony
|choice|move hypervoice|move hypervoice
|
|move|p1a: Sylveon|Hyper Voice|p2a: Sylveon
|-damage|p2a: Sylveon|225\/394
|move|p2a: Sylveon|Hyper Voice|p1a: Sylveon
|-damage|p1a: Sylveon|291\/393
|
|-heal|p2a: Sylveon|394\/394|[from] move: Wish|[wisher] Sylveon
|-heal|p1a: Sylveon|393\/393|[from] move: Wish|[wisher] Sylveon
|upkeep
|turn|32
|L|ordinary1
|c|+YABO|70 turns later...
|J|ordinary1
|choice|move hypervoice|move wish
|
|move|p1a: Sylveon|Hyper Voice|p2a: Sylveon
|-damage|p2a: Sylveon|270\/394
|move|p2a: Sylveon|Wish|p2a: Sylveon
|
|upkeep
|turn|33
|c|+Advantage|this is better than water type on water type scalding
|choice|move hypervoice|move hypervoice
|
|move|p1a: Sylveon|Hyper Voice|p2a: Sylveon
|-damage|p2a: Sylveon|141\/394
|move|p2a: Sylveon|Hyper Voice|p1a: Sylveon
|-damage|p1a: Sylveon|293\/393
|
|-heal|p2a: Sylveon|338\/394|[from] move: Wish|[wisher] Sylveon
|-heal|p1a: Sylveon|317\/393|[from] item: Leftovers
|upkeep
|turn|34
|c|+YABO|no
|c|+Sacri !!_!!|i reconsider my life choices whenever i see tony playing
|c|+YABO|at least with waters scalding, something happens
|choice|switch 5|move hypervoice
|
|switch|p1a: Exploud|Exploud, M|306\/349
|move|p2a: Sylveon|Hyper Voice|p1a: Exploud
|-immune|p1a: Exploud|[msg]|[from] ability: Soundproof
|
|upkeep
|turn|35
|c|+Hikari|is it better or worse than clefable cm wars
|c|+Sacri !!_!!|how is someone this good.
|c|+SamVGC ✿|ahhhhhhhh
|c|+Bouff##|worse
|c|+r0ady|at least clef wars
|c|+r0ady|end on crits
|choice|move boomburst|switch 6
|
|switch|p2a: Empoleon|Empoleon, M|337\/372
|move|p1a: Exploud|Boomburst|p2a: Empoleon
|-resisted|p2a: Empoleon
|-damage|p2a: Empoleon|227\/372
|
|-heal|p2a: Empoleon|250\/372|[from] item: Leftovers
|upkeep
|turn|36
|c|+YABO|nice chip
|L|CBU
|c|+Sacri !!_!!|cice nhip
|choice|switch 6|move signalbeam
|
|switch|p1a: Seismitoad|Seismitoad, M|284\/411
|move|p2a: Empoleon|Signal Beam|p1a: Seismitoad
|-damage|p1a: Seismitoad|206\/411
|
|-heal|p1a: Seismitoad|231\/411|[from] item: Leftovers
|-heal|p2a: Empoleon|273\/372|[from] item: Leftovers
|upkeep
|turn|37
|choice|move stealthrock|switch 3
|
|switch|p2a: Mandibuzz|Mandibuzz, F|330\/421
|move|p1a: Seismitoad|Stealth Rock|p2a: Mandibuzz
|-sidestart|p2: confide|move: Stealth Rock
|
|-heal|p2a: Mandibuzz|356\/421|[from] item: Leftovers
|-heal|p1a: Seismitoad|256\/411|[from] item: Leftovers
|upkeep
|turn|38
|J|Pak
|choice|move scald|move defog
|
|move|p2a: Mandibuzz|Defog|p1a: Seismitoad
|-unboost|p1a: Seismitoad|evasion|1
|-sideend|p2: confide|Stealth Rock|[from] move: Defog|[of] p2a: Mandibuzz
|move|p1a: Seismitoad|Scald|p2a: Mandibuzz
|-damage|p2a: Mandibuzz|296\/421
|
|-heal|p2a: Mandibuzz|322\/421|[from] item: Leftovers
|-heal|p1a: Seismitoad|281\/411|[from] item: Leftovers
|upkeep
|turn|39
|choice|switch 5|move taunt
|
|switch|p1a: Sylveon|Sylveon, F|317\/393
|move|p2a: Mandibuzz|Taunt|p1a: Sylveon
|-start|p1a: Sylveon|move: Taunt
|
|-heal|p2a: Mandibuzz|348\/421|[from] item: Leftovers
|-heal|p1a: Sylveon|341\/393|[from] item: Leftovers
|upkeep
|turn|40
|L|Pak
|J|Omfuga
|choice|switch 2|move roost
|
|switch|p1a: Mienshao|Mienshao, F|239\/271
|move|p2a: Mandibuzz|Roost|p2a: Mandibuzz
|-heal|p2a: Mandibuzz|421\/421
|
|upkeep
|turn|41
|choice|move uturn|move foulplay
|
|move|p1a: Mienshao|U-turn|p2a: Mandibuzz
|-damage|p2a: Mandibuzz|341\/421
|choice|switch 2|
|
|switch|p1a: Sylveon|Sylveon, F|341\/393
|move|p2a: Mandibuzz|Foul Play|p1a: Sylveon
|-resisted|p1a: Sylveon
|-crit|p1a: Sylveon
|-damage|p1a: Sylveon|293\/393
|
|-heal|p2a: Mandibuzz|367\/421|[from] item: Leftovers
|-heal|p1a: Sylveon|317\/393|[from] item: Leftovers
|upkeep
|turn|42
|choice|switch 4|switch 3
|
|switch|p2a: Empoleon|Empoleon, M|273\/372
|switch|p1a: Absol|Absol-Mega, F|238\/271
|
|-heal|p2a: Empoleon|296\/372|[from] item: Leftovers
|upkeep
|turn|43
|choice|move pursuit|switch 3
|
|-activate|p2a: Empoleon|move: Pursuit
|move|p1a: Absol|Pursuit|p2a: Empoleon|[from]Pursuit
|-damage|p2a: Empoleon|109\/372
|switch|p2a: Mandibuzz|Mandibuzz, F|367\/421
|
|-heal|p2a: Mandibuzz|393\/421|[from] item: Leftovers
|upkeep
|turn|44
|c|+YABO|oh
|c|+YABO|my
|c|+YABO|god
|c|+SamVGC ✿|unreal
|c|+r0ady|this absol only has suit
|c|+r0ady|he doesnt have other moves
|c|+hogg|yeah tony missav'd
|c|+hogg|literally just wrote pursuit in four times
|c|+hogg|figured that was all he needed and just went with it
|c|+Bouff##|it stacks
|c|+Bouff##|32 x 4 pp
|choice|switch 6|switch 6
|
|switch|p1a: Exploud|Exploud, M|306\/349
|switch|p2a: Sylveon|Sylveon, M|338\/394
|
|upkeep
|turn|45
|c|+hogg|good god this isn't even fair
|c|+Omfuga|he literally
|c|+Omfuga|predicted foul play
|c|+Omfuga|gtfo
|c|+Omfuga|LOL
|c|+YABO|nah this blocks a wish pass sequence
|choice|move boomburst|move protect
|
|move|p2a: Sylveon|Protect|p2a: Sylveon
|-singleturn|p2a: Sylveon|Protect
|move|p1a: Exploud|Boomburst|p2a: Sylveon
|-activate|p2a: Sylveon|move: Protect
|
|upkeep
|turn|46
|c|+r0ady|cover your ears
|c|+Ict|LOOL
|c|+hogg|clearly planned, tony is flawless
|c|+Ict|ROADY STFU
|choice|move boomburst|move wish
|
|move|p1a: Exploud|Boomburst|p2a: Sylveon
|-damage|p2a: Sylveon|80\/394
|move|p2a: Sylveon|Wish|p2a: Sylveon
|
|upkeep
|turn|47
|c|+blunderr ★_★|tht did nothin
|c|+obii ☁|tony put it in my mouth
|c|@rozes|tony put it in my ass
|c|+Bouff##|rozes has my nudes
|c|☆turtonator RC|its 5-5 this is not over come on now
|c|@rozes|i do have bouff nudes
|L|blunderr ★_★
|c|+Bouff##|theyure like
|c|+hogg|isn't that illegal?
|c|+Bouff##|semi nudes
|c|+hogg|bouff's underage :(
|c|@rozes|well
|c|+Bouff##|its me naked with an ass pic but
|c|+Bouff##|i have shakes face
|c|@rozes|instead of a butt 
|c|+King♥UU|LOL
|c|@rozes|he put shakes face on top
|c|+Bouff##|covered over my ass
|c|@rozes|LOL
|c|+Bouff##|i wonder if id get
|c|+Bouff##|banned for posting that
|c|+King♥UU|if no one wants to see it
|c|+hogg|you are all very strange people
|c|+King♥UU|is it still child porn
|c|%TDK|i would ban you
|J|Empo
|c|@rozes|probably not
|c|+Omfuga|u'd get put in prison
|choice|move boomburst|move protect
|
|move|p2a: Sylveon|Protect|p2a: Sylveon
|-singleturn|p2a: Sylveon|Protect
|move|p1a: Exploud|Boomburst|p2a: Sylveon
|-activate|p2a: Sylveon|move: Protect
|
|-heal|p2a: Sylveon|277\/394|[from] move: Wish|[wisher] Sylveon
|upkeep
|turn|48
|c|@rozes|tdk ill pm it 2 u
|c|@rozes|you can rate it
|c|%TDK|i'm not clicking
|c|@rozes|theres no butt tho
|c|+King♥UU|literally getting
|L|Amaroq
|c|@rozes|just shakes face
|c|+King♥UU|OUTL involved
|c|+King♥UU|this is it
|c|@rozes|well i guess it is an ass
|c|+King♥UU|this is how it happens
|c|+King♥UU|this is how all of smogon leadership implodes
|c|+King♥UU|we're all involved.
|c|+King♥UU|all cause of
|choice|move boomburst|switch 6
|
|switch|p2a: Mandibuzz|Mandibuzz, F|393\/421
|move|p1a: Exploud|Boomburst|p2a: Mandibuzz
|-damage|p2a: Mandibuzz|152\/421
|
|-heal|p2a: Mandibuzz|178\/421|[from] item: Leftovers
|upkeep
|turn|49
|c|+King♥UU|Bouff's dirty ass
|c|+Bouff##|dude before i covered it
|c|+Bouff##|i noticed
|c|+Bouff##|my ass is fucking jacked
|c|+King♥UU|LOL
|choice|move boomburst|move roost
|
|move|p1a: Exploud|Boomburst|p2a: Mandibuzz
|-damage|p2a: Mandibuzz|0 fnt
|faint|p2a: Mandibuzz
|
|upkeep
|c|+King♥UU|I'm dead.
|c|+King♥UU|what is confide doing
|c|+King♥UU|confide what are you doing
|c|☆turtonator RC|timer buddy
|choice||switch 2
|
|switch|p2a: Nidoking|Nidoking, M|16\/303
|turn|50
|c|+King♥UU|that's
|c|+King♥UU|risky
|c|☆confide|Sry
|c|☆confide|lagged out for a sec
|c|+King♥UU|I don't think you have much time though just as a heads up
|choice|switch 5|move sludgewave
|
|switch|p1a: Seismitoad|Seismitoad, M|281\/411
|move|p2a: Nidoking|Sludge Wave|p1a: Seismitoad
|-resisted|p1a: Seismitoad
|-damage|p1a: Seismitoad|139\/411
|
|-heal|p1a: Seismitoad|164\/411|[from] item: Leftovers
|upkeep
|turn|51
|c|+King♥UU|I believe timer only adds 30 seconds per turn
|choice|move scald|move earthpower
|
|move|p2a: Nidoking|Earth Power|p1a: Seismitoad
|-damage|p1a: Seismitoad|0 fnt
|faint|p1a: Seismitoad
|
|upkeep
|choice|switch 2|
|
|switch|p1a: Mienshao|Mienshao, F|239\/271
|turn|52
|choice|move uturn|switch 3
|
|switch|p2a: Empoleon|Empoleon, M|109\/372
|move|p1a: Mienshao|U-turn|p2a: Empoleon
|-resisted|p2a: Empoleon
|-damage|p2a: Empoleon|64\/372
|c|☆confide|test
|c|+Omfuga|ur good fam
|c|+Omfuga|im ddosing tony
|c|+Omfuga|nw
|choice|switch 6|
|
|switch|p1a: Absol|Absol-Mega, F|238\/271
|
|-heal|p2a: Empoleon|87\/372|[from] item: Leftovers
|upkeep
|turn|53
|choice|move knockoff|move signalbeam
|
|move|p1a: Absol|Knock Off|p2a: Empoleon
|-damage|p2a: Empoleon|0 fnt
|-enditem|p2a: Empoleon|Leftovers|[from] move: Knock Off|[of] p1a: Absol
|faint|p2a: Empoleon
|
|upkeep
|choice||switch 5
|
|switch|p2a: Hydreigon|Hydreigon, M|325\/325
|turn|54
|c|+Ict|tonys not clcikcing suit this time
|c|+King♥UU|Tony's just thinking: "wonna bet"
|c|+Omfuga|does this even
|c|+Omfuga|OHKO absol
|c|+Omfuga|,
|choice|switch 4|move irontail
|
|switch|p1a: Sylveon|Sylveon, F|317\/393
|move|p2a: Hydreigon|Iron Tail|p1a: Sylveon
|-supereffective|p1a: Sylveon
|-damage|p1a: Sylveon|0 fnt
|faint|p1a: Sylveon
|
|upkeep
|c|+Ict|wp.
|c|+Omfuga|it hits
|c|+Omfuga|literally everything
|c|+Omfuga|its the only "p"
|c|+Ict|,
|c|+King♥UU|oh that's banded
|c|+King♥UU|nice
|c|+Ict|ur lame as heck
|choice|switch 6|
|
|switch|p1a: Mienshao|Mienshao, F|239\/271
|turn|55
|c|+Omfuga|jesus i hope you DC tony
|c|☆turtonator RC|ty bby
|J|Level 56
|c|+Omfuga|LOL
|choice|move highjumpkick|move irontail
|
|move|p1a: Mienshao|High Jump Kick|p2a: Hydreigon
|-supereffective|p2a: Hydreigon
|-damage|p2a: Hydreigon|0 fnt
|faint|p2a: Hydreigon
|
|upkeep
|c|☆turtonator RC|thank god
|choice||switch 6
|
|switch|p2a: Sylveon|Sylveon, M|277\/394
|turn|56
|c|+Omfuga|does that really 2hko sylv
|c|+Omfuga|or was that a play
|c|☆confide|Predicted turn
|c|+r0ady|it should 2hko from there
|c|☆confide|Which i lived
|c|+Omfuga|nah idts.
|c|+Omfuga|@ roadu.
|c|+Omfuga|roady
|c|☆confide|Its band
|c|+King♥UU|wait
|c|+Omfuga|oh
|c|+Omfuga|ok
|c|+King♥UU|why
|c|☆confide|I think it is
|c|+King♥UU|did you just switch to sylv
|c|☆confide|Hes reckless
|c|+King♥UU|didn't*
|choice|move highjumpkick|switch 3
|
|switch|p2a: Nidoking|Nidoking, M|16\/303
|move|p1a: Mienshao|High Jump Kick|p2a: Nidoking
|-resisted|p2a: Nidoking
|-damage|p2a: Nidoking|0 fnt
|faint|p2a: Nidoking
|
|upkeep
|c|+Omfuga|huh
|c|+SamVGC ✿|god i love tony
|c|☆confide|GG
|c|☆turtonator RC|gg
|choice||switch 3
|
|switch|p2a: Sylveon|Sylveon, M|277\/394
|turn|57
|c|+King♥UU|it's literally not over
|c|+King♥UU|why are you saying gg
|c|+r0ady|are you bold sylveon
|c|☆turtonator RC|yeah he can pp stall
|c|+Omfuga|it literally is,
|c|+Omfuga|hes bold iirc
|c|☆turtonator RC|maybe
|c|☆turtonator RC|idk
|c|+Omfuga|he can't pp stall
|c|@rozes|it did 65
|c|+r0ady|!dt boomburst
|c|~|\/data-move Boomburst
|raw|<font size="1"><font color="#686868">Priority:<\/font> 0&nbsp;|&ThickSpace;<font color="#686868">Gen:<\/font> 6&nbsp;|&ThickSpace;&#10003; Sound&nbsp;|&ThickSpace;&#10003; Bypasses Substitutes&nbsp;|&ThickSpace;<font color="#686868">Z-Power:<\/font> 200&nbsp;|&ThickSpace;<font color="#686868">Target:<\/font> All Adjacent Pokémon<\/font>
|c|☆confide|i cant pp stall
|c|+r0ady|why the fuck
|c|+r0ady|does this broken ass move
|c|+r0ady|have 16 pp
|c|+King♥UU|yes you can
|choice|move highjumpkick|move wish
|
|move|p1a: Mienshao|High Jump Kick|p2a: Sylveon
|-resisted|p2a: Sylveon
|-damage|p2a: Sylveon|160\/394
|move|p2a: Sylveon|Wish|p2a: Sylveon
|
|upkeep
|turn|58
|c|+r0ady|oh
|c|+r0ady|its scarf
|c|+King♥UU|he literally has like
|c|☆confide|..
|c|+Omfuga|,
|c|+King♥UU|11 bursts
|choice|move highjumpkick|move protect
|
|move|p2a: Sylveon|Protect|p2a: Sylveon
|-singleturn|p2a: Sylveon|Protect
|move|p1a: Mienshao|High Jump Kick|p2a: Sylveon
|-activate|p2a: Sylveon|move: Protect
|-damage|p1a: Mienshao|104\/271|[from] highjumpkick
|
|-heal|p2a: Sylveon|357\/394|[from] move: Wish|[wisher] Sylveon
|upkeep
|turn|59
|choice|move highjumpkick|move wish
|
|move|p1a: Mienshao|High Jump Kick|p2a: Sylveon
|-resisted|p2a: Sylveon
|-damage|p2a: Sylveon|229\/394
|move|p2a: Sylveon|Wish|p2a: Sylveon
|
|upkeep
|turn|60
|c|+Omfuga|whats last move on scarf mien in this gen
|c|+Omfuga|jab right
|c|+Omfuga|?_?
|c|+YABO|edge
|c|+King♥UU|edge
|c|+Omfuga|oh
|c|+YABO|gyara
|choice|move highjumpkick|move protect
|
|move|p2a: Sylveon|Protect|p2a: Sylveon
|-singleturn|p2a: Sylveon|Protect
|move|p1a: Mienshao|High Jump Kick|p2a: Sylveon
|-activate|p2a: Sylveon|move: Protect
|-damage|p1a: Mienshao|0 fnt|[from] highjumpkick
|faint|p1a: Mienshao
|
|-heal|p2a: Sylveon|394\/394|[from] move: Wish|[wisher] Sylveon
|upkeep
|c|+Omfuga|garbo
|choice|switch 5|
|
|switch|p1a: Exploud|Exploud, M|306\/349
|turn|61
|choice|move boomburst|move wish
|
|move|p1a: Exploud|Boomburst|p2a: Sylveon
|-damage|p2a: Sylveon|135\/394
|move|p2a: Sylveon|Wish|p2a: Sylveon
|
|upkeep
|turn|62
|c|+Omfuga|wait.
|choice|move boomburst|move protect
|
|move|p2a: Sylveon|Protect|p2a: Sylveon
|-singleturn|p2a: Sylveon|Protect
|move|p1a: Exploud|Boomburst|p2a: Sylveon
|-activate|p2a: Sylveon|move: Protect
|
|-heal|p2a: Sylveon|332\/394|[from] move: Wish|[wisher] Sylveon
|upkeep
|turn|63
|c|+King♥UU|8 bursts left
|c|+King♥UU|7
|c|+King♥UU|lol
|c|+r0ady|i mean 
|c|+r0ady|he can just switch
|c|+r0ady|and stall out wish
|c|+Omfuga|,
|c|+Omfuga|no he can't
|c|+King♥UU|?
|c|+King♥UU|no he can't
|c|+r0ady|why cant he
|c|+King♥UU|cause no other move
|c|+r0ady|is he
|c|+King♥UU|wil do 65 my dude
|c|+Omfuga|he switches on a wish then confide hvoices
|c|+Omfuga|,,
|choice|move boomburst|move wish
|
|move|p1a: Exploud|Boomburst|p2a: Sylveon
|-damage|p2a: Sylveon|77\/394
|move|p2a: Sylveon|Wish|p2a: Sylveon
|
|upkeep
|turn|64
|c|+r0ady|mono boomburst
|c|+r0ady|why does he need to do
|c|+r0ady|65
|choice|move boomburst|move protect
|
|move|p2a: Sylveon|Protect|p2a: Sylveon
|-singleturn|p2a: Sylveon|Protect
|move|p1a: Exploud|Boomburst|p2a: Sylveon
|-activate|p2a: Sylveon|move: Protect
|
|-heal|p2a: Sylveon|274\/394|[from] move: Wish|[wisher] Sylveon
|upkeep
|turn|65
|c|+r0ady|he just needs ot dodmg
|c|+r0ady|to do dmg*
|c|+King♥UU|if he does less than 40
|c|+King♥UU|sylv wins
|c|☆confide|Hes soundproof omguga
|c|+King♥UU|anyways
|c|+hogg|nah r0ady's right
|c|+Omfuga|oh
|c|☆confide|fuga*
|c|+King♥UU|oh he's soundproof
|c|+r0ady|he literally
|c|+Omfuga|he's soundproof
|c|+Omfuga|lols
|c|+King♥UU|then
|c|+r0ady|jusrs talls out wish
|c|+King♥UU|give up
|choice|move boomburst|move wish
|
|move|p1a: Exploud|Boomburst|p2a: Sylveon
|-damage|p2a: Sylveon|0 fnt
|faint|p2a: Sylveon
|
|win|turtonator RC</script>
</div>
<div class="battle-log battle-log-inline"><div class="inner"><div class="battle-options"></div><div class="inner"><div class="chat message-error">Battle timer is ON: inactive players will automatically lose when time's up.</div><div class=""><small>Format:</small> <br><strong>UU</strong></div><div class=""><small><em>Sleep Clause Mod:</em> Limit one foe put to sleep</small></div><div class=""><small><em>Species Clause:</em> Limit one of each Pokémon</small></div><div class=""><small><em>OHKO Clause:</em> OHKO moves are banned</small></div><div class=""><small><em>Moody Clause:</em> Moody is banned</small></div><div class=""><small><em>Evasion Moves Clause:</em> Evasion moves are banned</small></div><div class=""><small><em>Endless Battle Clause:</em> Forcing endless battles is banned</small></div><div class=""><small><em>HP Percentage Mod:</em> HP is shown in percentages</small></div><div class=""><small><em>Swagger Clause:</em> Swagger is banned</small></div><div class=""><small><em>Baton Pass Clause:</em> Limit one Baton Passer, can't pass Spe and other stats simultaneously</small></div><div class="chat battle-history"><strong>turtonator RC's team:</strong> <em style="color:#445566;display:block;">Exploud / Crobat / Seismitoad / Mienshao / Sylveon / Absol</em></div><div class="chat battle-history"><strong>confide's team:</strong> <em style="color:#445566;display:block;">Jellicent / Mandibuzz / Nidoking / Empoleon / Hydreigon / Sylveon</em></div><div class="chat chatmessage-turtonatorrc"><strong style="color:hsl(318,48%,47%)"><small>☆</small><span class="username" data-name="turtonator RC">turtonator RC</span>:</strong> <em>hf</em></div><div class="chat chatmessage-confide"><strong style="color:hsl(60,68%,35.91471353856%)"><small>☆</small><span class="username" data-name="confide">confide</span>:</strong> <em>u2</em></div><div class="chat chatmessage-ict"><strong style="color:hsl(281,40%,50.792432564636634%)"><small>+</small><span class="username" data-name="Ict">Ict</span>:</strong> <em>TONY</em></div><div class="chat chatmessage-ict"><strong style="color:hsl(281,40%,50.792432564636634%)"><small>+</small><span class="username" data-name="Ict">Ict</span>:</strong> <em>SENPAI</em></div><div class="chat chatmessage-ict"><strong style="color:hsl(281,40%,50.792432564636634%)"><small>+</small><span class="username" data-name="Ict">Ict</span>:</strong> <em>PAPA</em></div><div class="chat chatmessage-confide"><strong style="color:hsl(60,68%,35.91471353856%)"><small>☆</small><span class="username" data-name="confide">confide</span>:</strong> <em>Man i was about to bring exploud too</em></div><div class="chat chatmessage-bouff"><strong style="color:hsl(351,64%,44%)"><small>+</small><span class="username" data-name="Bouff##">Bouff##</span>:</strong> <em>no normal resists</em></div><div class="chat chatmessage-ict"><strong style="color:hsl(281,40%,50.792432564636634%)"><small>+</small><span class="username" data-name="Ict">Ict</span>:</strong> <em>yea no empoleon</em></div><div class="chat chatmessage-bouff"><strong style="color:hsl(351,64%,44%)"><small>+</small><span class="username" data-name="Bouff##">Bouff##</span>:</strong> <em>n im talking</em></div><div class="chat chatmessage-bouff"><strong style="color:hsl(351,64%,44%)"><small>+</small><span class="username" data-name="Bouff##">Bouff##</span>:</strong> <em>on tonys team</em></div><div class="chat chatmessage-bouff"><strong style="color:hsl(351,64%,44%)"><small>+</small><span class="username" data-name="Bouff##">Bouff##</span>:</strong> <em>u heathen</em></div><div class="chat chatmessage-advantage"><strong style="color:hsl(307,88%,47%)"><small>+</small><span class="username" data-name="Advantage">Advantage</span>:</strong> <em>what the heck is this</em></div><div class="chat chatmessage-bouff"><strong style="color:hsl(351,64%,44%)"><small>+</small><span class="username" data-name="Bouff##">Bouff##</span>:</strong> <em>dunno if u noticed but</em></div><div class="chat chatmessage-bouff"><strong style="color:hsl(351,64%,44%)"><small>+</small><span class="username" data-name="Bouff##">Bouff##</span>:</strong> <em>sd return empo annihilates lel</em></div><div class="spacer battle-history"><br></div><div class="battle-history">Battle started between turtonator RC and confide!<br></div><div class="spacer battle-history"><br></div><div class="battle-history">Go! <strong>Crobat</strong>!<br></div><div class="spacer battle-history"><br></div><div class="battle-history">confide sent out <strong>Sylveon</strong>!<br></div><div class="spacer battle-history"><br></div><h2 class="battle-history">Turn 1</h2><div class="spacer battle-history"><br></div><div class="battle-history">Crobat used <strong>U-turn</strong>!<br></div><div class="battle-history"><small>It's not very effective...</small><br></div><div class="battle-history"><small>(The opposing Sylveon lost <abbr title="−22/394">5.6%</abbr> of its health!)</small><br></div><div class="spacer battle-history"><br></div><div class="battle-history">Crobat went back to turtonator RC!<br></div><div class="battle-history">Go! <strong>Exploud</strong>!<br></div><div class="spacer battle-history"><br></div><div class="battle-history">The opposing Sylveon used <strong>Hyper Voice</strong>!<br></div><div class="battle-history"><small>[Exploud's Soundproof]</small><br><small>It doesn't affect Exploud...</small><br></div><div class="spacer battle-history"><br></div><div class="battle-history"><small>The opposing Sylveon restored a little HP using its Leftovers!</small><br></div><div class="spacer battle-history"><br></div><h2 class="battle-history">Turn 2</h2><div class="chat chatmessage-bouff"><strong style="color:hsl(351,64%,44%)"><small>+</small><span class="username" data-name="Bouff##">Bouff##</span>:</strong> <em>LOL</em></div><div class="chat chatmessage-advantage"><strong style="color:hsl(307,88%,47%)"><small>+</small><span class="username" data-name="Advantage">Advantage</span>:</strong> <em>.</em></div><div class="chat chatmessage-turtonatorrc"><strong style="color:hsl(318,48%,47%)"><small>☆</small><span class="username" data-name="turtonator RC">turtonator RC</span>:</strong> <em>yeah he wasn't supposed to bring a jellicent though</em></div><div class="chat chatmessage-turtonatorrc"><strong style="color:hsl(318,48%,47%)"><small>☆</small><span class="username" data-name="turtonator RC">turtonator RC</span>:</strong> <em>x</em></div><div class="chat chatmessage-pearl"><strong style="color:hsl(137,70%,38.48887992080507%)"><small>%</small><span class="username" data-name="Pearl">Pearl</span>:</strong> <em>LOL</em></div><div class="chat chatmessage-advantage"><strong style="color:hsl(307,88%,47%)"><small>+</small><span class="username" data-name="Advantage">Advantage</span>:</strong> <em>!learn exploud, thunder</em></div><div class="chat"><div class="infobox">In Gen 7, Exploud <span class="message-learn-cannotlearn">can't</span> learn Thunder</div></div><div class="spacer battle-history"><br></div><div class="battle-history">The opposing Sylveon used <strong>Protect</strong>!<br></div><div class="battle-history"><small>The opposing Sylveon protected itself!</small><br></div><div class="spacer battle-history"><br></div><div class="battle-history">Exploud used <strong>Boomburst</strong>!<br></div><div class="battle-history"><small>The opposing Sylveon protected itself!</small><br></div><div class="spacer battle-history"><br></div><h2 class="battle-history">Turn 3</h2><div class="chat chatmessage-cbu"><strong style="color:hsl(357,50%,50.34550539999999%)"><small>+</small><span class="username" data-name="CBU">CBU</span>:</strong> <em>confide pls win, so i can stop hating this game</em></div><div class="spacer battle-history"><br></div><div class="battle-history">Exploud, come back!<br></div><div class="battle-history">Go! <strong>Seismitoad</strong>!<br></div><div class="spacer battle-history"><br></div><div class="battle-history">confide withdrew Sylveon!<br></div><div class="battle-history">confide sent out <strong>Empoleon</strong>!<br></div><div class="spacer battle-history"><br></div><h2 class="battle-history">Turn 4</h2><div class="chat chatmessage-advantage"><strong style="color:hsl(307,88%,47%)"><small>+</small><span class="username" data-name="Advantage">Advantage</span>:</strong> <em>how</em></div><div class="spacer battle-history"><br></div><div class="battle-history">Seismitoad, come back!<br></div><div class="battle-history">Go! <strong>Sylveon</strong>!<br></div><div class="spacer battle-history"><br></div><div class="battle-history">confide withdrew Empoleon!<br></div><div class="battle-history">confide sent out <strong>Mandibuzz</strong>!<br></div><div class="spacer battle-history"><br></div><h2 class="battle-history">Turn 5</h2><div class="spacer battle-history"><br></div><div class="battle-history">confide withdrew Mandibuzz!<br></div><div class="battle-history">confide sent out <strong>Empoleon</strong>!<br></div><div class="spacer battle-history"><br></div><div class="battle-history">Sylveon used <strong>Hyper Voice</strong>!<br></div><div class="battle-history"><small>It's not very effective...</small><br></div><div class="battle-history"><small>(The opposing Empoleon lost <abbr title="−52/372">14.0%</abbr> of its health!)</small><br></div><div class="spacer battle-history"><br></div><div class="battle-history"><small>The opposing Empoleon restored a little HP using its Leftovers!</small><br></div><div class="spacer battle-history"><br></div><h2 class="battle-history">Turn 6</h2><div class="spacer battle-history"><br></div><div class="battle-history">Sylveon, come back!<br></div><div class="battle-history">Go! <strong>Seismitoad</strong>!<br></div><div class="spacer battle-history"><br></div><div class="battle-history">The opposing Empoleon used <strong>Stealth Rock</strong>!<br></div><div class="battle-history"><small>Pointed stones float in the air around your team!</small><br></div><div class="spacer battle-history"><br></div><div class="battle-history"><small>The opposing Empoleon restored a little HP using its Leftovers!</small><br></div><div class="spacer battle-history"><br></div><h2 class="battle-history">Turn 7</h2><div class="spacer battle-history"><br></div><div class="battle-history">confide withdrew Empoleon!<br></div><div class="battle-history">confide sent out <strong>Hydreigon</strong>!<br></div><div class="spacer battle-history"><br></div><div class="battle-history">Seismitoad used <strong>Stealth Rock</strong>!<br></div><div class="battle-history"><small>Pointed stones float in the air around the opposing team!</small><br></div><div class="spacer battle-history"><br></div><h2 class="battle-history">Turn 8</h2><div class="chat chatmessage-pearl"><strong style="color:hsl(137,70%,38.48887992080507%)"><small>%</small><span class="username" data-name="Pearl">Pearl</span>:</strong> <em>tony </em></div><div class="chat chatmessage-pearl"><strong style="color:hsl(137,70%,38.48887992080507%)"><small>%</small><span class="username" data-name="Pearl">Pearl</span>:</strong> <em>i just realized this</em></div><div class="chat chatmessage-turtonatorrc"><strong style="color:hsl(318,48%,47%)"><small>☆</small><span class="username" data-name="turtonator RC">turtonator RC</span>:</strong> <em>what's that?</em></div><div class="chat chatmessage-pearl"><strong style="color:hsl(137,70%,38.48887992080507%)"><small>%</small><span class="username" data-name="Pearl">Pearl</span>:</strong> <em>ur exploud team is a ripoff of my lucario team</em></div><div class="chat chatmessage-pearl"><strong style="color:hsl(137,70%,38.48887992080507%)"><small>%</small><span class="username" data-name="Pearl">Pearl</span>:</strong> <em>isn't it</em></div><div class="chat chatmessage-turtonatorrc"><strong style="color:hsl(318,48%,47%)"><small>☆</small><span class="username" data-name="turtonator RC">turtonator RC</span>:</strong> <em>a bit </em></div><div class="chat chatmessage-turtonatorrc"><strong style="color:hsl(318,48%,47%)"><small>☆</small><span class="username" data-name="turtonator RC">turtonator RC</span>:</strong> <em>not intentionally though</em></div><div class="chat chatmessage-turtonatorrc"><strong style="color:hsl(318,48%,47%)"><small>☆</small><span class="username" data-name="turtonator RC">turtonator RC</span>:</strong> <em>yours is way better too</em></div><div class="chat chatmessage-yabo"><strong style="color:hsl(70,62%,31%)"><small>+</small><span class="username" data-name="YABO">YABO</span>:</strong> <em>so humble, love it</em></div><div class="spacer battle-history"><br></div><div class="battle-history">Seismitoad, come back!<br></div><div class="battle-history">Go! <strong>Sylveon</strong>!<br></div><div class="battle-history"><small>Pointed stones dug into Sylveon!</small><br></div><div class="spacer battle-history"><br></div><div class="battle-history">The opposing Hydreigon used <strong>Outrage</strong>!<br></div><div class="battle-history"><small>It doesn't affect Sylveon...</small><br></div><div class="spacer battle-history"><br></div><div class="battle-history"><small>Sylveon restored a little HP using its Leftovers!</small><br></div><div class="spacer battle-history"><br></div><h2 class="battle-history">Turn 9</h2><div class="chat chatmessage-turtonatorrc"><strong style="color:hsl(318,48%,47%)"><small>☆</small><span class="username" data-name="turtonator RC">turtonator RC</span>:</strong> <em>him</em></div><div class="chat chatmessage-ict"><strong style="color:hsl(281,40%,50.792432564636634%)"><small>+</small><span class="username" data-name="Ict">Ict</span>:</strong> <em>tony i wish we were related</em></div><div class="spacer battle-history"><br></div><div class="battle-history">confide withdrew Hydreigon!<br></div><div class="battle-history">confide sent out <strong>Empoleon</strong>!<br></div><div class="battle-history"><small>Pointed stones dug into the opposing Empoleon!</small><br></div><div class="spacer battle-history"><br></div><div class="battle-history">Sylveon, come back!<br></div><div class="battle-history">Go! <strong>Mienshao</strong>!<br></div><div class="battle-history"><small>Pointed stones dug into Mienshao!</small><br></div><div class="spacer battle-history"><br></div><div class="battle-history"><small>The opposing Empoleon restored a little HP using its Leftovers!</small><br></div><div class="spacer battle-history"><br></div><h2 class="battle-history">Turn 10</h2><div class="chat chatmessage-pearl"><strong style="color:hsl(137,70%,38.48887992080507%)"><small>%</small><span class="username" data-name="Pearl">Pearl</span>:</strong> <em>i wish i could marry tony</em></div><div class="chat chatmessage-ict"><strong style="color:hsl(281,40%,50.792432564636634%)"><small>+</small><span class="username" data-name="Ict">Ict</span>:</strong> <em>.</em></div><div class="chat chatmessage-ict"><strong style="color:hsl(281,40%,50.792432564636634%)"><small>+</small><span class="username" data-name="Ict">Ict</span>:</strong> <em>OMFG.</em></div><div class="spacer battle-history"><br></div><div class="battle-history">confide withdrew Empoleon!<br></div><div class="battle-history">confide sent out <strong>Sylveon</strong>!<br></div><div class="battle-history"><small>Pointed stones dug into the opposing Sylveon!</small><br></div><div class="spacer battle-history"><br></div><div class="battle-history">Mienshao used <strong>U-turn</strong>!<br></div><div class="battle-history"><small>It's not very effective...</small><br></div><div class="battle-history"><small>(The opposing Sylveon lost <abbr title="−39/394">9.9%</abbr> of its health!)</small><br></div><div class="chat chatmessage-ict"><strong style="color:hsl(281,40%,50.792432564636634%)"><small>+</small><span class="username" data-name="Ict">Ict</span>:</strong> <em>10?</em></div><div class="chat chatmessage-ict"><strong style="color:hsl(281,40%,50.792432564636634%)"><small>+</small><span class="username" data-name="Ict">Ict</span>:</strong> <em>surely cb</em></div><div class="chat chatmessage-sacri"><strong style="color:hsl(344,60%,48.0115088290176%)"><small>+</small><span class="username" data-name="Sacri !!_!!">Sacri !!_!!</span>:</strong> <em>-</em></div><div class="spacer battle-history"><br></div><div class="battle-history">Mienshao went back to turtonator RC!<br></div><div class="battle-history">Go! <strong>Crobat</strong>!<br></div><div class="battle-history"><small>Pointed stones dug into Crobat!</small><br></div><div class="spacer battle-history"><br></div><div class="battle-history"><small>The opposing Sylveon restored a little HP using its Leftovers!</small><br></div><div class="spacer battle-history"><br></div><h2 class="battle-history">Turn 11</h2><div class="spacer battle-history"><br></div><div class="battle-history">The opposing Sylveon used <strong>Protect</strong>!<br></div><div class="battle-history"><small>The opposing Sylveon protected itself!</small><br></div><div class="spacer battle-history"><br></div><div class="battle-history">Crobat used <strong>Acrobatics</strong>!<br></div><div class="battle-history"><small>The opposing Sylveon protected itself!</small><br></div><div class="spacer battle-history"><br></div><div class="battle-history"><small>The opposing Sylveon restored a little HP using its Leftovers!</small><br></div><div class="spacer battle-history"><br></div><h2 class="battle-history">Turn 12</h2><div class="spacer battle-history"><br></div><div class="battle-history">Crobat used <strong>U-turn</strong>!<br></div><div class="battle-history"><small>It's not very effective...</small><br></div><div class="battle-history"><small>(The opposing Sylveon lost <abbr title="−23/394">5.8%</abbr> of its health!)</small><br></div><div class="spacer battle-history"><br></div><div class="battle-history">Crobat went back to turtonator RC!<br></div><div class="battle-history">Go! <strong>Sylveon</strong>!<br></div><div class="battle-history"><small>Pointed stones dug into Sylveon!</small><br></div><div class="spacer battle-history"><br></div><div class="battle-history">The opposing Sylveon used <strong>Wish</strong>!<br></div><div class="spacer battle-history"><br></div><div class="battle-history"><small>Sylveon restored a little HP using its Leftovers!</small><br></div><div class="battle-history"><small>The opposing Sylveon restored a little HP using its Leftovers!</small><br></div><div class="spacer battle-history"><br></div><h2 class="battle-history">Turn 13</h2><div class="spacer battle-history"><br></div><div class="battle-history">Sylveon, come back!<br></div><div class="battle-history">Go! <strong>Crobat</strong>!<br></div><div class="battle-history"><small>Pointed stones dug into Crobat!</small><br></div><div class="spacer battle-history"><br></div><div class="battle-history">confide withdrew Sylveon!<br></div><div class="battle-history">confide sent out <strong>Jellicent</strong>!<br></div><div class="battle-history"><small>Pointed stones dug into the opposing Jellicent!</small><br></div><div class="spacer battle-history"><br></div><div class="battle-history"><small>Sylveon's wish came true!</small><br></div><div class="spacer battle-history"><br></div><h2 class="battle-history">Turn 14</h2><div class="spacer battle-history"><br></div><div class="battle-history">confide withdrew Jellicent!<br></div><div class="battle-history">confide sent out <strong>Empoleon</strong>!<br></div><div class="battle-history"><small>Pointed stones dug into the opposing Empoleon!</small><br></div><div class="spacer battle-history"><br></div><div class="battle-history">Crobat used <strong>U-turn</strong>!<br></div><div class="battle-history"><small>It's not very effective...</small><br></div><div class="battle-history"><small>(The opposing Empoleon lost <abbr title="−29/372">7.8%</abbr> of its health!)</small><br></div><div class="spacer battle-history"><br></div><div class="battle-history">Crobat went back to turtonator RC!<br></div><div class="battle-history">Go! <strong>Mienshao</strong>!<br></div><div class="battle-history"><small>Pointed stones dug into Mienshao!</small><br></div><div class="spacer battle-history"><br></div><div class="battle-history"><small>The opposing Empoleon restored a little HP using its Leftovers!</small><br></div><div class="spacer battle-history"><br></div><h2 class="battle-history">Turn 15</h2><div class="chat chatmessage-ict"><strong style="color:hsl(281,40%,50.792432564636634%)"><small>+</small><span class="username" data-name="Ict">Ict</span>:</strong> <em>start murdering b</em></div><div class="spacer battle-history"><br></div><div class="battle-history">confide withdrew Empoleon!<br></div><div class="battle-history">confide sent out <strong>Sylveon</strong>!<br></div><div class="battle-history"><small>Pointed stones dug into the opposing Sylveon!</small><br></div><div class="spacer battle-history"><br></div><div class="battle-history">Mienshao used <strong>Knock Off</strong>!<br></div><div class="battle-history"><small>It's not very effective...</small><br></div><div class="battle-history"><small>(The opposing Sylveon lost <abbr title="−50/394">12.7%</abbr> of its health!)</small><br></div><div class="battle-history"><small>Mienshao knocked off the opposing Sylveon's Leftovers!</small><br></div><div class="spacer battle-history"><br></div><h2 class="battle-history">Turn 16</h2><div class="spacer battle-history"><br></div><div class="battle-history">Mienshao, come back!<br></div><div class="battle-history">Go! <strong>Sylveon</strong>!<br></div><div class="battle-history"><small>Pointed stones dug into Sylveon!</small><br></div><div class="spacer battle-history"><br></div><div class="battle-history">The opposing Sylveon used <strong>Wish</strong>!<br></div><div class="spacer battle-history"><br></div><div class="battle-history"><small>Sylveon restored a little HP using its Leftovers!</small><br></div><div class="spacer battle-history"><br></div><h2 class="battle-history">Turn 17</h2><div class="spacer battle-history"><br></div><div class="battle-history">Sylveon used <strong>Wish</strong>!<br></div><div class="spacer battle-history"><br></div><div class="battle-history">The opposing Sylveon used <strong>Hyper Voice</strong>!<br></div><div class="battle-history"><small>(Sylveon lost <abbr title="−109/393">27.7%</abbr> of its health!)</small><br></div><div class="spacer battle-history"><br></div><div class="battle-history"><small>Sylveon's wish came true!</small><br></div><div class="battle-history"><small>Sylveon restored a little HP using its Leftovers!</small><br></div><div class="spacer battle-history"><br></div><h2 class="battle-history">Turn 18</h2><div class="spacer battle-history"><br></div><div class="battle-history">confide withdrew Sylveon!<br></div><div class="battle-history">confide sent out <strong>Jellicent</strong>!<br></div><div class="battle-history"><small>Pointed stones dug into the opposing Jellicent!</small><br></div><div class="spacer battle-history"><br></div><div class="battle-history">Sylveon used <strong>Hyper Voice</strong>!<br></div><div class="battle-history"><small>(The opposing Jellicent lost <abbr title="−120/404">29.7%</abbr> of its health!)</small><br></div><div class="spacer battle-history"><br></div><div class="battle-history"><small>Sylveon's wish came true!</small><br></div><div class="battle-history"><small>The opposing Jellicent restored a little HP using its Leftovers!</small><br></div><div class="spacer battle-history"><br></div><h2 class="battle-history">Turn 19</h2><div class="spacer battle-history"><br></div><div class="battle-history">Sylveon used <strong>Hyper Voice</strong>!<br></div><div class="battle-history"><small>(The opposing Jellicent lost <abbr title="−117/404">29.0%</abbr> of its health!)</small><br></div><div class="spacer battle-history"><br></div><div class="battle-history">The opposing Jellicent used <strong>Will-O-Wisp</strong>!<br></div><div class="battle-history"><small>Sylveon avoided the attack!</small><br></div><div class="spacer battle-history"><br></div><div class="battle-history"><small>The opposing Jellicent restored a little HP using its Leftovers!</small><br></div><div class="spacer battle-history"><br></div><h2 class="battle-history">Turn 20</h2><div class="spacer battle-history"><br></div><div class="battle-history">Sylveon, come back!<br></div><div class="battle-history">Go! <strong>Absol</strong>!<br></div><div class="battle-history"><small>Pointed stones dug into Absol!</small><br></div><div class="spacer battle-history"><br></div><div class="battle-history">The opposing Jellicent used <strong>Recover</strong>!<br></div><div class="battle-history"><small>The opposing Jellicent restored its HP.</small><br></div><div class="spacer battle-history"><br></div><div class="battle-history"><small>The opposing Jellicent restored a little HP using its Leftovers!</small><br></div><div class="spacer battle-history"><br></div><h2 class="battle-history">Turn 21</h2><div class="spacer battle-history"><br></div><div class="battle-history"><small>(The opposing Jellicent is being withdrawn...)</small><br></div><div class="spacer battle-history"><br></div><div class="battle-history"><small>Absol's Absolite is reacting to turtonator RC's Mega Bracelet!</small><br>Absol has Mega Evolved into Mega Absol!<br></div><div class="spacer battle-history"><br></div><div class="battle-history">Absol used <strong>Pursuit</strong>!<br></div><div class="battle-history"><small>It's super effective!</small><br></div><div class="battle-history"><small>A critical hit!</small><br></div><div class="battle-history"><small>(The opposing Jellicent lost <abbr title="−394/404">97.5%</abbr> of its health!)</small><br></div><div class="spacer battle-history"><br></div><div class="battle-history">The opposing Jellicent fainted!<br></div><div class="chat chatmessage-advantage"><strong style="color:hsl(307,88%,47%)"><small>+</small><span class="username" data-name="Advantage">Advantage</span>:</strong> <em>how</em></div><div class="chat chatmessage-yabo"><strong style="color:hsl(70,62%,31%)"><small>+</small><span class="username" data-name="YABO">YABO</span>:</strong> <em>in</em></div><div class="chat chatmessage-ict"><strong style="color:hsl(281,40%,50.792432564636634%)"><small>+</small><span class="username" data-name="Ict">Ict</span>:</strong> <em>only</em></div><div class="chat chatmessage-ict"><strong style="color:hsl(281,40%,50.792432564636634%)"><small>+</small><span class="username" data-name="Ict">Ict</span>:</strong> <em>tony</em></div><div class="chat chatmessage-pak"><strong style="color:hsl(243,72%,62.21702959220603%)"><small>+</small><span class="username" data-name="Pak">Pak</span>:</strong> <em>mr flygon.</em></div><div class="chat chatmessage-ict"><strong style="color:hsl(281,40%,50.792432564636634%)"><small>+</small><span class="username" data-name="Ict">Ict</span>:</strong> <em>can do that</em></div><div class="spacer battle-history"><br></div><div class="battle-history">confide sent out <strong>Sylveon</strong>!<br></div><div class="battle-history"><small>Pointed stones dug into the opposing Sylveon!</small><br></div><div class="spacer battle-history"><br></div><h2 class="battle-history">Turn 22</h2><div class="spacer battle-history"><br></div><div class="battle-history">Absol, come back!<br></div><div class="battle-history">Go! <strong>Exploud</strong>!<br></div><div class="battle-history"><small>Pointed stones dug into Exploud!</small><br></div><div class="spacer battle-history"><br></div><div class="battle-history">confide withdrew Sylveon!<br></div><div class="battle-history">confide sent out <strong>Nidoking</strong>!<br></div><div class="battle-history"><small>Pointed stones dug into the opposing Nidoking!</small><br></div><div class="spacer battle-history"><br></div><h2 class="battle-history">Turn 23</h2><div class="spacer battle-history"><br></div><div class="battle-history">Exploud, come back!<br></div><div class="battle-history">Go! <strong>Seismitoad</strong>!<br></div><div class="battle-history"><small>Pointed stones dug into Seismitoad!</small><br></div><div class="spacer battle-history"><br></div><div class="battle-history">The opposing Nidoking used <strong>Superpower</strong>!<br></div><div class="battle-history"><small>A critical hit!</small><br></div><div class="battle-history"><small>(Seismitoad lost <abbr title="−152/411">37.0%</abbr> of its health!)</small><br></div><div class="battle-history"><small>The opposing Nidoking's Attack fell!</small><br></div><div class="battle-history"><small>The opposing Nidoking's Defense fell!</small><br></div><div class="battle-history"><small>The opposing Nidoking lost some of its HP!</small><br></div><div class="spacer battle-history"><br></div><div class="battle-history"><small>Seismitoad restored a little HP using its Leftovers!</small><br></div><div class="spacer battle-history"><br></div><h2 class="battle-history">Turn 24</h2><div class="chat chatmessage-turtonatorrc"><strong style="color:hsl(318,48%,47%)"><small>☆</small><span class="username" data-name="turtonator RC">turtonator RC</span>:</strong> <em>him</em></div><div class="chat chatmessage-r0ady"><strong style="color:hsl(306,70%,44.2804644005872%)"><small>+</small><span class="username" data-name="r0ady">r0ady</span>:</strong> <em>hard bat</em></div><div class="chat chatmessage-turtonatorrc"><strong style="color:hsl(318,48%,47%)"><small>☆</small><span class="username" data-name="turtonator RC">turtonator RC</span>:</strong> <em>hehe</em></div><div class="chat chatmessage-advantage"><strong style="color:hsl(307,88%,47%)"><small>+</small><span class="username" data-name="Advantage">Advantage</span>:</strong> <em>how does tony flygod do it </em></div><div class="chat chatmessage-yabo"><strong style="color:hsl(70,62%,31%)"><small>+</small><span class="username" data-name="YABO">YABO</span>:</strong> <em>thats a manly play</em></div><div class="chat chatmessage-advantage"><strong style="color:hsl(307,88%,47%)"><small>+</small><span class="username" data-name="Advantage">Advantage</span>:</strong> <em>not 1 misstep </em></div><div class="chat chatmessage-ict"><strong style="color:hsl(281,40%,50.792432564636634%)"><small>+</small><span class="username" data-name="Ict">Ict</span>:</strong> <em>tony is something i desire to be</em></div><div class="chat chatmessage-pearl"><strong style="color:hsl(137,70%,38.48887992080507%)"><small>%</small><span class="username" data-name="Pearl">Pearl</span>:</strong> <em>tonys a fcking veteran</em></div><div class="spacer battle-history"><br></div><div class="battle-history">confide withdrew Nidoking!<br></div><div class="battle-history">confide sent out <strong>Mandibuzz</strong>!<br></div><div class="battle-history"><small>Pointed stones dug into the opposing Mandibuzz!</small><br></div><div class="spacer battle-history"><br></div><div class="battle-history">Seismitoad used <strong>Scald</strong>!<br></div><div class="battle-history"><small>(The opposing Mandibuzz lost <abbr title="−64/421">15.2%</abbr> of its health!)</small><br></div><div class="spacer battle-history"><br></div><div class="battle-history"><small>The opposing Mandibuzz restored a little HP using its Leftovers!</small><br></div><div class="battle-history"><small>Seismitoad restored a little HP using its Leftovers!</small><br></div><div class="spacer battle-history"><br></div><h2 class="battle-history">Turn 25</h2><div class="chat chatmessage-pearl"><strong style="color:hsl(137,70%,38.48887992080507%)"><small>%</small><span class="username" data-name="Pearl">Pearl</span>:</strong> <em>thank god he stopped sabotaging our team </em></div><div class="spacer battle-history"><br></div><div class="battle-history">Seismitoad, come back!<br></div><div class="battle-history">Go! <strong>Sylveon</strong>!<br></div><div class="battle-history"><small>Pointed stones dug into Sylveon!</small><br></div><div class="spacer battle-history"><br></div><div class="battle-history">The opposing Mandibuzz used <strong>Defog</strong>!<br></div><div class="battle-history"><small>Sylveon's evasiveness fell!</small><br></div><div class="battle-history"><small>The pointed stones disappeared from around your team!</small><br></div><div class="battle-history"><small>The pointed stones disappeared from around the opposing team!</small><br></div><div class="spacer battle-history"><br></div><div class="battle-history"><small>The opposing Mandibuzz restored a little HP using its Leftovers!</small><br></div><div class="battle-history"><small>Sylveon restored a little HP using its Leftovers!</small><br></div><div class="spacer battle-history"><br></div><h2 class="battle-history">Turn 26</h2><div class="chat chatmessage-ict"><strong style="color:hsl(281,40%,50.792432564636634%)"><small>+</small><span class="username" data-name="Ict">Ict</span>:</strong> <em>gg?gg?really dude?REALLY?</em></div><div class="chat chatmessage-ict"><strong style="color:hsl(281,40%,50.792432564636634%)"><small>+</small><span class="username" data-name="Ict">Ict</span>:</strong> <em>gg?gg?really dude?REALLY?</em></div><div class="chat chatmessage-ict"><strong style="color:hsl(281,40%,50.792432564636634%)"><small>+</small><span class="username" data-name="Ict">Ict</span>:</strong> <em>gg?gg?really dude?REALLY?</em></div><div class="chat chatmessage-ict"><strong style="color:hsl(281,40%,50.792432564636634%)"><small>+</small><span class="username" data-name="Ict">Ict</span>:</strong> <em>LOOOL</em></div><div class="chat chatmessage-ict"><strong style="color:hsl(281,40%,50.792432564636634%)"><small>+</small><span class="username" data-name="Ict">Ict</span>:</strong> <em>i just saw this</em></div><div class="chat chatmessage-ict"><strong style="color:hsl(281,40%,50.792432564636634%)"><small>+</small><span class="username" data-name="Ict">Ict</span>:</strong> <em>omg</em></div><div class="spacer battle-history"><br></div><div class="battle-history">confide withdrew Mandibuzz!<br></div><div class="battle-history">confide sent out <strong>Nidoking</strong>!<br></div><div class="spacer battle-history"><br></div><div class="battle-history">Sylveon, come back!<br></div><div class="battle-history">Go! <strong>Mienshao</strong>!<br></div><div class="spacer battle-history"><br></div><h2 class="battle-history">Turn 27</h2><div class="chat chatmessage-ict"><strong style="color:hsl(281,40%,50.792432564636634%)"><small>+</small><span class="username" data-name="Ict">Ict</span>:</strong> <em>pearl</em></div><div class="chat chatmessage-ict"><strong style="color:hsl(281,40%,50.792432564636634%)"><small>+</small><span class="username" data-name="Ict">Ict</span>:</strong> <em>HAHAHAHAHA</em></div><div class="chat chatmessage-advantage"><strong style="color:hsl(307,88%,47%)"><small>+</small><span class="username" data-name="Advantage">Advantage</span>:</strong> <em>LOL</em></div><div class="chat chatmessage-pearl"><strong style="color:hsl(137,70%,38.48887992080507%)"><small>%</small><span class="username" data-name="Pearl">Pearl</span>:</strong> <em>lol</em></div><div class="chat chatmessage-hikari"><strong style="color:hsl(10,82%,39%)"><small>+</small><span class="username" data-name="Hikari">Hikari</span>:</strong> <em>is that a new meme</em></div><div class="chat chatmessage-sacri"><strong style="color:hsl(344,60%,48.0115088290176%)"><small>+</small><span class="username" data-name="Sacri !!_!!">Sacri !!_!!</span>:</strong> <em>tony is great at sabotaging his own team</em></div><div class="chat chatmessage-advantage"><strong style="color:hsl(307,88%,47%)"><small>+</small><span class="username" data-name="Advantage">Advantage</span>:</strong> <em>yes br</em></div><div class="chat chatmessage-hikari"><strong style="color:hsl(10,82%,39%)"><small>+</small><span class="username" data-name="Hikari">Hikari</span>:</strong> <em>i haven't been on smogon for like 2 days</em></div><div class="chat chatmessage-sacri"><strong style="color:hsl(344,60%,48.0115088290176%)"><small>+</small><span class="username" data-name="Sacri !!_!!">Sacri !!_!!</span>:</strong> <em>hikari did you manage not to get drunk this time</em></div><div class="spacer battle-history"><br></div><div class="battle-history">Mienshao used <strong>U-turn</strong>!<br></div><div class="battle-history"><small>It's not very effective...</small><br></div><div class="battle-history"><small>(The opposing Nidoking lost <abbr title="−49/303">16.2%</abbr> of its health!)</small><br></div><div class="chat chatmessage-sacri"><strong style="color:hsl(344,60%,48.0115088290176%)"><small>+</small><span class="username" data-name="Sacri !!_!!">Sacri !!_!!</span>:</strong> <em>hikari did you see</em></div><div class="spacer battle-history"><br></div><div class="battle-history">Mienshao went back to turtonator RC!<br></div><div class="battle-history">Go! <strong>Crobat</strong>!<br></div><div class="spacer battle-history"><br></div><div class="battle-history">The opposing Nidoking used <strong>Ice Beam</strong>!<br></div><div class="battle-history"><small>It's super effective!</small><br></div><div class="battle-history"><small>(Crobat lost <abbr title="−187/373">50.1%</abbr> of its health!)</small><br></div><div class="spacer battle-history"><br></div><div class="battle-history">Crobat fainted!<br></div><div class="chat chatmessage-sacri"><strong style="color:hsl(344,60%,48.0115088290176%)"><small>+</small><span class="username" data-name="Sacri !!_!!">Sacri !!_!!</span>:</strong> <em>:lepen: taking the L</em></div><div class="chat chatmessage-hikari"><strong style="color:hsl(10,82%,39%)"><small>+</small><span class="username" data-name="Hikari">Hikari</span>:</strong> <em>I saw the globalist jews winning again </em></div><div class="chat chatmessage-hikari"><strong style="color:hsl(10,82%,39%)"><small>+</small><span class="username" data-name="Hikari">Hikari</span>:</strong> <em>they have killed france</em></div><div class="spacer battle-history"><br></div><div class="battle-history">Go! Absol (<strong>Absol-Mega</strong>)!<br></div><div class="spacer battle-history"><br></div><h2 class="battle-history">Turn 28</h2><div class="chat chatmessage-r0ady"><strong style="color:hsl(306,70%,44.2804644005872%)"><small>+</small><span class="username" data-name="r0ady">r0ady</span>:</strong> <em>suit rn</em></div><div class="chat chatmessage-confide"><strong style="color:hsl(60,68%,35.91471353856%)"><small>☆</small><span class="username" data-name="confide">confide</span>:</strong> <em>no way</em></div><div class="chat chatmessage-yabo"><strong style="color:hsl(70,62%,31%)"><small>+</small><span class="username" data-name="YABO">YABO</span>:</strong> <em>that would be HOT</em></div><div class="chat chatmessage-confide"><strong style="color:hsl(60,68%,35.91471353856%)"><small>☆</small><span class="username" data-name="confide">confide</span>:</strong> <em>ur not man enough </em></div><div class="chat chatmessage-advantage"><strong style="color:hsl(307,88%,47%)"><small>+</small><span class="username" data-name="Advantage">Advantage</span>:</strong> <em>that's code for "im stayin in pussy"</em></div><div class="chat chatmessage-hogg"><strong style="color:hsl(295,48%,46.495355361408%)"><small>+</small><span class="username" data-name="hogg">hogg</span>:</strong> <em>tony probably evs his absol to live this anyhow</em></div><div class="chat chatmessage-hogg"><strong style="color:hsl(295,48%,46.495355361408%)"><small>+</small><span class="username" data-name="hogg">hogg</span>:</strong> <em>he's too good</em></div><div class="spacer battle-history"><br></div><div class="battle-history"><small>(The opposing Nidoking is being withdrawn...)</small><br></div><div class="spacer battle-history"><br></div><div class="battle-history">Absol used <strong>Pursuit</strong>!<br></div><div class="battle-history"><small>(The opposing Nidoking lost <abbr title="−190/303">62.7%</abbr> of its health!)</small><br></div><div class="spacer battle-history"><br></div><div class="battle-history">confide withdrew Nidoking!<br></div><div class="battle-history">confide sent out <strong>Mandibuzz</strong>!<br></div><div class="spacer battle-history"><br></div><div class="battle-history"><small>The opposing Mandibuzz restored a little HP using its Leftovers!</small><br></div><div class="spacer battle-history"><br></div><h2 class="battle-history">Turn 29</h2><div class="chat chatmessage-advantage"><strong style="color:hsl(307,88%,47%)"><small>+</small><span class="username" data-name="Advantage">Advantage</span>:</strong> <em>eg4y565k7r686k75d4s3ywta4y35w46e</em></div><div class="chat chatmessage-ict"><strong style="color:hsl(281,40%,50.792432564636634%)"><small>+</small><span class="username" data-name="Ict">Ict</span>:</strong> <em>......</em></div><div class="chat chatmessage-advantage"><strong style="color:hsl(307,88%,47%)"><small>+</small><span class="username" data-name="Advantage">Advantage</span>:</strong> <em>howd it live </em></div><div class="chat chatmessage-samvgc"><strong style="color:hsl(181,65%,41.666666666666664%)"><small>+</small><span class="username" data-name="SamVGC ✿">SamVGC ✿</span>:</strong> <em>marry me tony</em></div><div class="chat chatmessage-ict"><strong style="color:hsl(281,40%,50.792432564636634%)"><small>+</small><span class="username" data-name="Ict">Ict</span>:</strong> <em>HOW THE FUCK IS SOMEONE THT GOOD ALLOWED</em></div><div class="chat chatmessage-confide"><strong style="color:hsl(60,68%,35.91471353856%)"><small>☆</small><span class="username" data-name="confide">confide</span>:</strong> <em>damn</em></div><div class="chat chatmessage-r0ady"><strong style="color:hsl(306,70%,44.2804644005872%)"><small>+</small><span class="username" data-name="r0ady">r0ady</span>:</strong> <em>pursuit this hes doubling</em></div><div class="chat chatmessage-yabo"><strong style="color:hsl(70,62%,31%)"><small>+</small><span class="username" data-name="YABO">YABO</span>:</strong> <em>lool</em></div><div class="chat chatmessage-ict"><strong style="color:hsl(281,40%,50.792432564636634%)"><small>+</small><span class="username" data-name="Ict">Ict</span>:</strong> <em>same r0ady</em></div><div class="spacer battle-history"><br></div><div class="battle-history">Absol, come back!<br></div><div class="battle-history">Go! <strong>Sylveon</strong>!<br></div><div class="spacer battle-history"><br></div><div class="battle-history">confide withdrew Mandibuzz!<br></div><div class="battle-history">confide sent out <strong>Sylveon</strong>!<br></div><div class="spacer battle-history"><br></div><div class="battle-history"><small>Sylveon restored a little HP using its Leftovers!</small><br></div><div class="spacer battle-history"><br></div><h2 class="battle-history">Turn 30</h2><div class="chat chatmessage-samvgc"><strong style="color:hsl(181,65%,41.666666666666664%)"><small>+</small><span class="username" data-name="SamVGC ✿">SamVGC ✿</span>:</strong> <em>how did he know..</em></div><div class="spacer battle-history"><br></div><div class="battle-history">Sylveon used <strong>Wish</strong>!<br></div><div class="spacer battle-history"><br></div><div class="battle-history">The opposing Sylveon used <strong>Wish</strong>!<br></div><div class="spacer battle-history"><br></div><div class="battle-history"><small>Sylveon restored a little HP using its Leftovers!</small><br></div><div class="spacer battle-history"><br></div><h2 class="battle-history">Turn 31</h2><div class="chat chatmessage-r0ady"><strong style="color:hsl(306,70%,44.2804644005872%)"><small>+</small><span class="username" data-name="r0ady">r0ady</span>:</strong> <em>that was a free ass 8%</em></div><div class="chat chatmessage-r0ady"><strong style="color:hsl(306,70%,44.2804644005872%)"><small>+</small><span class="username" data-name="r0ady">r0ady</span>:</strong> <em>damnit tony</em></div><div class="spacer battle-history"><br></div><div class="battle-history">Sylveon used <strong>Hyper Voice</strong>!<br></div><div class="battle-history"><small>(The opposing Sylveon lost <abbr title="−120/394">30.5%</abbr> of its health!)</small><br></div><div class="spacer battle-history"><br></div><div class="battle-history">The opposing Sylveon used <strong>Hyper Voice</strong>!<br></div><div class="battle-history"><small>(Sylveon lost <abbr title="−102/393">26.0%</abbr> of its health!)</small><br></div><div class="spacer battle-history"><br></div><div class="battle-history"><small>Sylveon's wish came true!</small><br></div><div class="battle-history"><small>Sylveon's wish came true!</small><br></div><div class="spacer battle-history"><br></div><h2 class="battle-history">Turn 32</h2><div class="chat chatmessage-yabo"><strong style="color:hsl(70,62%,31%)"><small>+</small><span class="username" data-name="YABO">YABO</span>:</strong> <em>70 turns later...</em></div><div class="spacer battle-history"><br></div><div class="battle-history">Sylveon used <strong>Hyper Voice</strong>!<br></div><div class="battle-history"><small>(The opposing Sylveon lost <abbr title="−124/394">31.5%</abbr> of its health!)</small><br></div><div class="spacer battle-history"><br></div><div class="battle-history">The opposing Sylveon used <strong>Wish</strong>!<br></div><div class="spacer battle-history"><br></div><h2 class="battle-history">Turn 33</h2><div class="chat chatmessage-advantage"><strong style="color:hsl(307,88%,47%)"><small>+</small><span class="username" data-name="Advantage">Advantage</span>:</strong> <em>this is better than water type on water type scalding</em></div><div class="spacer battle-history"><br></div><div class="battle-history">Sylveon used <strong>Hyper Voice</strong>!<br></div><div class="battle-history"><small>(The opposing Sylveon lost <abbr title="−129/394">32.7%</abbr> of its health!)</small><br></div><div class="spacer battle-history"><br></div><div class="battle-history">The opposing Sylveon used <strong>Hyper Voice</strong>!<br></div><div class="battle-history"><small>(Sylveon lost <abbr title="−100/393">25.4%</abbr> of its health!)</small><br></div><div class="spacer battle-history"><br></div><div class="battle-history"><small>Sylveon's wish came true!</small><br></div><div class="battle-history"><small>Sylveon restored a little HP using its Leftovers!</small><br></div><div class="spacer battle-history"><br></div><h2 class="battle-history">Turn 34</h2><div class="chat chatmessage-yabo"><strong style="color:hsl(70,62%,31%)"><small>+</small><span class="username" data-name="YABO">YABO</span>:</strong> <em>no</em></div><div class="chat chatmessage-sacri"><strong style="color:hsl(344,60%,48.0115088290176%)"><small>+</small><span class="username" data-name="Sacri !!_!!">Sacri !!_!!</span>:</strong> <em>i reconsider my life choices whenever i see tony playing</em></div><div class="chat chatmessage-yabo"><strong style="color:hsl(70,62%,31%)"><small>+</small><span class="username" data-name="YABO">YABO</span>:</strong> <em>at least with waters scalding, something happens</em></div><div class="spacer battle-history"><br></div><div class="battle-history">Sylveon, come back!<br></div><div class="battle-history">Go! <strong>Exploud</strong>!<br></div><div class="spacer battle-history"><br></div><div class="battle-history">The opposing Sylveon used <strong>Hyper Voice</strong>!<br></div><div class="battle-history"><small>[Exploud's Soundproof]</small><br><small>It doesn't affect Exploud...</small><br></div><div class="spacer battle-history"><br></div><h2 class="battle-history">Turn 35</h2><div class="chat chatmessage-hikari"><strong style="color:hsl(10,82%,39%)"><small>+</small><span class="username" data-name="Hikari">Hikari</span>:</strong> <em>is it better or worse than clefable cm wars</em></div><div class="chat chatmessage-sacri"><strong style="color:hsl(344,60%,48.0115088290176%)"><small>+</small><span class="username" data-name="Sacri !!_!!">Sacri !!_!!</span>:</strong> <em>how is someone this good.</em></div><div class="chat chatmessage-samvgc"><strong style="color:hsl(181,65%,41.666666666666664%)"><small>+</small><span class="username" data-name="SamVGC ✿">SamVGC ✿</span>:</strong> <em>ahhhhhhhh</em></div><div class="chat chatmessage-bouff"><strong style="color:hsl(351,64%,44%)"><small>+</small><span class="username" data-name="Bouff##">Bouff##</span>:</strong> <em>worse</em></div><div class="chat chatmessage-r0ady"><strong style="color:hsl(306,70%,44.2804644005872%)"><small>+</small><span class="username" data-name="r0ady">r0ady</span>:</strong> <em>at least clef wars</em></div><div class="chat chatmessage-r0ady"><strong style="color:hsl(306,70%,44.2804644005872%)"><small>+</small><span class="username" data-name="r0ady">r0ady</span>:</strong> <em>end on crits</em></div><div class="spacer battle-history"><br></div><div class="battle-history">confide withdrew Sylveon!<br></div><div class="battle-history">confide sent out <strong>Empoleon</strong>!<br></div><div class="spacer battle-history"><br></div><div class="battle-history">Exploud used <strong>Boomburst</strong>!<br></div><div class="battle-history"><small>It's not very effective...</small><br></div><div class="battle-history"><small>(The opposing Empoleon lost <abbr title="−110/372">29.6%</abbr> of its health!)</small><br></div><div class="spacer battle-history"><br></div><div class="battle-history"><small>The opposing Empoleon restored a little HP using its Leftovers!</small><br></div><div class="spacer battle-history"><br></div><h2 class="battle-history">Turn 36</h2><div class="chat chatmessage-yabo"><strong style="color:hsl(70,62%,31%)"><small>+</small><span class="username" data-name="YABO">YABO</span>:</strong> <em>nice chip</em></div><div class="chat chatmessage-sacri"><strong style="color:hsl(344,60%,48.0115088290176%)"><small>+</small><span class="username" data-name="Sacri !!_!!">Sacri !!_!!</span>:</strong> <em>cice nhip</em></div><div class="spacer battle-history"><br></div><div class="battle-history">Exploud, come back!<br></div><div class="battle-history">Go! <strong>Seismitoad</strong>!<br></div><div class="spacer battle-history"><br></div><div class="battle-history">The opposing Empoleon used <strong>Signal Beam</strong>!<br></div><div class="battle-history"><small>(Seismitoad lost <abbr title="−78/411">19.0%</abbr> of its health!)</small><br></div><div class="spacer battle-history"><br></div><div class="battle-history"><small>Seismitoad restored a little HP using its Leftovers!</small><br></div><div class="battle-history"><small>The opposing Empoleon restored a little HP using its Leftovers!</small><br></div><div class="spacer battle-history"><br></div><h2 class="battle-history">Turn 37</h2><div class="spacer battle-history"><br></div><div class="battle-history">confide withdrew Empoleon!<br></div><div class="battle-history">confide sent out <strong>Mandibuzz</strong>!<br></div><div class="spacer battle-history"><br></div><div class="battle-history">Seismitoad used <strong>Stealth Rock</strong>!<br></div><div class="battle-history"><small>Pointed stones float in the air around the opposing team!</small><br></div><div class="spacer battle-history"><br></div><div class="battle-history"><small>The opposing Mandibuzz restored a little HP using its Leftovers!</small><br></div><div class="battle-history"><small>Seismitoad restored a little HP using its Leftovers!</small><br></div><div class="spacer battle-history"><br></div><h2 class="battle-history">Turn 38</h2><div class="spacer battle-history"><br></div><div class="battle-history">The opposing Mandibuzz used <strong>Defog</strong>!<br></div><div class="battle-history"><small>Seismitoad's evasiveness fell!</small><br></div><div class="battle-history"><small>The pointed stones disappeared from around the opposing team!</small><br></div><div class="spacer battle-history"><br></div><div class="battle-history">Seismitoad used <strong>Scald</strong>!<br></div><div class="battle-history"><small>(The opposing Mandibuzz lost <abbr title="−60/421">14.3%</abbr> of its health!)</small><br></div><div class="spacer battle-history"><br></div><div class="battle-history"><small>The opposing Mandibuzz restored a little HP using its Leftovers!</small><br></div><div class="battle-history"><small>Seismitoad restored a little HP using its Leftovers!</small><br></div><div class="spacer battle-history"><br></div><h2 class="battle-history">Turn 39</h2><div class="spacer battle-history"><br></div><div class="battle-history">Seismitoad, come back!<br></div><div class="battle-history">Go! <strong>Sylveon</strong>!<br></div><div class="spacer battle-history"><br></div><div class="battle-history">The opposing Mandibuzz used <strong>Taunt</strong>!<br></div><div class="battle-history"><small>Sylveon fell for the taunt!</small><br></div><div class="spacer battle-history"><br></div><div class="battle-history"><small>The opposing Mandibuzz restored a little HP using its Leftovers!</small><br></div><div class="battle-history"><small>Sylveon restored a little HP using its Leftovers!</small><br></div><div class="spacer battle-history"><br></div><h2 class="battle-history">Turn 40</h2><div class="spacer battle-history"><br></div><div class="battle-history">Sylveon, come back!<br></div><div class="battle-history">Go! <strong>Mienshao</strong>!<br></div><div class="spacer battle-history"><br></div><div class="battle-history">The opposing Mandibuzz used <strong>Roost</strong>!<br></div><div class="battle-history"><small>The opposing Mandibuzz restored its HP.</small><br></div><div class="spacer battle-history"><br></div><h2 class="battle-history">Turn 41</h2><div class="spacer battle-history"><br></div><div class="battle-history">Mienshao used <strong>U-turn</strong>!<br></div><div class="battle-history"><small>(The opposing Mandibuzz lost <abbr title="−80/421">19.0%</abbr> of its health!)</small><br></div><div class="spacer battle-history"><br></div><div class="battle-history">Mienshao went back to turtonator RC!<br></div><div class="battle-history">Go! <strong>Sylveon</strong>!<br></div><div class="spacer battle-history"><br></div><div class="battle-history">The opposing Mandibuzz used <strong>Foul Play</strong>!<br></div><div class="battle-history"><small>It's not very effective...</small><br></div><div class="battle-history"><small>A critical hit!</small><br></div><div class="battle-history"><small>(Sylveon lost <abbr title="−48/393">12.2%</abbr> of its health!)</small><br></div><div class="spacer battle-history"><br></div><div class="battle-history"><small>The opposing Mandibuzz restored a little HP using its Leftovers!</small><br></div><div class="battle-history"><small>Sylveon restored a little HP using its Leftovers!</small><br></div><div class="spacer battle-history"><br></div><h2 class="battle-history">Turn 42</h2><div class="spacer battle-history"><br></div><div class="battle-history">confide withdrew Mandibuzz!<br></div><div class="battle-history">confide sent out <strong>Empoleon</strong>!<br></div><div class="spacer battle-history"><br></div><div class="battle-history">Sylveon, come back!<br></div><div class="battle-history">Go! Absol (<strong>Absol-Mega</strong>)!<br></div><div class="spacer battle-history"><br></div><div class="battle-history"><small>The opposing Empoleon restored a little HP using its Leftovers!</small><br></div><div class="spacer battle-history"><br></div><h2 class="battle-history">Turn 43</h2><div class="spacer battle-history"><br></div><div class="battle-history"><small>(The opposing Empoleon is being withdrawn...)</small><br></div><div class="spacer battle-history"><br></div><div class="battle-history">Absol used <strong>Pursuit</strong>!<br></div><div class="battle-history"><small>(The opposing Empoleon lost <abbr title="−187/372">50.3%</abbr> of its health!)</small><br></div><div class="spacer battle-history"><br></div><div class="battle-history">confide withdrew Empoleon!<br></div><div class="battle-history">confide sent out <strong>Mandibuzz</strong>!<br></div><div class="spacer battle-history"><br></div><div class="battle-history"><small>The opposing Mandibuzz restored a little HP using its Leftovers!</small><br></div><div class="spacer battle-history"><br></div><h2 class="battle-history">Turn 44</h2><div class="chat chatmessage-yabo"><strong style="color:hsl(70,62%,31%)"><small>+</small><span class="username" data-name="YABO">YABO</span>:</strong> <em>oh</em></div><div class="chat chatmessage-yabo"><strong style="color:hsl(70,62%,31%)"><small>+</small><span class="username" data-name="YABO">YABO</span>:</strong> <em>my</em></div><div class="chat chatmessage-yabo"><strong style="color:hsl(70,62%,31%)"><small>+</small><span class="username" data-name="YABO">YABO</span>:</strong> <em>god</em></div><div class="chat chatmessage-samvgc"><strong style="color:hsl(181,65%,41.666666666666664%)"><small>+</small><span class="username" data-name="SamVGC ✿">SamVGC ✿</span>:</strong> <em>unreal</em></div><div class="chat chatmessage-r0ady"><strong style="color:hsl(306,70%,44.2804644005872%)"><small>+</small><span class="username" data-name="r0ady">r0ady</span>:</strong> <em>this absol only has suit</em></div><div class="chat chatmessage-r0ady"><strong style="color:hsl(306,70%,44.2804644005872%)"><small>+</small><span class="username" data-name="r0ady">r0ady</span>:</strong> <em>he doesnt have other moves</em></div><div class="chat chatmessage-hogg"><strong style="color:hsl(295,48%,46.495355361408%)"><small>+</small><span class="username" data-name="hogg">hogg</span>:</strong> <em>yeah tony missav'd</em></div><div class="chat chatmessage-hogg"><strong style="color:hsl(295,48%,46.495355361408%)"><small>+</small><span class="username" data-name="hogg">hogg</span>:</strong> <em>literally just wrote pursuit in four times</em></div><div class="chat chatmessage-hogg"><strong style="color:hsl(295,48%,46.495355361408%)"><small>+</small><span class="username" data-name="hogg">hogg</span>:</strong> <em>figured that was all he needed and just went with it</em></div><div class="chat chatmessage-bouff"><strong style="color:hsl(351,64%,44%)"><small>+</small><span class="username" data-name="Bouff##">Bouff##</span>:</strong> <em>it stacks</em></div><div class="chat chatmessage-bouff"><strong style="color:hsl(351,64%,44%)"><small>+</small><span class="username" data-name="Bouff##">Bouff##</span>:</strong> <em>32 x 4 pp</em></div><div class="spacer battle-history"><br></div><div class="battle-history">Absol, come back!<br></div><div class="battle-history">Go! <strong>Exploud</strong>!<br></div><div class="spacer battle-history"><br></div><div class="battle-history">confide withdrew Mandibuzz!<br></div><div class="battle-history">confide sent out <strong>Sylveon</strong>!<br></div><div class="spacer battle-history"><br></div><h2 class="battle-history">Turn 45</h2><div class="chat chatmessage-hogg"><strong style="color:hsl(295,48%,46.495355361408%)"><small>+</small><span class="username" data-name="hogg">hogg</span>:</strong> <em>good god this isn't even fair</em></div><div class="chat chatmessage-omfuga"><strong style="color:hsl(319,50%,48.93417352725278%)"><small>+</small><span class="username" data-name="Omfuga">Omfuga</span>:</strong> <em>he literally</em></div><div class="chat chatmessage-omfuga"><strong style="color:hsl(319,50%,48.93417352725278%)"><small>+</small><span class="username" data-name="Omfuga">Omfuga</span>:</strong> <em>predicted foul play</em></div><div class="chat chatmessage-omfuga"><strong style="color:hsl(319,50%,48.93417352725278%)"><small>+</small><span class="username" data-name="Omfuga">Omfuga</span>:</strong> <em>gtfo</em></div><div class="chat chatmessage-omfuga"><strong style="color:hsl(319,50%,48.93417352725278%)"><small>+</small><span class="username" data-name="Omfuga">Omfuga</span>:</strong> <em>LOL</em></div><div class="chat chatmessage-yabo"><strong style="color:hsl(70,62%,31%)"><small>+</small><span class="username" data-name="YABO">YABO</span>:</strong> <em>nah this blocks a wish pass sequence</em></div><div class="spacer battle-history"><br></div><div class="battle-history">The opposing Sylveon used <strong>Protect</strong>!<br></div><div class="battle-history"><small>The opposing Sylveon protected itself!</small><br></div><div class="spacer battle-history"><br></div><div class="battle-history">Exploud used <strong>Boomburst</strong>!<br></div><div class="battle-history"><small>The opposing Sylveon protected itself!</small><br></div><div class="spacer battle-history"><br></div><h2 class="battle-history">Turn 46</h2><div class="chat chatmessage-r0ady"><strong style="color:hsl(306,70%,44.2804644005872%)"><small>+</small><span class="username" data-name="r0ady">r0ady</span>:</strong> <em>cover your ears</em></div><div class="chat chatmessage-ict"><strong style="color:hsl(281,40%,50.792432564636634%)"><small>+</small><span class="username" data-name="Ict">Ict</span>:</strong> <em>LOOL</em></div><div class="chat chatmessage-hogg"><strong style="color:hsl(295,48%,46.495355361408%)"><small>+</small><span class="username" data-name="hogg">hogg</span>:</strong> <em>clearly planned, tony is flawless</em></div><div class="chat chatmessage-ict"><strong style="color:hsl(281,40%,50.792432564636634%)"><small>+</small><span class="username" data-name="Ict">Ict</span>:</strong> <em>ROADY STFU</em></div><div class="spacer battle-history"><br></div><div class="battle-history">Exploud used <strong>Boomburst</strong>!<br></div><div class="battle-history"><small>(The opposing Sylveon lost <abbr title="−258/394">65.5%</abbr> of its health!)</small><br></div><div class="spacer battle-history"><br></div><div class="battle-history">The opposing Sylveon used <strong>Wish</strong>!<br></div><div class="spacer battle-history"><br></div><h2 class="battle-history">Turn 47</h2><div class="chat chatmessage-blunderr"><strong style="color:hsl(252,82%,60.01687145142231%)"><small>+</small><span class="username" data-name="blunderr ★_★">blunderr ★_★</span>:</strong> <em>tht did nothin</em></div><div class="chat chatmessage-obii"><strong style="color:hsl(176,89%,35.39078725533895%)"><small>+</small><span class="username" data-name="obii ☁">obii ☁</span>:</strong> <em>tony put it in my mouth</em></div><div class="chat chatmessage-rozes"><strong style="color:hsl(85,76%,36.46546250624253%)"><small>@</small><span class="username" data-name="rozes">rozes</span>:</strong> <em>tony put it in my ass</em></div><div class="chat chatmessage-bouff"><strong style="color:hsl(351,64%,44%)"><small>+</small><span class="username" data-name="Bouff##">Bouff##</span>:</strong> <em>rozes has my nudes</em></div><div class="chat chatmessage-turtonatorrc"><strong style="color:hsl(318,48%,47%)"><small>☆</small><span class="username" data-name="turtonator RC">turtonator RC</span>:</strong> <em>its 5-5 this is not over come on now</em></div><div class="chat chatmessage-rozes"><strong style="color:hsl(85,76%,36.46546250624253%)"><small>@</small><span class="username" data-name="rozes">rozes</span>:</strong> <em>i do have bouff nudes</em></div><div class="chat chatmessage-bouff"><strong style="color:hsl(351,64%,44%)"><small>+</small><span class="username" data-name="Bouff##">Bouff##</span>:</strong> <em>theyure like</em></div><div class="chat chatmessage-hogg"><strong style="color:hsl(295,48%,46.495355361408%)"><small>+</small><span class="username" data-name="hogg">hogg</span>:</strong> <em>isn't that illegal?</em></div><div class="chat chatmessage-bouff"><strong style="color:hsl(351,64%,44%)"><small>+</small><span class="username" data-name="Bouff##">Bouff##</span>:</strong> <em>semi nudes</em></div><div class="chat chatmessage-hogg"><strong style="color:hsl(295,48%,46.495355361408%)"><small>+</small><span class="username" data-name="hogg">hogg</span>:</strong> <em>bouff's underage :(</em></div><div class="chat chatmessage-rozes"><strong style="color:hsl(85,76%,36.46546250624253%)"><small>@</small><span class="username" data-name="rozes">rozes</span>:</strong> <em>well</em></div><div class="chat chatmessage-bouff"><strong style="color:hsl(351,64%,44%)"><small>+</small><span class="username" data-name="Bouff##">Bouff##</span>:</strong> <em>its me naked with an ass pic but</em></div><div class="chat chatmessage-bouff"><strong style="color:hsl(351,64%,44%)"><small>+</small><span class="username" data-name="Bouff##">Bouff##</span>:</strong> <em>i have shakes face</em></div><div class="chat chatmessage-rozes"><strong style="color:hsl(85,76%,36.46546250624253%)"><small>@</small><span class="username" data-name="rozes">rozes</span>:</strong> <em>instead of a butt </em></div><div class="chat chatmessage-kinguu"><strong style="color:hsl(171,80%,35%)"><small>+</small><span class="username" data-name="King♥UU">King♥UU</span>:</strong> <em>LOL</em></div><div class="chat chatmessage-rozes"><strong style="color:hsl(85,76%,36.46546250624253%)"><small>@</small><span class="username" data-name="rozes">rozes</span>:</strong> <em>he put shakes face on top</em></div><div class="chat chatmessage-bouff"><strong style="color:hsl(351,64%,44%)"><small>+</small><span class="username" data-name="Bouff##">Bouff##</span>:</strong> <em>covered over my ass</em></div><div class="chat chatmessage-rozes"><strong style="color:hsl(85,76%,36.46546250624253%)"><small>@</small><span class="username" data-name="rozes">rozes</span>:</strong> <em>LOL</em></div><div class="chat chatmessage-bouff"><strong style="color:hsl(351,64%,44%)"><small>+</small><span class="username" data-name="Bouff##">Bouff##</span>:</strong> <em>i wonder if id get</em></div><div class="chat chatmessage-bouff"><strong style="color:hsl(351,64%,44%)"><small>+</small><span class="username" data-name="Bouff##">Bouff##</span>:</strong> <em>banned for posting that</em></div><div class="chat chatmessage-kinguu"><strong style="color:hsl(171,80%,35%)"><small>+</small><span class="username" data-name="King♥UU">King♥UU</span>:</strong> <em>if no one wants to see it</em></div><div class="chat chatmessage-hogg"><strong style="color:hsl(295,48%,46.495355361408%)"><small>+</small><span class="username" data-name="hogg">hogg</span>:</strong> <em>you are all very strange people</em></div><div class="chat chatmessage-kinguu"><strong style="color:hsl(171,80%,35%)"><small>+</small><span class="username" data-name="King♥UU">King♥UU</span>:</strong> <em>is it still child porn</em></div><div class="chat chatmessage-tdk"><strong style="color:hsl(197,78%,46.51387835901339%)"><small>%</small><span class="username" data-name="TDK">TDK</span>:</strong> <em>i would ban you</em></div><div class="chat chatmessage-rozes"><strong style="color:hsl(85,76%,36.46546250624253%)"><small>@</small><span class="username" data-name="rozes">rozes</span>:</strong> <em>probably not</em></div><div class="chat chatmessage-omfuga"><strong style="color:hsl(319,50%,48.93417352725278%)"><small>+</small><span class="username" data-name="Omfuga">Omfuga</span>:</strong> <em>u'd get put in prison</em></div><div class="spacer battle-history"><br></div><div class="battle-history">The opposing Sylveon used <strong>Protect</strong>!<br></div><div class="battle-history"><small>The opposing Sylveon protected itself!</small><br></div><div class="spacer battle-history"><br></div><div class="battle-history">Exploud used <strong>Boomburst</strong>!<br></div><div class="battle-history"><small>The opposing Sylveon protected itself!</small><br></div><div class="spacer battle-history"><br></div><div class="battle-history"><small>Sylveon's wish came true!</small><br></div><div class="spacer battle-history"><br></div><h2 class="battle-history">Turn 48</h2><div class="chat chatmessage-rozes"><strong style="color:hsl(85,76%,36.46546250624253%)"><small>@</small><span class="username" data-name="rozes">rozes</span>:</strong> <em>tdk ill pm it 2 u</em></div><div class="chat chatmessage-rozes"><strong style="color:hsl(85,76%,36.46546250624253%)"><small>@</small><span class="username" data-name="rozes">rozes</span>:</strong> <em>you can rate it</em></div><div class="chat chatmessage-tdk"><strong style="color:hsl(197,78%,46.51387835901339%)"><small>%</small><span class="username" data-name="TDK">TDK</span>:</strong> <em>i'm not clicking</em></div><div class="chat chatmessage-rozes"><strong style="color:hsl(85,76%,36.46546250624253%)"><small>@</small><span class="username" data-name="rozes">rozes</span>:</strong> <em>theres no butt tho</em></div><div class="chat chatmessage-kinguu"><strong style="color:hsl(171,80%,35%)"><small>+</small><span class="username" data-name="King♥UU">King♥UU</span>:</strong> <em>literally getting</em></div><div class="chat chatmessage-rozes"><strong style="color:hsl(85,76%,36.46546250624253%)"><small>@</small><span class="username" data-name="rozes">rozes</span>:</strong> <em>just shakes face</em></div><div class="chat chatmessage-kinguu"><strong style="color:hsl(171,80%,35%)"><small>+</small><span class="username" data-name="King♥UU">King♥UU</span>:</strong> <em>OUTL involved</em></div><div class="chat chatmessage-kinguu"><strong style="color:hsl(171,80%,35%)"><small>+</small><span class="username" data-name="King♥UU">King♥UU</span>:</strong> <em>this is it</em></div><div class="chat chatmessage-rozes"><strong style="color:hsl(85,76%,36.46546250624253%)"><small>@</small><span class="username" data-name="rozes">rozes</span>:</strong> <em>well i guess it is an ass</em></div><div class="chat chatmessage-kinguu"><strong style="color:hsl(171,80%,35%)"><small>+</small><span class="username" data-name="King♥UU">King♥UU</span>:</strong> <em>this is how it happens</em></div><div class="chat chatmessage-kinguu"><strong style="color:hsl(171,80%,35%)"><small>+</small><span class="username" data-name="King♥UU">King♥UU</span>:</strong> <em>this is how all of smogon leadership implodes</em></div><div class="chat chatmessage-kinguu"><strong style="color:hsl(171,80%,35%)"><small>+</small><span class="username" data-name="King♥UU">King♥UU</span>:</strong> <em>we're all involved.</em></div><div class="chat chatmessage-kinguu"><strong style="color:hsl(171,80%,35%)"><small>+</small><span class="username" data-name="King♥UU">King♥UU</span>:</strong> <em>all cause of</em></div><div class="spacer battle-history"><br></div><div class="battle-history">confide withdrew Sylveon!<br></div><div class="battle-history">confide sent out <strong>Mandibuzz</strong>!<br></div><div class="spacer battle-history"><br></div><div class="battle-history">Exploud used <strong>Boomburst</strong>!<br></div><div class="battle-history"><small>(The opposing Mandibuzz lost <abbr title="−241/421">57.2%</abbr> of its health!)</small><br></div><div class="spacer battle-history"><br></div><div class="battle-history"><small>The opposing Mandibuzz restored a little HP using its Leftovers!</small><br></div><div class="spacer battle-history"><br></div><h2 class="battle-history">Turn 49</h2><div class="chat chatmessage-kinguu"><strong style="color:hsl(171,80%,35%)"><small>+</small><span class="username" data-name="King♥UU">King♥UU</span>:</strong> <em>Bouff's dirty ass</em></div><div class="chat chatmessage-bouff"><strong style="color:hsl(351,64%,44%)"><small>+</small><span class="username" data-name="Bouff##">Bouff##</span>:</strong> <em>dude before i covered it</em></div><div class="chat chatmessage-bouff"><strong style="color:hsl(351,64%,44%)"><small>+</small><span class="username" data-name="Bouff##">Bouff##</span>:</strong> <em>i noticed</em></div><div class="chat chatmessage-bouff"><strong style="color:hsl(351,64%,44%)"><small>+</small><span class="username" data-name="Bouff##">Bouff##</span>:</strong> <em>my ass is fucking jacked</em></div><div class="chat chatmessage-kinguu"><strong style="color:hsl(171,80%,35%)"><small>+</small><span class="username" data-name="King♥UU">King♥UU</span>:</strong> <em>LOL</em></div><div class="spacer battle-history"><br></div><div class="battle-history">Exploud used <strong>Boomburst</strong>!<br></div><div class="battle-history"><small>(The opposing Mandibuzz lost <abbr title="−178/421">42.3%</abbr> of its health!)</small><br></div><div class="spacer battle-history"><br></div><div class="battle-history">The opposing Mandibuzz fainted!<br></div><div class="chat chatmessage-kinguu"><strong style="color:hsl(171,80%,35%)"><small>+</small><span class="username" data-name="King♥UU">King♥UU</span>:</strong> <em>I'm dead.</em></div><div class="chat chatmessage-kinguu"><strong style="color:hsl(171,80%,35%)"><small>+</small><span class="username" data-name="King♥UU">King♥UU</span>:</strong> <em>what is confide doing</em></div><div class="chat chatmessage-kinguu"><strong style="color:hsl(171,80%,35%)"><small>+</small><span class="username" data-name="King♥UU">King♥UU</span>:</strong> <em>confide what are you doing</em></div><div class="chat chatmessage-turtonatorrc"><strong style="color:hsl(318,48%,47%)"><small>☆</small><span class="username" data-name="turtonator RC">turtonator RC</span>:</strong> <em>timer buddy</em></div><div class="spacer battle-history"><br></div><div class="battle-history">confide sent out <strong>Nidoking</strong>!<br></div><div class="spacer battle-history"><br></div><h2 class="battle-history">Turn 50</h2><div class="chat chatmessage-kinguu"><strong style="color:hsl(171,80%,35%)"><small>+</small><span class="username" data-name="King♥UU">King♥UU</span>:</strong> <em>that's</em></div><div class="chat chatmessage-kinguu"><strong style="color:hsl(171,80%,35%)"><small>+</small><span class="username" data-name="King♥UU">King♥UU</span>:</strong> <em>risky</em></div><div class="chat chatmessage-confide"><strong style="color:hsl(60,68%,35.91471353856%)"><small>☆</small><span class="username" data-name="confide">confide</span>:</strong> <em>Sry</em></div><div class="chat chatmessage-confide"><strong style="color:hsl(60,68%,35.91471353856%)"><small>☆</small><span class="username" data-name="confide">confide</span>:</strong> <em>lagged out for a sec</em></div><div class="chat chatmessage-kinguu"><strong style="color:hsl(171,80%,35%)"><small>+</small><span class="username" data-name="King♥UU">King♥UU</span>:</strong> <em>I don't think you have much time though just as a heads up</em></div><div class="spacer battle-history"><br></div><div class="battle-history">Exploud, come back!<br></div><div class="battle-history">Go! <strong>Seismitoad</strong>!<br></div><div class="spacer battle-history"><br></div><div class="battle-history">The opposing Nidoking used <strong>Sludge Wave</strong>!<br></div><div class="battle-history"><small>It's not very effective...</small><br></div><div class="battle-history"><small>(Seismitoad lost <abbr title="−142/411">34.5%</abbr> of its health!)</small><br></div><div class="spacer battle-history"><br></div><div class="battle-history"><small>Seismitoad restored a little HP using its Leftovers!</small><br></div><div class="spacer battle-history"><br></div><h2 class="battle-history">Turn 51</h2><div class="chat chatmessage-kinguu"><strong style="color:hsl(171,80%,35%)"><small>+</small><span class="username" data-name="King♥UU">King♥UU</span>:</strong> <em>I believe timer only adds 30 seconds per turn</em></div><div class="spacer battle-history"><br></div><div class="battle-history">The opposing Nidoking used <strong>Earth Power</strong>!<br></div><div class="battle-history"><small>(Seismitoad lost <abbr title="−164/411">39.9%</abbr> of its health!)</small><br></div><div class="spacer battle-history"><br></div><div class="battle-history">Seismitoad fainted!<br></div><div class="spacer battle-history"><br></div><div class="battle-history">Go! <strong>Mienshao</strong>!<br></div><div class="spacer battle-history"><br></div><h2 class="battle-history">Turn 52</h2><div class="spacer battle-history"><br></div><div class="battle-history">confide withdrew Nidoking!<br></div><div class="battle-history">confide sent out <strong>Empoleon</strong>!<br></div><div class="spacer battle-history"><br></div><div class="battle-history">Mienshao used <strong>U-turn</strong>!<br></div><div class="battle-history"><small>It's not very effective...</small><br></div><div class="battle-history"><small>(The opposing Empoleon lost <abbr title="−45/372">12.1%</abbr> of its health!)</small><br></div><div class="chat chatmessage-confide"><strong style="color:hsl(60,68%,35.91471353856%)"><small>☆</small><span class="username" data-name="confide">confide</span>:</strong> <em>test</em></div><div class="chat chatmessage-omfuga"><strong style="color:hsl(319,50%,48.93417352725278%)"><small>+</small><span class="username" data-name="Omfuga">Omfuga</span>:</strong> <em>ur good fam</em></div><div class="chat chatmessage-omfuga"><strong style="color:hsl(319,50%,48.93417352725278%)"><small>+</small><span class="username" data-name="Omfuga">Omfuga</span>:</strong> <em>im ddosing tony</em></div><div class="chat chatmessage-omfuga"><strong style="color:hsl(319,50%,48.93417352725278%)"><small>+</small><span class="username" data-name="Omfuga">Omfuga</span>:</strong> <em>nw</em></div><div class="spacer battle-history"><br></div><div class="battle-history">Mienshao went back to turtonator RC!<br></div><div class="battle-history">Go! Absol (<strong>Absol-Mega</strong>)!<br></div><div class="spacer battle-history"><br></div><div class="battle-history"><small>The opposing Empoleon restored a little HP using its Leftovers!</small><br></div><div class="spacer battle-history"><br></div><h2 class="battle-history">Turn 53</h2><div class="spacer battle-history"><br></div><div class="battle-history">Absol used <strong>Knock Off</strong>!<br></div><div class="battle-history"><small>(The opposing Empoleon lost <abbr title="−87/372">23.4%</abbr> of its health!)</small><br></div><div class="battle-history"><small>Absol knocked off the opposing Empoleon's Leftovers!</small><br></div><div class="spacer battle-history"><br></div><div class="battle-history">The opposing Empoleon fainted!<br></div><div class="spacer battle-history"><br></div><div class="battle-history">confide sent out <strong>Hydreigon</strong>!<br></div><div class="spacer battle-history"><br></div><h2 class="battle-history">Turn 54</h2><div class="chat chatmessage-ict"><strong style="color:hsl(281,40%,50.792432564636634%)"><small>+</small><span class="username" data-name="Ict">Ict</span>:</strong> <em>tonys not clcikcing suit this time</em></div><div class="chat chatmessage-kinguu"><strong style="color:hsl(171,80%,35%)"><small>+</small><span class="username" data-name="King♥UU">King♥UU</span>:</strong> <em>Tony's just thinking: "wonna bet"</em></div><div class="chat chatmessage-omfuga"><strong style="color:hsl(319,50%,48.93417352725278%)"><small>+</small><span class="username" data-name="Omfuga">Omfuga</span>:</strong> <em>does this even</em></div><div class="chat chatmessage-omfuga"><strong style="color:hsl(319,50%,48.93417352725278%)"><small>+</small><span class="username" data-name="Omfuga">Omfuga</span>:</strong> <em>OHKO absol</em></div><div class="chat chatmessage-omfuga"><strong style="color:hsl(319,50%,48.93417352725278%)"><small>+</small><span class="username" data-name="Omfuga">Omfuga</span>:</strong> <em>,</em></div><div class="spacer battle-history"><br></div><div class="battle-history">Absol, come back!<br></div><div class="battle-history">Go! <strong>Sylveon</strong>!<br></div><div class="spacer battle-history"><br></div><div class="battle-history">The opposing Hydreigon used <strong>Iron Tail</strong>!<br></div><div class="battle-history"><small>It's super effective!</small><br></div><div class="battle-history"><small>(Sylveon lost <abbr title="−317/393">80.7%</abbr> of its health!)</small><br></div><div class="spacer battle-history"><br></div><div class="battle-history">Sylveon fainted!<br></div><div class="chat chatmessage-ict"><strong style="color:hsl(281,40%,50.792432564636634%)"><small>+</small><span class="username" data-name="Ict">Ict</span>:</strong> <em>wp.</em></div><div class="chat chatmessage-omfuga"><strong style="color:hsl(319,50%,48.93417352725278%)"><small>+</small><span class="username" data-name="Omfuga">Omfuga</span>:</strong> <em>it hits</em></div><div class="chat chatmessage-omfuga"><strong style="color:hsl(319,50%,48.93417352725278%)"><small>+</small><span class="username" data-name="Omfuga">Omfuga</span>:</strong> <em>literally everything</em></div><div class="chat chatmessage-omfuga"><strong style="color:hsl(319,50%,48.93417352725278%)"><small>+</small><span class="username" data-name="Omfuga">Omfuga</span>:</strong> <em>its the only "p"</em></div><div class="chat chatmessage-ict"><strong style="color:hsl(281,40%,50.792432564636634%)"><small>+</small><span class="username" data-name="Ict">Ict</span>:</strong> <em>,</em></div><div class="chat chatmessage-kinguu"><strong style="color:hsl(171,80%,35%)"><small>+</small><span class="username" data-name="King♥UU">King♥UU</span>:</strong> <em>oh that's banded</em></div><div class="chat chatmessage-kinguu"><strong style="color:hsl(171,80%,35%)"><small>+</small><span class="username" data-name="King♥UU">King♥UU</span>:</strong> <em>nice</em></div><div class="chat chatmessage-ict"><strong style="color:hsl(281,40%,50.792432564636634%)"><small>+</small><span class="username" data-name="Ict">Ict</span>:</strong> <em>ur lame as heck</em></div><div class="spacer battle-history"><br></div><div class="battle-history">Go! <strong>Mienshao</strong>!<br></div><div class="spacer battle-history"><br></div><h2 class="battle-history">Turn 55</h2><div class="chat chatmessage-omfuga"><strong style="color:hsl(319,50%,48.93417352725278%)"><small>+</small><span class="username" data-name="Omfuga">Omfuga</span>:</strong> <em>jesus i hope you DC tony</em></div><div class="chat chatmessage-turtonatorrc"><strong style="color:hsl(318,48%,47%)"><small>☆</small><span class="username" data-name="turtonator RC">turtonator RC</span>:</strong> <em>ty bby</em></div><div class="chat chatmessage-omfuga"><strong style="color:hsl(319,50%,48.93417352725278%)"><small>+</small><span class="username" data-name="Omfuga">Omfuga</span>:</strong> <em>LOL</em></div><div class="spacer battle-history"><br></div><div class="battle-history">Mienshao used <strong>High Jump Kick</strong>!<br></div><div class="battle-history"><small>It's super effective!</small><br></div><div class="battle-history"><small>(The opposing Hydreigon lost <abbr title="−325/325">100%</abbr> of its health!)</small><br></div><div class="spacer battle-history"><br></div><div class="battle-history">The opposing Hydreigon fainted!<br></div><div class="chat chatmessage-turtonatorrc"><strong style="color:hsl(318,48%,47%)"><small>☆</small><span class="username" data-name="turtonator RC">turtonator RC</span>:</strong> <em>thank god</em></div><div class="spacer battle-history"><br></div><div class="battle-history">confide sent out <strong>Sylveon</strong>!<br></div><div class="spacer battle-history"><br></div><h2 class="battle-history">Turn 56</h2><div class="chat chatmessage-omfuga"><strong style="color:hsl(319,50%,48.93417352725278%)"><small>+</small><span class="username" data-name="Omfuga">Omfuga</span>:</strong> <em>does that really 2hko sylv</em></div><div class="chat chatmessage-omfuga"><strong style="color:hsl(319,50%,48.93417352725278%)"><small>+</small><span class="username" data-name="Omfuga">Omfuga</span>:</strong> <em>or was that a play</em></div><div class="chat chatmessage-confide"><strong style="color:hsl(60,68%,35.91471353856%)"><small>☆</small><span class="username" data-name="confide">confide</span>:</strong> <em>Predicted turn</em></div><div class="chat chatmessage-r0ady"><strong style="color:hsl(306,70%,44.2804644005872%)"><small>+</small><span class="username" data-name="r0ady">r0ady</span>:</strong> <em>it should 2hko from there</em></div><div class="chat chatmessage-confide"><strong style="color:hsl(60,68%,35.91471353856%)"><small>☆</small><span class="username" data-name="confide">confide</span>:</strong> <em>Which i lived</em></div><div class="chat chatmessage-omfuga"><strong style="color:hsl(319,50%,48.93417352725278%)"><small>+</small><span class="username" data-name="Omfuga">Omfuga</span>:</strong> <em>nah idts.</em></div><div class="chat chatmessage-omfuga"><strong style="color:hsl(319,50%,48.93417352725278%)"><small>+</small><span class="username" data-name="Omfuga">Omfuga</span>:</strong> <em>@ roadu.</em></div><div class="chat chatmessage-omfuga"><strong style="color:hsl(319,50%,48.93417352725278%)"><small>+</small><span class="username" data-name="Omfuga">Omfuga</span>:</strong> <em>roady</em></div><div class="chat chatmessage-confide"><strong style="color:hsl(60,68%,35.91471353856%)"><small>☆</small><span class="username" data-name="confide">confide</span>:</strong> <em>Its band</em></div><div class="chat chatmessage-kinguu"><strong style="color:hsl(171,80%,35%)"><small>+</small><span class="username" data-name="King♥UU">King♥UU</span>:</strong> <em>wait</em></div><div class="chat chatmessage-omfuga"><strong style="color:hsl(319,50%,48.93417352725278%)"><small>+</small><span class="username" data-name="Omfuga">Omfuga</span>:</strong> <em>oh</em></div><div class="chat chatmessage-omfuga"><strong style="color:hsl(319,50%,48.93417352725278%)"><small>+</small><span class="username" data-name="Omfuga">Omfuga</span>:</strong> <em>ok</em></div><div class="chat chatmessage-kinguu"><strong style="color:hsl(171,80%,35%)"><small>+</small><span class="username" data-name="King♥UU">King♥UU</span>:</strong> <em>why</em></div><div class="chat chatmessage-confide"><strong style="color:hsl(60,68%,35.91471353856%)"><small>☆</small><span class="username" data-name="confide">confide</span>:</strong> <em>I think it is</em></div><div class="chat chatmessage-kinguu"><strong style="color:hsl(171,80%,35%)"><small>+</small><span class="username" data-name="King♥UU">King♥UU</span>:</strong> <em>did you just switch to sylv</em></div><div class="chat chatmessage-confide"><strong style="color:hsl(60,68%,35.91471353856%)"><small>☆</small><span class="username" data-name="confide">confide</span>:</strong> <em>Hes reckless</em></div><div class="chat chatmessage-kinguu"><strong style="color:hsl(171,80%,35%)"><small>+</small><span class="username" data-name="King♥UU">King♥UU</span>:</strong> <em>didn't*</em></div><div class="spacer battle-history"><br></div><div class="battle-history">confide withdrew Sylveon!<br></div><div class="battle-history">confide sent out <strong>Nidoking</strong>!<br></div><div class="spacer battle-history"><br></div><div class="battle-history">Mienshao used <strong>High Jump Kick</strong>!<br></div><div class="battle-history"><small>It's not very effective...</small><br></div><div class="battle-history"><small>(The opposing Nidoking lost <abbr title="−16/303">5.3%</abbr> of its health!)</small><br></div><div class="spacer battle-history"><br></div><div class="battle-history">The opposing Nidoking fainted!<br></div><div class="chat chatmessage-omfuga"><strong style="color:hsl(319,50%,48.93417352725278%)"><small>+</small><span class="username" data-name="Omfuga">Omfuga</span>:</strong> <em>huh</em></div><div class="chat chatmessage-samvgc"><strong style="color:hsl(181,65%,41.666666666666664%)"><small>+</small><span class="username" data-name="SamVGC ✿">SamVGC ✿</span>:</strong> <em>god i love tony</em></div><div class="chat chatmessage-confide"><strong style="color:hsl(60,68%,35.91471353856%)"><small>☆</small><span class="username" data-name="confide">confide</span>:</strong> <em>GG</em></div><div class="chat chatmessage-turtonatorrc"><strong style="color:hsl(318,48%,47%)"><small>☆</small><span class="username" data-name="turtonator RC">turtonator RC</span>:</strong> <em>gg</em></div><div class="spacer battle-history"><br></div><div class="battle-history">confide sent out <strong>Sylveon</strong>!<br></div><div class="spacer battle-history"><br></div><h2 class="battle-history">Turn 57</h2><div class="chat chatmessage-kinguu"><strong style="color:hsl(171,80%,35%)"><small>+</small><span class="username" data-name="King♥UU">King♥UU</span>:</strong> <em>it's literally not over</em></div><div class="chat chatmessage-kinguu"><strong style="color:hsl(171,80%,35%)"><small>+</small><span class="username" data-name="King♥UU">King♥UU</span>:</strong> <em>why are you saying gg</em></div><div class="chat chatmessage-r0ady"><strong style="color:hsl(306,70%,44.2804644005872%)"><small>+</small><span class="username" data-name="r0ady">r0ady</span>:</strong> <em>are you bold sylveon</em></div><div class="chat chatmessage-turtonatorrc"><strong style="color:hsl(318,48%,47%)"><small>☆</small><span class="username" data-name="turtonator RC">turtonator RC</span>:</strong> <em>yeah he can pp stall</em></div><div class="chat chatmessage-omfuga"><strong style="color:hsl(319,50%,48.93417352725278%)"><small>+</small><span class="username" data-name="Omfuga">Omfuga</span>:</strong> <em>it literally is,</em></div><div class="chat chatmessage-omfuga"><strong style="color:hsl(319,50%,48.93417352725278%)"><small>+</small><span class="username" data-name="Omfuga">Omfuga</span>:</strong> <em>hes bold iirc</em></div><div class="chat chatmessage-turtonatorrc"><strong style="color:hsl(318,48%,47%)"><small>☆</small><span class="username" data-name="turtonator RC">turtonator RC</span>:</strong> <em>maybe</em></div><div class="chat chatmessage-turtonatorrc"><strong style="color:hsl(318,48%,47%)"><small>☆</small><span class="username" data-name="turtonator RC">turtonator RC</span>:</strong> <em>idk</em></div><div class="chat chatmessage-omfuga"><strong style="color:hsl(319,50%,48.93417352725278%)"><small>+</small><span class="username" data-name="Omfuga">Omfuga</span>:</strong> <em>he can't pp stall</em></div><div class="chat chatmessage-rozes"><strong style="color:hsl(85,76%,36.46546250624253%)"><small>@</small><span class="username" data-name="rozes">rozes</span>:</strong> <em>it did 65</em></div><div class="chat chatmessage-r0ady"><strong style="color:hsl(306,70%,44.2804644005872%)"><small>+</small><span class="username" data-name="r0ady">r0ady</span>:</strong> <em>!dt boomburst</em></div><div class="chat message-error">[outdated code no longer supported]</div><div class="chat"><font size="1"><font color="#686868">Priority:</font> 0&nbsp;|  <font color="#686868">Gen:</font> 6&nbsp;|  ✓ Sound&nbsp;|  ✓ Bypasses Substitutes&nbsp;|  <font color="#686868">Z-Power:</font> 200&nbsp;|  <font color="#686868">Target:</font> All Adjacent Pokémon</font></div><div class="chat chatmessage-confide"><strong style="color:hsl(60,68%,35.91471353856%)"><small>☆</small><span class="username" data-name="confide">confide</span>:</strong> <em>i cant pp stall</em></div><div class="chat chatmessage-r0ady"><strong style="color:hsl(306,70%,44.2804644005872%)"><small>+</small><span class="username" data-name="r0ady">r0ady</span>:</strong> <em>why the fuck</em></div><div class="chat chatmessage-r0ady"><strong style="color:hsl(306,70%,44.2804644005872%)"><small>+</small><span class="username" data-name="r0ady">r0ady</span>:</strong> <em>does this broken ass move</em></div><div class="chat chatmessage-r0ady"><strong style="color:hsl(306,70%,44.2804644005872%)"><small>+</small><span class="username" data-name="r0ady">r0ady</span>:</strong> <em>have 16 pp</em></div><div class="chat chatmessage-kinguu"><strong style="color:hsl(171,80%,35%)"><small>+</small><span class="username" data-name="King♥UU">King♥UU</span>:</strong> <em>yes you can</em></div><div class="spacer battle-history"><br></div><div class="battle-history">Mienshao used <strong>High Jump Kick</strong>!<br></div><div class="battle-history"><small>It's not very effective...</small><br></div><div class="battle-history"><small>(The opposing Sylveon lost <abbr title="−117/394">29.7%</abbr> of its health!)</small><br></div><div class="spacer battle-history"><br></div><div class="battle-history">The opposing Sylveon used <strong>Wish</strong>!<br></div><div class="spacer battle-history"><br></div><h2 class="battle-history">Turn 58</h2><div class="chat chatmessage-r0ady"><strong style="color:hsl(306,70%,44.2804644005872%)"><small>+</small><span class="username" data-name="r0ady">r0ady</span>:</strong> <em>oh</em></div><div class="chat chatmessage-r0ady"><strong style="color:hsl(306,70%,44.2804644005872%)"><small>+</small><span class="username" data-name="r0ady">r0ady</span>:</strong> <em>its scarf</em></div><div class="chat chatmessage-kinguu"><strong style="color:hsl(171,80%,35%)"><small>+</small><span class="username" data-name="King♥UU">King♥UU</span>:</strong> <em>he literally has like</em></div><div class="chat chatmessage-confide"><strong style="color:hsl(60,68%,35.91471353856%)"><small>☆</small><span class="username" data-name="confide">confide</span>:</strong> <em>..</em></div><div class="chat chatmessage-omfuga"><strong style="color:hsl(319,50%,48.93417352725278%)"><small>+</small><span class="username" data-name="Omfuga">Omfuga</span>:</strong> <em>,</em></div><div class="chat chatmessage-kinguu"><strong style="color:hsl(171,80%,35%)"><small>+</small><span class="username" data-name="King♥UU">King♥UU</span>:</strong> <em>11 bursts</em></div><div class="spacer battle-history"><br></div><div class="battle-history">The opposing Sylveon used <strong>Protect</strong>!<br></div><div class="battle-history"><small>The opposing Sylveon protected itself!</small><br></div><div class="spacer battle-history"><br></div><div class="battle-history">Mienshao used <strong>High Jump Kick</strong>!<br></div><div class="battle-history"><small>The opposing Sylveon protected itself!</small><br></div><div class="battle-history"><small>Mienshao kept going and crashed!</small><br></div><div class="spacer battle-history"><br></div><div class="battle-history"><small>Sylveon's wish came true!</small><br></div><div class="spacer battle-history"><br></div><h2 class="battle-history">Turn 59</h2><div class="spacer battle-history"><br></div><div class="battle-history">Mienshao used <strong>High Jump Kick</strong>!<br></div><div class="battle-history"><small>It's not very effective...</small><br></div><div class="battle-history"><small>(The opposing Sylveon lost <abbr title="−128/394">32.5%</abbr> of its health!)</small><br></div><div class="spacer battle-history"><br></div><div class="battle-history">The opposing Sylveon used <strong>Wish</strong>!<br></div><div class="spacer battle-history"><br></div><h2 class="battle-history">Turn 60</h2><div class="chat chatmessage-omfuga"><strong style="color:hsl(319,50%,48.93417352725278%)"><small>+</small><span class="username" data-name="Omfuga">Omfuga</span>:</strong> <em>whats last move on scarf mien in this gen</em></div><div class="chat chatmessage-omfuga"><strong style="color:hsl(319,50%,48.93417352725278%)"><small>+</small><span class="username" data-name="Omfuga">Omfuga</span>:</strong> <em>jab right</em></div><div class="chat chatmessage-omfuga"><strong style="color:hsl(319,50%,48.93417352725278%)"><small>+</small><span class="username" data-name="Omfuga">Omfuga</span>:</strong> <em>?_?</em></div><div class="chat chatmessage-yabo"><strong style="color:hsl(70,62%,31%)"><small>+</small><span class="username" data-name="YABO">YABO</span>:</strong> <em>edge</em></div><div class="chat chatmessage-kinguu"><strong style="color:hsl(171,80%,35%)"><small>+</small><span class="username" data-name="King♥UU">King♥UU</span>:</strong> <em>edge</em></div><div class="chat chatmessage-omfuga"><strong style="color:hsl(319,50%,48.93417352725278%)"><small>+</small><span class="username" data-name="Omfuga">Omfuga</span>:</strong> <em>oh</em></div><div class="chat chatmessage-yabo"><strong style="color:hsl(70,62%,31%)"><small>+</small><span class="username" data-name="YABO">YABO</span>:</strong> <em>gyara</em></div><div class="spacer battle-history"><br></div><div class="battle-history">The opposing Sylveon used <strong>Protect</strong>!<br></div><div class="battle-history"><small>The opposing Sylveon protected itself!</small><br></div><div class="spacer battle-history"><br></div><div class="battle-history">Mienshao used <strong>High Jump Kick</strong>!<br></div><div class="battle-history"><small>The opposing Sylveon protected itself!</small><br></div><div class="battle-history"><small>Mienshao kept going and crashed!</small><br></div><div class="spacer battle-history"><br></div><div class="battle-history">Mienshao fainted!<br></div><div class="spacer battle-history"><br></div><div class="battle-history"><small>Sylveon's wish came true!</small><br></div><div class="chat chatmessage-omfuga"><strong style="color:hsl(319,50%,48.93417352725278%)"><small>+</small><span class="username" data-name="Omfuga">Omfuga</span>:</strong> <em>garbo</em></div><div class="spacer battle-history"><br></div><div class="battle-history">Go! <strong>Exploud</strong>!<br></div><div class="spacer battle-history"><br></div><h2 class="battle-history">Turn 61</h2><div class="spacer battle-history"><br></div><div class="battle-history">Exploud used <strong>Boomburst</strong>!<br></div><div class="battle-history"><small>(The opposing Sylveon lost <abbr title="−259/394">65.7%</abbr> of its health!)</small><br></div><div class="spacer battle-history"><br></div><div class="battle-history">The opposing Sylveon used <strong>Wish</strong>!<br></div><div class="spacer battle-history"><br></div><h2 class="battle-history">Turn 62</h2><div class="chat chatmessage-omfuga"><strong style="color:hsl(319,50%,48.93417352725278%)"><small>+</small><span class="username" data-name="Omfuga">Omfuga</span>:</strong> <em>wait.</em></div><div class="spacer battle-history"><br></div><div class="battle-history">The opposing Sylveon used <strong>Protect</strong>!<br></div><div class="battle-history"><small>The opposing Sylveon protected itself!</small><br></div><div class="spacer battle-history"><br></div><div class="battle-history">Exploud used <strong>Boomburst</strong>!<br></div><div class="battle-history"><small>The opposing Sylveon protected itself!</small><br></div><div class="spacer battle-history"><br></div><div class="battle-history"><small>Sylveon's wish came true!</small><br></div><div class="spacer battle-history"><br></div><h2 class="battle-history">Turn 63</h2><div class="chat chatmessage-kinguu"><strong style="color:hsl(171,80%,35%)"><small>+</small><span class="username" data-name="King♥UU">King♥UU</span>:</strong> <em>8 bursts left</em></div><div class="chat chatmessage-kinguu"><strong style="color:hsl(171,80%,35%)"><small>+</small><span class="username" data-name="King♥UU">King♥UU</span>:</strong> <em>7</em></div><div class="chat chatmessage-kinguu"><strong style="color:hsl(171,80%,35%)"><small>+</small><span class="username" data-name="King♥UU">King♥UU</span>:</strong> <em>lol</em></div><div class="chat chatmessage-r0ady"><strong style="color:hsl(306,70%,44.2804644005872%)"><small>+</small><span class="username" data-name="r0ady">r0ady</span>:</strong> <em>i mean </em></div><div class="chat chatmessage-r0ady"><strong style="color:hsl(306,70%,44.2804644005872%)"><small>+</small><span class="username" data-name="r0ady">r0ady</span>:</strong> <em>he can just switch</em></div><div class="chat chatmessage-r0ady"><strong style="color:hsl(306,70%,44.2804644005872%)"><small>+</small><span class="username" data-name="r0ady">r0ady</span>:</strong> <em>and stall out wish</em></div><div class="chat chatmessage-omfuga"><strong style="color:hsl(319,50%,48.93417352725278%)"><small>+</small><span class="username" data-name="Omfuga">Omfuga</span>:</strong> <em>,</em></div><div class="chat chatmessage-omfuga"><strong style="color:hsl(319,50%,48.93417352725278%)"><small>+</small><span class="username" data-name="Omfuga">Omfuga</span>:</strong> <em>no he can't</em></div><div class="chat chatmessage-kinguu"><strong style="color:hsl(171,80%,35%)"><small>+</small><span class="username" data-name="King♥UU">King♥UU</span>:</strong> <em>?</em></div><div class="chat chatmessage-kinguu"><strong style="color:hsl(171,80%,35%)"><small>+</small><span class="username" data-name="King♥UU">King♥UU</span>:</strong> <em>no he can't</em></div><div class="chat chatmessage-r0ady"><strong style="color:hsl(306,70%,44.2804644005872%)"><small>+</small><span class="username" data-name="r0ady">r0ady</span>:</strong> <em>why cant he</em></div><div class="chat chatmessage-kinguu"><strong style="color:hsl(171,80%,35%)"><small>+</small><span class="username" data-name="King♥UU">King♥UU</span>:</strong> <em>cause no other move</em></div><div class="chat chatmessage-r0ady"><strong style="color:hsl(306,70%,44.2804644005872%)"><small>+</small><span class="username" data-name="r0ady">r0ady</span>:</strong> <em>is he</em></div><div class="chat chatmessage-kinguu"><strong style="color:hsl(171,80%,35%)"><small>+</small><span class="username" data-name="King♥UU">King♥UU</span>:</strong> <em>wil do 65 my dude</em></div><div class="chat chatmessage-omfuga"><strong style="color:hsl(319,50%,48.93417352725278%)"><small>+</small><span class="username" data-name="Omfuga">Omfuga</span>:</strong> <em>he switches on a wish then confide hvoices</em></div><div class="chat chatmessage-omfuga"><strong style="color:hsl(319,50%,48.93417352725278%)"><small>+</small><span class="username" data-name="Omfuga">Omfuga</span>:</strong> <em>,,</em></div><div class="spacer battle-history"><br></div><div class="battle-history">Exploud used <strong>Boomburst</strong>!<br></div><div class="battle-history"><small>(The opposing Sylveon lost <abbr title="−255/394">64.7%</abbr> of its health!)</small><br></div><div class="spacer battle-history"><br></div><div class="battle-history">The opposing Sylveon used <strong>Wish</strong>!<br></div><div class="spacer battle-history"><br></div><h2 class="battle-history">Turn 64</h2><div class="chat chatmessage-r0ady"><strong style="color:hsl(306,70%,44.2804644005872%)"><small>+</small><span class="username" data-name="r0ady">r0ady</span>:</strong> <em>mono boomburst</em></div><div class="chat chatmessage-r0ady"><strong style="color:hsl(306,70%,44.2804644005872%)"><small>+</small><span class="username" data-name="r0ady">r0ady</span>:</strong> <em>why does he need to do</em></div><div class="chat chatmessage-r0ady"><strong style="color:hsl(306,70%,44.2804644005872%)"><small>+</small><span class="username" data-name="r0ady">r0ady</span>:</strong> <em>65</em></div><div class="spacer battle-history"><br></div><div class="battle-history">The opposing Sylveon used <strong>Protect</strong>!<br></div><div class="battle-history"><small>The opposing Sylveon protected itself!</small><br></div><div class="spacer battle-history"><br></div><div class="battle-history">Exploud used <strong>Boomburst</strong>!<br></div><div class="battle-history"><small>The opposing Sylveon protected itself!</small><br></div><div class="spacer battle-history"><br></div><div class="battle-history"><small>Sylveon's wish came true!</small><br></div><div class="spacer battle-history"><br></div><h2 class="battle-history">Turn 65</h2><div class="chat chatmessage-r0ady"><strong style="color:hsl(306,70%,44.2804644005872%)"><small>+</small><span class="username" data-name="r0ady">r0ady</span>:</strong> <em>he just needs ot dodmg</em></div><div class="chat chatmessage-r0ady"><strong style="color:hsl(306,70%,44.2804644005872%)"><small>+</small><span class="username" data-name="r0ady">r0ady</span>:</strong> <em>to do dmg*</em></div><div class="chat chatmessage-kinguu"><strong style="color:hsl(171,80%,35%)"><small>+</small><span class="username" data-name="King♥UU">King♥UU</span>:</strong> <em>if he does less than 40</em></div><div class="chat chatmessage-kinguu"><strong style="color:hsl(171,80%,35%)"><small>+</small><span class="username" data-name="King♥UU">King♥UU</span>:</strong> <em>sylv wins</em></div><div class="chat chatmessage-confide"><strong style="color:hsl(60,68%,35.91471353856%)"><small>☆</small><span class="username" data-name="confide">confide</span>:</strong> <em>Hes soundproof omguga</em></div><div class="chat chatmessage-kinguu"><strong style="color:hsl(171,80%,35%)"><small>+</small><span class="username" data-name="King♥UU">King♥UU</span>:</strong> <em>anyways</em></div><div class="chat chatmessage-hogg"><strong style="color:hsl(295,48%,46.495355361408%)"><small>+</small><span class="username" data-name="hogg">hogg</span>:</strong> <em>nah r0ady's right</em></div><div class="chat chatmessage-omfuga"><strong style="color:hsl(319,50%,48.93417352725278%)"><small>+</small><span class="username" data-name="Omfuga">Omfuga</span>:</strong> <em>oh</em></div><div class="chat chatmessage-confide"><strong style="color:hsl(60,68%,35.91471353856%)"><small>☆</small><span class="username" data-name="confide">confide</span>:</strong> <em>fuga*</em></div><div class="chat chatmessage-kinguu"><strong style="color:hsl(171,80%,35%)"><small>+</small><span class="username" data-name="King♥UU">King♥UU</span>:</strong> <em>oh he's soundproof</em></div><div class="chat chatmessage-r0ady"><strong style="color:hsl(306,70%,44.2804644005872%)"><small>+</small><span class="username" data-name="r0ady">r0ady</span>:</strong> <em>he literally</em></div><div class="chat chatmessage-omfuga"><strong style="color:hsl(319,50%,48.93417352725278%)"><small>+</small><span class="username" data-name="Omfuga">Omfuga</span>:</strong> <em>he's soundproof</em></div><div class="chat chatmessage-omfuga"><strong style="color:hsl(319,50%,48.93417352725278%)"><small>+</small><span class="username" data-name="Omfuga">Omfuga</span>:</strong> <em>lols</em></div><div class="chat chatmessage-kinguu"><strong style="color:hsl(171,80%,35%)"><small>+</small><span class="username" data-name="King♥UU">King♥UU</span>:</strong> <em>then</em></div><div class="chat chatmessage-r0ady"><strong style="color:hsl(306,70%,44.2804644005872%)"><small>+</small><span class="username" data-name="r0ady">r0ady</span>:</strong> <em>jusrs talls out wish</em></div><div class="chat chatmessage-kinguu"><strong style="color:hsl(171,80%,35%)"><small>+</small><span class="username" data-name="King♥UU">King♥UU</span>:</strong> <em>give up</em></div><div class="spacer battle-history"><br></div><div class="battle-history">Exploud used <strong>Boomburst</strong>!<br></div><div class="battle-history"><small>(The opposing Sylveon lost <abbr title="−274/394">69.5%</abbr> of its health!)</small><br></div><div class="spacer battle-history"><br></div><div class="battle-history">The opposing Sylveon fainted!<br></div><div class="spacer battle-history"><br></div><div class="battle-history"><strong>turtonator RC</strong> won the battle!<br></div></div><div class="inner-preempt"></div></div></div>
</div>
<script>
let daily = Math.floor(Date.now()/1000/60/60/24);document.write('<script src="https://play.pokemonshowdown.com/js/replay-embed.js?version'+daily+'"></'+'script>');
</script>
