<!DOCTYPE html>
<meta charset="utf-8" />
<!-- version 1 -->
<title>UU replay: Silmarril vs. Parnstar</title>
<style>
html,body {font-family:Verdana, sans-serif;font-size:10pt;margin:0;padding:0;}body{padding:12px 0;} .battle-log {font-family:Verdana, sans-serif;font-size:10pt;} .battle-log-inline {border:1px solid #AAAAAA;background:#EEF2F5;color:black;max-width:640px;margin:0 auto 80px;padding-bottom:5px;} .battle-log .inner {padding:4px 8px 0px 8px;} .battle-log .inner-preempt {padding:0 8px 4px 8px;} .battle-log .inner-after {margin-top:0.5em;} .battle-log h2 {margin:0.5em -8px;padding:4px 8px;border:1px solid #AAAAAA;background:#E0E7EA;border-left:0;border-right:0;font-family:Verdana, sans-serif;font-size:13pt;} .battle-log .chat {vertical-align:middle;padding:3px 0 3px 0;font-size:8pt;} .battle-log .chat strong {color:#40576A;} .battle-log .chat em {padding:1px 4px 1px 3px;color:#000000;font-style:normal;} .chat.mine {background:rgba(0,0,0,0.05);margin-left:-8px;margin-right:-8px;padding-left:8px;padding-right:8px;} .spoiler {color:#BBBBBB;background:#BBBBBB;padding:0px 3px;} .spoiler:hover, .spoiler:active, .spoiler-shown {color:#000000;background:#E2E2E2;padding:0px 3px;} .spoiler a {color:#BBBBBB;} .spoiler:hover a, .spoiler:active a, .spoiler-shown a {color:#2288CC;} .chat code, .chat .spoiler:hover code, .chat .spoiler:active code, .chat .spoiler-shown code {border:1px solid #C0C0C0;background:#EEEEEE;color:black;padding:0 2px;} .chat .spoiler code {border:1px solid #CCCCCC;background:#CCCCCC;color:#CCCCCC;} .battle-log .rated {padding:3px 4px;} .battle-log .rated strong {color:white;background:#89A;padding:1px 4px;border-radius:4px;} .spacer {margin-top:0.5em;} .message-announce {background:#6688AA;color:white;padding:1px 4px 2px;} .message-announce a, .broadcast-green a, .broadcast-blue a, .broadcast-red a {color:#DDEEFF;} .broadcast-green {background-color:#559955;color:white;padding:2px 4px;} .broadcast-blue {background-color:#6688AA;color:white;padding:2px 4px;} .infobox {border:1px solid #6688AA;padding:2px 4px;} .infobox-limited {max-height:200px;overflow:auto;overflow-x:hidden;} .broadcast-red {background-color:#AA5544;color:white;padding:2px 4px;} .message-learn-canlearn {font-weight:bold;color:#228822;text-decoration:underline;} .message-learn-cannotlearn {font-weight:bold;color:#CC2222;text-decoration:underline;} .message-effect-weak {font-weight:bold;color:#CC2222;} .message-effect-resist {font-weight:bold;color:#6688AA;} .message-effect-immune {font-weight:bold;color:#666666;} .message-learn-list {margin-top:0;margin-bottom:0;} .message-throttle-notice, .message-error {color:#992222;} .message-overflow, .chat small.message-overflow {font-size:0pt;} .message-overflow::before {font-size:9pt;content:'...';} .subtle {color:#3A4A66;}
</style>
<div class="wrapper replay-wrapper" style="max-width:1180px;margin:0 auto">
<input type="hidden" name="replayid" value="uu-556165372" />
<div class="battle"></div><div class="battle-log"></div><div class="replay-controls"></div><div class="replay-controls-2"></div>
<h1 style="font-weight:normal;text-align:center"><strong>UU</strong><br /><a href="http://pokemonshowdown.com/users/silmarril" class="subtle" target="_blank">Silmarril</a> vs. <a href="http://pokemonshowdown.com/users/parnstar" class="subtle" target="_blank">Parnstar</a></h1>
<script type="text/plain" class="battle-log-data">|j|Silmarril
|j|Parnstar
|player|p1|Silmarril|92
|player|p2|Parnstar|21
|gametype|singles
|gen|6
|tier|UU
|rated
|seed|3097,36569,16222,1368
|rule|Sleep Clause Mod: Limit one foe put to sleep
|rule|Species Clause: Limit one of each Pokémon
|rule|OHKO Clause: OHKO moves are banned
|rule|Moody Clause: Moody is banned
|rule|Evasion Moves Clause: Evasion moves are banned
|rule|Endless Battle Clause: Forcing endless battles is banned
|rule|HP Percentage Mod: HP is shown in percentages
|clearpoke
|poke|p1|Gardevoir, F|item
|poke|p1|Kingdra, M|item
|poke|p1|Aggron, M|item
|poke|p1|Entei, shiny|item
|poke|p1|Trevenant, M|item
|poke|p1|Flygon, M|item
|poke|p2|Mandibuzz, F|item
|poke|p2|Ampharos, F|item
|poke|p2|Donphan, M|item
|poke|p2|Whimsicott, F|item
|poke|p2|Mamoswine, F|item
|poke|p2|Infernape, F|item
|rule|Swagger Clause: Swagger is banned
|rule|Baton Pass Clause: Limit one Baton Passer, can't pass Spe and other stats simultaneously
|teampreview
|choice|team 2, team 1, team 3, team 4, team 5, team 6|team 2, team 1, team 3, team 4, team 5, team 6
|
|start
|switch|p1a: Poseidon|Kingdra, M|291\/291
|switch|p2a: Ampharos|Ampharos, F|383\/383
|turn|1
|choice|switch 2|move cottonguard mega
|
|switch|p1a: Athena|Gardevoir, F|277\/277
|detailschange|p2a: Ampharos|Ampharos-Mega, F
|-mega|p2a: Ampharos|Ampharos|Ampharosite
|-ability|p2a: Ampharos|Mold Breaker
|move|p2a: Ampharos|Cotton Guard|p2a: Ampharos
|-boost|p2a: Ampharos|def|3
|
|upkeep
|turn|2
|choice|move psychic|move voltswitch
|
|move|p1a: Athena|Psychic|p2a: Ampharos
|-damage|p2a: Ampharos|262\/383
|move|p2a: Ampharos|Volt Switch|p1a: Athena
|-damage|p1a: Athena|211\/277
|choice||switch 3
|
|switch|p2a: Donphan|Donphan, M|333\/333
|
|upkeep
|turn|3
|choice|move energyball|move earthquake
|
|move|p1a: Athena|Energy Ball|p2a: Donphan
|-supereffective|p2a: Donphan
|-damage|p2a: Donphan|93\/333
|move|p2a: Donphan|Earthquake|p1a: Athena
|-damage|p1a: Athena|0 fnt
|faint|p1a: Athena
|
|upkeep
|choice|switch 2|
|
|switch|p1a: Poseidon|Kingdra, M|291\/291
|turn|4
|choice|move focusenergy|move knockoff
|
|move|p1a: Poseidon|Focus Energy|p1a: Poseidon
|-start|p1a: Poseidon|move: Focus Energy
|move|p2a: Donphan|Knock Off|p1a: Poseidon
|-damage|p1a: Poseidon|157\/291
|-enditem|p1a: Poseidon|Scope Lens|[from] move: Knock Off|[of] p2a: Donphan
|
|upkeep
|turn|5
|choice|move scald|switch 3
|
|switch|p2a: Ampharos|Ampharos-Mega, F|262\/383
|-ability|p2a: Ampharos|Mold Breaker
|move|p1a: Poseidon|Scald|p2a: Ampharos
|-resisted|p2a: Ampharos
|-crit|p2a: Ampharos
|-damage|p2a: Ampharos|148\/383
|
|upkeep
|turn|6
|choice|move dracometeor|move voltswitch
|
|move|p1a: Poseidon|Draco Meteor|p2a: Ampharos
|-supereffective|p2a: Ampharos
|-crit|p2a: Ampharos
|-damage|p2a: Ampharos|0 fnt
|-unboost|p1a: Poseidon|spa|2
|faint|p2a: Ampharos
|
|upkeep
|choice||switch 6
|
|switch|p2a: Infernape|Infernape, F|293\/293
|turn|7
|choice|move scald|move closecombat
|
|move|p2a: Infernape|Close Combat|p1a: Poseidon
|-damage|p1a: Poseidon|0 fnt
|-unboost|p2a: Infernape|def|1
|-unboost|p2a: Infernape|spd|1
|faint|p1a: Poseidon
|
|upkeep
|choice|switch 6|
|
|switch|p1a: Pytho|Flygon, M|301\/301
|turn|8
|choice|move uturn|move closecombat
|
|move|p1a: Pytho|U-turn|p2a: Infernape
|-resisted|p2a: Infernape
|-damage|p2a: Infernape|257\/293
|choice|switch 3|
|
|switch|p1a: Stygian|Aggron, M|343\/343
|move|p2a: Infernape|Close Combat|p1a: Stygian
|-supereffective|p1a: Stygian
|-crit|p1a: Stygian
|-damage|p1a: Stygian|0 fnt
|-unboost|p2a: Infernape|def|1
|-unboost|p2a: Infernape|spd|1
|faint|p1a: Stygian
|
|upkeep
|choice|switch 5|
|
|switch|p1a: Sambucus|Trevenant, M|373\/373
|turn|9
|choice|move willowisp|move overheat
|
|move|p2a: Infernape|Overheat|p1a: Sambucus
|-supereffective|p1a: Sambucus
|-damage|p1a: Sambucus|0 fnt
|-unboost|p2a: Infernape|spa|2
|faint|p1a: Sambucus
|
|upkeep
|choice|switch 3|
|
|switch|p1a: Pytho|Flygon, M|301\/301
|turn|10
|choice|move earthquake|switch 3
|
|switch|p2a: Donphan|Donphan, M|93\/333
|move|p1a: Pytho|Earthquake|p2a: Donphan
|-damage|p2a: Donphan|0 fnt
|faint|p2a: Donphan
|
|upkeep
|choice||switch 2
|
|switch|p2a: Mandibuzz|Mandibuzz, F|400\/400
|turn|11
|choice|switch 4|move nastyplot
|
|switch|p1a: Hephaestus|Entei, shiny|371\/371
|-ability|p1a: Hephaestus|Pressure
|move|p2a: Mandibuzz|Nasty Plot|p2a: Mandibuzz
|-boost|p2a: Mandibuzz|spa|2
|
|upkeep
|turn|12
|choice|move stoneedge|move darkpulse
|
|move|p1a: Hephaestus|Stone Edge|p2a: Mandibuzz
|-supereffective|p2a: Mandibuzz
|-damage|p2a: Mandibuzz|91\/400
|-ability|p2a: Mandibuzz|Weak Armor|boost
|-unboost|p2a: Mandibuzz|def|1
|-boost|p2a: Mandibuzz|spe|1
|-damage|p1a: Hephaestus|334\/371|[from] item: Life Orb
|move|p2a: Mandibuzz|Dark Pulse|p1a: Hephaestus
|-damage|p1a: Hephaestus|106\/371
|
|-heal|p2a: Mandibuzz|116\/400|[from] item: Leftovers
|upkeep
|turn|13
|choice|move extremespeed|move roost
|
|move|p1a: Hephaestus|Extreme Speed|p2a: Mandibuzz
|-damage|p2a: Mandibuzz|0 fnt
|-damage|p1a: Hephaestus|69\/371|[from] item: Life Orb
|faint|p2a: Mandibuzz
|
|upkeep
|choice||switch 3
|
|switch|p2a: Infernape|Infernape, F|257\/293
|turn|14
|choice|move stoneedge|move closecombat
|
|move|p2a: Infernape|Close Combat|p1a: Hephaestus
|-damage|p1a: Hephaestus|0 fnt
|-unboost|p2a: Infernape|def|1
|-unboost|p2a: Infernape|spd|1
|faint|p1a: Hephaestus
|
|upkeep
|choice|switch 4|
|
|switch|p1a: Pytho|Flygon, M|301\/301
|turn|15
|choice|move earthquake|move closecombat
|
|move|p1a: Pytho|Earthquake|p2a: Infernape
|-supereffective|p2a: Infernape
|-damage|p2a: Infernape|0 fnt
|faint|p2a: Infernape
|
|upkeep
|choice||switch 4
|
|switch|p2a: Whimsicott|Whimsicott, F|261\/261
|turn|16
|c|☆Parnstar|GG
|choice|move earthquake|move moonblast
|
|move|p1a: Pytho|Earthquake|p2a: Whimsicott
|-resisted|p2a: Whimsicott
|-damage|p2a: Whimsicott|180\/261
|move|p2a: Whimsicott|Moonblast|p1a: Pytho
|-supereffective|p1a: Pytho
|-damage|p1a: Pytho|0 fnt
|faint|p1a: Pytho
|
|win|Parnstar
|c|☆Silmarril|GG
|l|Silmarril
|raw|Silmarril's rating: 1334 &rarr; <strong>1307<\/strong><br \/>(-27 for losing)
|raw|Parnstar's rating: 1208 &rarr; <strong>1241<\/strong><br \/>(+33 for winning)</script>
</div>
<div class="battle-log battle-log-inline"><div class="inner"><div class="battle-options"></div><div class="inner"><div class="chat"><small>Silmarril joined.</small></div><div class="chat"><small>Parnstar joined.</small></div><div class=""><small>Format:</small> <br><strong>UU</strong></div><div class="rated"><strong>Rated battle</strong></div><div class=""><small><em>Sleep Clause Mod:</em> Limit one foe put to sleep</small></div><div class=""><small><em>Species Clause:</em> Limit one of each Pokémon</small></div><div class=""><small><em>OHKO Clause:</em> OHKO moves are banned</small></div><div class=""><small><em>Moody Clause:</em> Moody is banned</small></div><div class=""><small><em>Evasion Moves Clause:</em> Evasion moves are banned</small></div><div class=""><small><em>Endless Battle Clause:</em> Forcing endless battles is banned</small></div><div class=""><small><em>HP Percentage Mod:</em> HP is shown in percentages</small></div><div class=""><small><em>Swagger Clause:</em> Swagger is banned</small></div><div class=""><small><em>Baton Pass Clause:</em> Limit one Baton Passer, can't pass Spe and other stats simultaneously</small></div><div class="chat battle-history"><strong>Silmarril's team:</strong> <em style="color:#445566;display:block;">Gardevoir / Kingdra / Aggron / Entei / Trevenant / Flygon</em></div><div class="chat battle-history"><strong>Parnstar's team:</strong> <em style="color:#445566;display:block;">Mandibuzz / Ampharos / Donphan / Whimsicott / Mamoswine / Infernape</em></div><div class="spacer battle-history"><br></div><div class="battle-history">Battle started between Silmarril and Parnstar!<br></div><div class="spacer battle-history"><br></div><div class="battle-history">Go! Poseidon (<strong>Kingdra</strong>)!<br></div><div class="spacer battle-history"><br></div><div class="battle-history">Parnstar sent out <strong>Ampharos</strong>!<br></div><div class="spacer battle-history"><br></div><h2 class="battle-history">Turn 1</h2><div class="spacer battle-history"><br></div><div class="battle-history">Poseidon, come back!<br></div><div class="battle-history">Go! Athena (<strong>Gardevoir</strong>)!<br></div><div class="spacer battle-history"><br></div><div class="battle-history"><small>The opposing Ampharos's Ampharosite is reacting to Parnstar's Mega Bracelet!</small><br>The opposing Ampharos has Mega Evolved into Mega Ampharos!<br></div><div class="battle-history"><small>[The opposing Ampharos's Mold Breaker]</small><br><small>The opposing Ampharos breaks the mold!</small><br></div><div class="spacer battle-history"><br></div><div class="battle-history">The opposing Ampharos used <strong>Cotton Guard</strong>!<br></div><div class="battle-history"><small>The opposing Ampharos's Defense rose drastically!</small><br></div><div class="spacer battle-history"><br></div><h2 class="battle-history">Turn 2</h2><div class="spacer battle-history"><br></div><div class="battle-history">Athena used <strong>Psychic</strong>!<br></div><div class="battle-history"><small>(The opposing Ampharos lost <abbr title="−121/383">31.6%</abbr> of its health!)</small><br></div><div class="spacer battle-history"><br></div><div class="battle-history">The opposing Ampharos used <strong>Volt Switch</strong>!<br></div><div class="battle-history"><small>(Athena lost <abbr title="−66/277">23.8%</abbr> of its health!)</small><br></div><div class="spacer battle-history"><br></div><div class="battle-history">The opposing Ampharos went back to Parnstar!<br></div><div class="battle-history">Parnstar sent out <strong>Donphan</strong>!<br></div><div class="spacer battle-history"><br></div><h2 class="battle-history">Turn 3</h2><div class="spacer battle-history"><br></div><div class="battle-history">Athena used <strong>Energy Ball</strong>!<br></div><div class="battle-history"><small>It's super effective!</small><br></div><div class="battle-history"><small>(The opposing Donphan lost <abbr title="−240/333">72.1%</abbr> of its health!)</small><br></div><div class="spacer battle-history"><br></div><div class="battle-history">The opposing Donphan used <strong>Earthquake</strong>!<br></div><div class="battle-history"><small>(Athena lost <abbr title="−211/277">76.2%</abbr> of its health!)</small><br></div><div class="spacer battle-history"><br></div><div class="battle-history">Athena fainted!<br></div><div class="spacer battle-history"><br></div><div class="battle-history">Go! Poseidon (<strong>Kingdra</strong>)!<br></div><div class="spacer battle-history"><br></div><h2 class="battle-history">Turn 4</h2><div class="spacer battle-history"><br></div><div class="battle-history">Poseidon used <strong>Focus Energy</strong>!<br></div><div class="battle-history"><small>Poseidon is getting pumped!</small><br></div><div class="spacer battle-history"><br></div><div class="battle-history">The opposing Donphan used <strong>Knock Off</strong>!<br></div><div class="battle-history"><small>(Poseidon lost <abbr title="−134/291">46.0%</abbr> of its health!)</small><br></div><div class="battle-history"><small>The opposing Donphan knocked off Poseidon's Scope Lens!</small><br></div><div class="spacer battle-history"><br></div><h2 class="battle-history">Turn 5</h2><div class="spacer battle-history"><br></div><div class="battle-history">Parnstar withdrew Donphan!<br></div><div class="battle-history">Parnstar sent out Ampharos (<strong>Ampharos-Mega</strong>)!<br></div><div class="battle-history"><small>[The opposing Ampharos's Mold Breaker]</small><br><small>The opposing Ampharos breaks the mold!</small><br></div><div class="spacer battle-history"><br></div><div class="battle-history">Poseidon used <strong>Scald</strong>!<br></div><div class="battle-history"><small>It's not very effective...</small><br></div><div class="battle-history"><small>A critical hit!</small><br></div><div class="battle-history"><small>(The opposing Ampharos lost <abbr title="−114/383">29.8%</abbr> of its health!)</small><br></div><div class="spacer battle-history"><br></div><h2 class="battle-history">Turn 6</h2><div class="spacer battle-history"><br></div><div class="battle-history">Poseidon used <strong>Draco Meteor</strong>!<br></div><div class="battle-history"><small>It's super effective!</small><br></div><div class="battle-history"><small>A critical hit!</small><br></div><div class="battle-history"><small>(The opposing Ampharos lost <abbr title="−148/383">38.6%</abbr> of its health!)</small><br></div><div class="battle-history"><small>Poseidon's Special Attack fell harshly!</small><br></div><div class="spacer battle-history"><br></div><div class="battle-history">The opposing Ampharos fainted!<br></div><div class="spacer battle-history"><br></div><div class="battle-history">Parnstar sent out <strong>Infernape</strong>!<br></div><div class="spacer battle-history"><br></div><h2 class="battle-history">Turn 7</h2><div class="spacer battle-history"><br></div><div class="battle-history">The opposing Infernape used <strong>Close Combat</strong>!<br></div><div class="battle-history"><small>(Poseidon lost <abbr title="−157/291">54.0%</abbr> of its health!)</small><br></div><div class="battle-history"><small>The opposing Infernape's Defense fell!</small><br></div><div class="battle-history"><small>The opposing Infernape's Special Defense fell!</small><br></div><div class="spacer battle-history"><br></div><div class="battle-history">Poseidon fainted!<br></div><div class="spacer battle-history"><br></div><div class="battle-history">Go! Pytho (<strong>Flygon</strong>)!<br></div><div class="spacer battle-history"><br></div><h2 class="battle-history">Turn 8</h2><div class="spacer battle-history"><br></div><div class="battle-history">Pytho used <strong>U-turn</strong>!<br></div><div class="battle-history"><small>It's not very effective...</small><br></div><div class="battle-history"><small>(The opposing Infernape lost <abbr title="−36/293">12.3%</abbr> of its health!)</small><br></div><div class="spacer battle-history"><br></div><div class="battle-history">Pytho went back to Silmarril!<br></div><div class="battle-history">Go! Stygian (<strong>Aggron</strong>)!<br></div><div class="spacer battle-history"><br></div><div class="battle-history">The opposing Infernape used <strong>Close Combat</strong>!<br></div><div class="battle-history"><small>It's super effective!</small><br></div><div class="battle-history"><small>A critical hit!</small><br></div><div class="battle-history"><small>(Stygian lost <abbr title="−343/343">100%</abbr> of its health!)</small><br></div><div class="battle-history"><small>The opposing Infernape's Defense fell!</small><br></div><div class="battle-history"><small>The opposing Infernape's Special Defense fell!</small><br></div><div class="spacer battle-history"><br></div><div class="battle-history">Stygian fainted!<br></div><div class="spacer battle-history"><br></div><div class="battle-history">Go! Sambucus (<strong>Trevenant</strong>)!<br></div><div class="spacer battle-history"><br></div><h2 class="battle-history">Turn 9</h2><div class="spacer battle-history"><br></div><div class="battle-history">The opposing Infernape used <strong>Overheat</strong>!<br></div><div class="battle-history"><small>It's super effective!</small><br></div><div class="battle-history"><small>(Sambucus lost <abbr title="−373/373">100%</abbr> of its health!)</small><br></div><div class="battle-history"><small>The opposing Infernape's Special Attack fell harshly!</small><br></div><div class="spacer battle-history"><br></div><div class="battle-history">Sambucus fainted!<br></div><div class="spacer battle-history"><br></div><div class="battle-history">Go! Pytho (<strong>Flygon</strong>)!<br></div><div class="spacer battle-history"><br></div><h2 class="battle-history">Turn 10</h2><div class="spacer battle-history"><br></div><div class="battle-history">Parnstar withdrew Infernape!<br></div><div class="battle-history">Parnstar sent out <strong>Donphan</strong>!<br></div><div class="spacer battle-history"><br></div><div class="battle-history">Pytho used <strong>Earthquake</strong>!<br></div><div class="battle-history"><small>(The opposing Donphan lost <abbr title="−93/333">27.9%</abbr> of its health!)</small><br></div><div class="spacer battle-history"><br></div><div class="battle-history">The opposing Donphan fainted!<br></div><div class="spacer battle-history"><br></div><div class="battle-history">Parnstar sent out <strong>Mandibuzz</strong>!<br></div><div class="spacer battle-history"><br></div><h2 class="battle-history">Turn 11</h2><div class="spacer battle-history"><br></div><div class="battle-history">Pytho, come back!<br></div><div class="battle-history">Go! Hephaestus (<strong>Entei</strong>)!<br></div><div class="battle-history"><small>[Hephaestus's Pressure]</small><br><small>Hephaestus is exerting its pressure!</small><br></div><div class="spacer battle-history"><br></div><div class="battle-history">The opposing Mandibuzz used <strong>Nasty Plot</strong>!<br></div><div class="battle-history"><small>The opposing Mandibuzz's Special Attack rose sharply!</small><br></div><div class="spacer battle-history"><br></div><h2 class="battle-history">Turn 12</h2><div class="spacer battle-history"><br></div><div class="battle-history">Hephaestus used <strong>Stone Edge</strong>!<br></div><div class="battle-history"><small>It's super effective!</small><br></div><div class="battle-history"><small>(The opposing Mandibuzz lost <abbr title="−309/400">77.3%</abbr> of its health!)</small><br></div><div class="battle-history"><small>[The opposing Mandibuzz's Weak Armor]</small><br></div><div class="battle-history"><small>The opposing Mandibuzz's Defense fell!</small><br></div><div class="battle-history"><small>The opposing Mandibuzz's Speed rose!</small><br></div><div class="battle-history"><small>Hephaestus lost some of its HP!</small><br></div><div class="spacer battle-history"><br></div><div class="battle-history">The opposing Mandibuzz used <strong>Dark Pulse</strong>!<br></div><div class="battle-history"><small>(Hephaestus lost <abbr title="−228/371">61.5%</abbr> of its health!)</small><br></div><div class="spacer battle-history"><br></div><div class="battle-history"><small>The opposing Mandibuzz restored a little HP using its Leftovers!</small><br></div><div class="spacer battle-history"><br></div><h2 class="battle-history">Turn 13</h2><div class="spacer battle-history"><br></div><div class="battle-history">Hephaestus used <strong>Extreme Speed</strong>!<br></div><div class="battle-history"><small>(The opposing Mandibuzz lost <abbr title="−116/400">29.0%</abbr> of its health!)</small><br></div><div class="battle-history"><small>Hephaestus lost some of its HP!</small><br></div><div class="spacer battle-history"><br></div><div class="battle-history">The opposing Mandibuzz fainted!<br></div><div class="spacer battle-history"><br></div><div class="battle-history">Parnstar sent out <strong>Infernape</strong>!<br></div><div class="spacer battle-history"><br></div><h2 class="battle-history">Turn 14</h2><div class="spacer battle-history"><br></div><div class="battle-history">The opposing Infernape used <strong>Close Combat</strong>!<br></div><div class="battle-history"><small>(Hephaestus lost <abbr title="−69/371">18.6%</abbr> of its health!)</small><br></div><div class="battle-history"><small>The opposing Infernape's Defense fell!</small><br></div><div class="battle-history"><small>The opposing Infernape's Special Defense fell!</small><br></div><div class="spacer battle-history"><br></div><div class="battle-history">Hephaestus fainted!<br></div><div class="spacer battle-history"><br></div><div class="battle-history">Go! Pytho (<strong>Flygon</strong>)!<br></div><div class="spacer battle-history"><br></div><h2 class="battle-history">Turn 15</h2><div class="spacer battle-history"><br></div><div class="battle-history">Pytho used <strong>Earthquake</strong>!<br></div><div class="battle-history"><small>It's super effective!</small><br></div><div class="battle-history"><small>(The opposing Infernape lost <abbr title="−257/293">87.7%</abbr> of its health!)</small><br></div><div class="spacer battle-history"><br></div><div class="battle-history">The opposing Infernape fainted!<br></div><div class="spacer battle-history"><br></div><div class="battle-history">Parnstar sent out <strong>Whimsicott</strong>!<br></div><div class="spacer battle-history"><br></div><h2 class="battle-history">Turn 16</h2><div class="chat chatmessage-parnstar"><strong style="color:hsl(41,84%,41.163999978976825%)"><small>☆</small><span class="username" data-name="Parnstar">Parnstar</span>:</strong> <em>GG</em></div><div class="spacer battle-history"><br></div><div class="battle-history">Pytho used <strong>Earthquake</strong>!<br></div><div class="battle-history"><small>It's not very effective...</small><br></div><div class="battle-history"><small>(The opposing Whimsicott lost <abbr title="−81/261">31.0%</abbr> of its health!)</small><br></div><div class="spacer battle-history"><br></div><div class="battle-history">The opposing Whimsicott used <strong>Moonblast</strong>!<br></div><div class="battle-history"><small>It's super effective!</small><br></div><div class="battle-history"><small>(Pytho lost <abbr title="−301/301">100%</abbr> of its health!)</small><br></div><div class="spacer battle-history"><br></div><div class="battle-history">Pytho fainted!<br></div><div class="spacer battle-history"><br></div><div class="battle-history"><strong>Parnstar</strong> won the battle!<br></div><div class="chat chatmessage-silmarril"><strong style="color:hsl(82,58%,31%)"><small>☆</small><span class="username" data-name="Silmarril">Silmarril</span>:</strong> <em>GG</em></div><div class="chat"><small>Silmarril left.</small></div><div class="chat">Silmarril's rating: 1334 → <strong>1307</strong><br>(-27 for losing)</div><div class="chat">Parnstar's rating: 1208 → <strong>1241</strong><br>(+33 for winning)</div></div><div class="inner-preempt"></div></div></div>
</div>
<script>
let daily = Math.floor(Date.now()/1000/60/60/24);document.write('<script src="https://play.pokemonshowdown.com/js/replay-embed.js?version'+daily+'"></'+'script>');
</script>
