<!DOCTYPE html>
<meta charset="utf-8" />
<!-- version 1 -->
<title>UU replay: That Typhlosion vs. topet</title>
<style>
html,body {font-family:Verdana, sans-serif;font-size:10pt;margin:0;padding:0;}body{padding:12px 0;} .battle-log {font-family:Verdana, sans-serif;font-size:10pt;} .battle-log-inline {border:1px solid #AAAAAA;background:#EEF2F5;color:black;max-width:640px;margin:0 auto 80px;padding-bottom:5px;} .battle-log .inner {padding:4px 8px 0px 8px;} .battle-log .inner-preempt {padding:0 8px 4px 8px;} .battle-log .inner-after {margin-top:0.5em;} .battle-log h2 {margin:0.5em -8px;padding:4px 8px;border:1px solid #AAAAAA;background:#E0E7EA;border-left:0;border-right:0;font-family:Verdana, sans-serif;font-size:13pt;} .battle-log .chat {vertical-align:middle;padding:3px 0 3px 0;font-size:8pt;} .battle-log .chat strong {color:#40576A;} .battle-log .chat em {padding:1px 4px 1px 3px;color:#000000;font-style:normal;} .chat.mine {background:rgba(0,0,0,0.05);margin-left:-8px;margin-right:-8px;padding-left:8px;padding-right:8px;} .spoiler {color:#BBBBBB;background:#BBBBBB;padding:0px 3px;} .spoiler:hover, .spoiler:active, .spoiler-shown {color:#000000;background:#E2E2E2;padding:0px 3px;} .spoiler a {color:#BBBBBB;} .spoiler:hover a, .spoiler:active a, .spoiler-shown a {color:#2288CC;} .chat code, .chat .spoiler:hover code, .chat .spoiler:active code, .chat .spoiler-shown code {border:1px solid #C0C0C0;background:#EEEEEE;color:black;padding:0 2px;} .chat .spoiler code {border:1px solid #CCCCCC;background:#CCCCCC;color:#CCCCCC;} .battle-log .rated {padding:3px 4px;} .battle-log .rated strong {color:white;background:#89A;padding:1px 4px;border-radius:4px;} .spacer {margin-top:0.5em;} .message-announce {background:#6688AA;color:white;padding:1px 4px 2px;} .message-announce a, .broadcast-green a, .broadcast-blue a, .broadcast-red a {color:#DDEEFF;} .broadcast-green {background-color:#559955;color:white;padding:2px 4px;} .broadcast-blue {background-color:#6688AA;color:white;padding:2px 4px;} .infobox {border:1px solid #6688AA;padding:2px 4px;} .infobox-limited {max-height:200px;overflow:auto;overflow-x:hidden;} .broadcast-red {background-color:#AA5544;color:white;padding:2px 4px;} .message-learn-canlearn {font-weight:bold;color:#228822;text-decoration:underline;} .message-learn-cannotlearn {font-weight:bold;color:#CC2222;text-decoration:underline;} .message-effect-weak {font-weight:bold;color:#CC2222;} .message-effect-resist {font-weight:bold;color:#6688AA;} .message-effect-immune {font-weight:bold;color:#666666;} .message-learn-list {margin-top:0;margin-bottom:0;} .message-throttle-notice, .message-error {color:#992222;} .message-overflow, .chat small.message-overflow {font-size:0pt;} .message-overflow::before {font-size:9pt;content:'...';} .subtle {color:#3A4A66;}
</style>
<div class="wrapper replay-wrapper" style="max-width:1180px;margin:0 auto">
<input type="hidden" name="replayid" value="uu-593498748" />
<div class="battle"></div><div class="battle-log"></div><div class="replay-controls"></div><div class="replay-controls-2"></div>
<h1 style="font-weight:normal;text-align:center"><strong>UU</strong><br /><a href="http://pokemonshowdown.com/users/thattyphlosion" class="subtle" target="_blank">That Typhlosion</a> vs. <a href="http://pokemonshowdown.com/users/topet" class="subtle" target="_blank">topet</a></h1>
<script type="text/plain" class="battle-log-data">|j|That Typhlosion
|j|topet
|player|p1|That Typhlosion|66
|teamsize|p1|6
|player|p2|topet|284
|teamsize|p2|6
|gametype|singles
|gen|6
|tier|UU
|seed|37707,43049,51867,57161
|rule|Sleep Clause Mod: Limit one foe put to sleep
|rule|Species Clause: Limit one of each Pokémon
|rule|OHKO Clause: OHKO moves are banned
|rule|Moody Clause: Moody is banned
|rule|Evasion Moves Clause: Evasion moves are banned
|rule|Endless Battle Clause: Forcing endless battles is banned
|rule|HP Percentage Mod: HP is shown in percentages
|clearpoke
|poke|p1|Venusaur, F|item
|poke|p1|Typhlosion, M|item
|poke|p1|Cradily, M|item
|poke|p1|Houndoom, F|item
|poke|p1|Crobat, M|item
|poke|p1|Snorlax, M|item
|poke|p2|Chandelure, M|item
|poke|p2|Nidoking, M, shiny|item
|poke|p2|Hydreigon, F|item
|poke|p2|Galvantula, F|item
|poke|p2|Swampert, F|item
|poke|p2|Goodra, M, shiny|item
|rule|Swagger Clause: Swagger is banned
|rule|Baton Pass Clause: Limit one Baton Passer, can't pass Spe and other stats simultaneously
|teampreview
|c|☆topet|gl\/hf
|j|dess3000
|j|Tikarah
|j|dabgteN
|j|Bolinha Latias
|j|User da blast <_<
|j|nser
|j|Cocoon Evolution
|c|☆That Typhlosion|gl hf
|choice|team 5, team 2, team 3, team 4, team 1, team 6|team 1, team 2, team 3, team 4, team 5, team 6
|
|start
|switch|p1a: Crobat|Crobat, M|373\/373
|switch|p2a: Boo|Chandelure, M|262\/262
|turn|1
|c| dess3000|eeee COMEÇA A GRANDE BATALHAAAAAAAAAAAAAAAAAAAAAAAAAAAAAAAAAAAAA
|choice|move bravebird|move trick
|
|move|p1a: Crobat|Brave Bird|p2a: Boo
|-damage|p2a: Boo|123\/262
|-damage|p1a: Crobat|327\/373|[from] Recoil|[of] p2a: Boo
|move|p2a: Boo|Trick|p1a: Crobat
|-activate|p2a: Boo|move: Trick|[of] p1a: Crobat
|-item|p1a: Crobat|Choice Specs|[from] move: Trick
|-item|p2a: Boo|Heat Rock|[from] move: Trick
|
|upkeep
|turn|2
|choice|move sunnyday|move flamethrower
|
|move|p1a: Crobat|Sunny Day|p1a: Crobat
|-weather|SunnyDay
|move|p2a: Boo|Flamethrower|p1a: Crobat
|-damage|p1a: Crobat|0 fnt
|faint|p1a: Crobat
|
|-weather|SunnyDay|[upkeep]
|upkeep
|choice|switch 4|
|
|switch|p1a: Houndoom|Houndoom, F|291\/291
|turn|3
|choice|switch 5|switch 3
|
|switch|p1a: Venusaur|Venusaur, F|301\/301
|switch|p2a: Hydra|Hydreigon, F|325\/325
|
|-weather|SunnyDay|[upkeep]
|upkeep
|turn|4
|choice|move growth|switch 3
|
|switch|p2a: Boo|Chandelure, M|123\/262
|move|p1a: Venusaur|Growth|p1a: Venusaur
|-boost|p1a: Venusaur|atk|2
|-boost|p1a: Venusaur|spa|2
|
|-weather|SunnyDay|[upkeep]
|upkeep
|turn|5
|choice|move earthquake|move flamethrower
|
|move|p1a: Venusaur|Earthquake|p2a: Boo
|-supereffective|p2a: Boo
|-damage|p2a: Boo|0 fnt
|-damage|p1a: Venusaur|271\/301|[from] item: Life Orb
|faint|p2a: Boo
|
|-weather|SunnyDay|[upkeep]
|upkeep
|choice||switch 4
|
|switch|p2a: spider-pig|Galvantula, F|281\/281
|turn|6
|l|User da blast <_<
|choice|move gigadrain|move stickyweb
|
|move|p1a: Venusaur|Giga Drain|p2a: spider-pig
|-resisted|p2a: spider-pig
|-damage|p2a: spider-pig|60\/281
|-heal|p1a: Venusaur|301\/301|[from] drain|[of] p2a: spider-pig
|-damage|p1a: Venusaur|271\/301|[from] item: Life Orb
|move|p2a: spider-pig|Sticky Web|p1a: Venusaur
|-sidestart|p1: That Typhlosion|move: Sticky Web
|
|-weather|none
|upkeep
|turn|7
|choice|move sludgebomb|move bugbuzz
|
|move|p2a: spider-pig|Bug Buzz|p1a: Venusaur
|-damage|p1a: Venusaur|139\/301
|move|p1a: Venusaur|Sludge Bomb|p2a: spider-pig
|-crit|p2a: spider-pig
|-damage|p2a: spider-pig|0 fnt
|-damage|p1a: Venusaur|109\/301|[from] item: Life Orb
|faint|p2a: spider-pig
|
|upkeep
|choice||switch 3
|
|switch|p2a: Hydra|Hydreigon, F|325\/325
|turn|8
|choice|move sludgebomb|move flamethrower
|
|move|p2a: Hydra|Flamethrower|p1a: Venusaur
|-supereffective|p1a: Venusaur
|-damage|p1a: Venusaur|0 fnt
|faint|p1a: Venusaur
|
|upkeep
|choice|switch 3|
|
|switch|p1a: Cradily|Cradily, M|375\/375
|-activate|p1a: Cradily|move: Sticky Web
|-unboost|p1a: Cradily|spe|1
|turn|9
|l|nser
|j|nser
|choice|move stealthrock|switch 6
|
|switch|p2a: Goodra|Goodra, M, shiny|361\/361
|move|p1a: Cradily|Stealth Rock|p2a: Goodra
|-sidestart|p2: topet|move: Stealth Rock
|
|upkeep
|turn|10
|choice|switch 6|move curse
|
|switch|p1a: Snorlax|Snorlax, M|523\/523
|-activate|p1a: Snorlax|move: Sticky Web
|-unboost|p1a: Snorlax|spe|1
|move|p2a: Goodra|Curse|p2a: Goodra
|-unboost|p2a: Goodra|spe|1
|-boost|p2a: Goodra|atk|1
|-boost|p2a: Goodra|def|1
|
|upkeep
|turn|11
|choice|move bodyslam|move dragontail
|
|move|p1a: Snorlax|Body Slam|p2a: Goodra
|-damage|p2a: Goodra|205\/361
|move|p2a: Goodra|Dragon Tail|p1a: Snorlax|[miss]
|-miss|p2a: Goodra|p1a: Snorlax
|
|-heal|p2a: Goodra|227\/361|[from] item: Leftovers
|upkeep
|turn|12
|choice|move bodyslam|move dragontail
|
|move|p1a: Snorlax|Body Slam|p2a: Goodra
|-damage|p2a: Goodra|82\/361
|move|p2a: Goodra|Dragon Tail|p1a: Snorlax
|-damage|p1a: Snorlax|352\/523
|drag|p1a: Houndoom|Houndoom, F|291\/291
|-activate|p1a: Houndoom|move: Sticky Web
|-unboost|p1a: Houndoom|spe|1
|
|-heal|p2a: Goodra|104\/361|[from] item: Leftovers
|upkeep
|turn|13
|l|Cocoon Evolution
|choice|move darkpulse mega|move dragontail
|
|detailschange|p1a: Houndoom|Houndoom-Mega, F
|-mega|p1a: Houndoom|Houndoom|Houndoominite
|move|p1a: Houndoom|Dark Pulse|p2a: Goodra
|-damage|p2a: Goodra|8\/361
|move|p2a: Goodra|Dragon Tail|p1a: Houndoom
|-damage|p1a: Houndoom|162\/291
|drag|p1a: Cradily|Cradily, M|375\/375
|-activate|p1a: Cradily|move: Sticky Web
|-unboost|p1a: Cradily|spe|1
|
|-heal|p2a: Goodra|30\/361|[from] item: Leftovers
|upkeep
|turn|14
|choice|move sunnyday|move irontail
|
|move|p2a: Goodra|Iron Tail|p1a: Cradily
|-supereffective|p1a: Cradily
|-damage|p1a: Cradily|101\/375
|-unboost|p1a: Cradily|def|1
|move|p1a: Cradily|Sunny Day|p1a: Cradily
|-weather|SunnyDay
|
|-weather|SunnyDay|[upkeep]
|-heal|p2a: Goodra|52\/361|[from] item: Leftovers
|upkeep
|turn|15
|l|nser
|choice|move recover|move dragontail
|
|move|p1a: Cradily|Recover|p1a: Cradily
|-heal|p1a: Cradily|289\/375
|move|p2a: Goodra|Dragon Tail|p1a: Cradily
|-damage|p1a: Cradily|114\/375
|drag|p1a: Houndoom|Houndoom-Mega, F|162\/291
|-activate|p1a: Houndoom|move: Sticky Web
|-unboost|p1a: Houndoom|spe|1
|
|-weather|SunnyDay|[upkeep]
|-damage|p1a: Houndoom|126\/291|[from] ability: Solar Power|[of] p1a: Houndoom
|-heal|p2a: Goodra|74\/361|[from] item: Leftovers
|upkeep
|turn|16
|choice|move darkpulse|move dragontail
|
|move|p1a: Houndoom|Dark Pulse|p2a: Goodra
|-damage|p2a: Goodra|0 fnt
|faint|p2a: Goodra
|
|-weather|SunnyDay|[upkeep]
|-damage|p1a: Houndoom|90\/291|[from] ability: Solar Power|[of] p1a: Houndoom
|upkeep
|choice||switch 2
|
|switch|p2a: King|Nidoking, M, shiny|304\/304
|-damage|p2a: King|285\/304|[from] Stealth Rock
|turn|17
|l|dabgteN
|choice|move fireblast|move poisonjab
|
|move|p2a: King|Poison Jab|p1a: Houndoom
|-damage|p1a: Houndoom|0 fnt
|faint|p1a: Houndoom
|
|-weather|SunnyDay|[upkeep]
|upkeep
|choice|switch 2|
|
|switch|p1a: Typhlosion|Typhlosion, M|297\/297
|-activate|p1a: Typhlosion|move: Sticky Web
|-unboost|p1a: Typhlosion|spe|1
|turn|18
|j|MaiconU
|choice|move fireblast|move earthquake
|
|move|p2a: King|Earthquake|p1a: Typhlosion
|-supereffective|p1a: Typhlosion
|-damage|p1a: Typhlosion|0 fnt
|-damage|p2a: King|255\/304|[from] item: Life Orb
|faint|p1a: Typhlosion
|
|-weather|SunnyDay|[upkeep]
|upkeep
|c|☆That Typhlosion|gg
|-message|That Typhlosion forfeited.
|
|win|topet
|l|That Typhlosion</script>
</div>
<div class="battle-log battle-log-inline"><div class="inner"><div class="battle-options"></div><div class="inner"><div class="chat"><small>That Typhlosion joined.</small></div><div class="chat"><small>topet joined.</small></div><div class=""><small>Format:</small> <br><strong>UU</strong></div><div class=""><small><em>Sleep Clause Mod:</em> Limit one foe put to sleep</small></div><div class=""><small><em>Species Clause:</em> Limit one of each Pokémon</small></div><div class=""><small><em>OHKO Clause:</em> OHKO moves are banned</small></div><div class=""><small><em>Moody Clause:</em> Moody is banned</small></div><div class=""><small><em>Evasion Moves Clause:</em> Evasion moves are banned</small></div><div class=""><small><em>Endless Battle Clause:</em> Forcing endless battles is banned</small></div><div class=""><small><em>HP Percentage Mod:</em> HP is shown in percentages</small></div><div class=""><small><em>Swagger Clause:</em> Swagger is banned</small></div><div class=""><small><em>Baton Pass Clause:</em> Limit one Baton Passer, can't pass Spe and other stats simultaneously</small></div><div class="chat battle-history"><strong>That Typhlosion's team:</strong> <em style="color:#445566;display:block;">Venusaur / Typhlosion / Cradily / Houndoom / Crobat / Snorlax</em></div><div class="chat battle-history"><strong>topet's team:</strong> <em style="color:#445566;display:block;">Chandelure / Nidoking / Hydreigon / Galvantula / Swampert / Goodra</em></div><div class="chat chatmessage-topet"><strong style="color:hsl(161,84%,34.89388850557418%)"><small>☆</small><span class="username" data-name="topet">topet</span>:</strong> <em>gl/hf</em></div><div class="chat"><small>dess3000 joined.</small></div><div class="chat"><small>Tikarah joined.</small></div><div class="chat"><small>dabgteN joined.</small></div><div class="chat"><small>Bolinha Latias joined.</small></div><div class="chat"><small>User da blast &lt;_&lt; joined.</small></div><div class="chat"><small>nser joined.</small></div><div class="chat"><small>Cocoon Evolution joined.</small></div><div class="chat chatmessage-thattyphlosion"><strong style="color:hsl(265,66%,56.57680054978427%)"><small>☆</small><span class="username" data-name="That Typhlosion">That Typhlosion</span>:</strong> <em>gl hf</em></div><div class="spacer battle-history"><br></div><div class="battle-history">Battle started between That Typhlosion and topet!<br></div><div class="spacer battle-history"><br></div><div class="battle-history">Go! <strong>Crobat</strong>!<br></div><div class="spacer battle-history"><br></div><div class="battle-history">topet sent out Boo (<strong>Chandelure</strong>)!<br></div><div class="spacer battle-history"><br></div><h2 class="battle-history">Turn 1</h2><div class="chat chatmessage-dess3000"><strong style="color:hsl(351,75%,42%)"><small> </small><span class="username" data-name="dess3000">dess3000</span>:</strong> <em>eeee COMEÇA A GRANDE BATALHAAAAAAAAAAAAAAAAAAAAAAAAAAAAAAAAAAAAA</em></div><div class="spacer battle-history"><br></div><div class="battle-history">Crobat used <strong>Brave Bird</strong>!<br></div><div class="battle-history"><small>(The opposing Boo lost <abbr title="−139/262">53.1%</abbr> of its health!)</small><br></div><div class="battle-history"><small>Crobat is damaged by the recoil!</small><br></div><div class="spacer battle-history"><br></div><div class="battle-history">The opposing Boo used <strong>Trick</strong>!<br></div><div class="battle-history"><small>The opposing Boo switched items with its target!</small><br></div><div class="battle-history"><small>Crobat obtained one Choice Specs.</small><br></div><div class="battle-history"><small>The opposing Boo obtained one Heat Rock.</small><br></div><div class="spacer battle-history"><br></div><h2 class="battle-history">Turn 2</h2><div class="spacer battle-history"><br></div><div class="battle-history">Crobat used <strong>Sunny Day</strong>!<br></div><div class="battle-history"><small>The sunlight turned harsh!</small><br></div><div class="spacer battle-history"><br></div><div class="battle-history">The opposing Boo used <strong>Flamethrower</strong>!<br></div><div class="battle-history"><small>(Crobat lost <abbr title="−327/373">87.7%</abbr> of its health!)</small><br></div><div class="spacer battle-history"><br></div><div class="battle-history">Crobat fainted!<br></div><div class="spacer battle-history"><br></div><div class="battle-history"><small>(The sunlight is strong!)</small><br></div><div class="spacer battle-history"><br></div><div class="battle-history">Go! <strong>Houndoom</strong>!<br></div><div class="spacer battle-history"><br></div><h2 class="battle-history">Turn 3</h2><div class="spacer battle-history"><br></div><div class="battle-history">Houndoom, come back!<br></div><div class="battle-history">Go! <strong>Venusaur</strong>!<br></div><div class="spacer battle-history"><br></div><div class="battle-history">topet withdrew Boo!<br></div><div class="battle-history">topet sent out Hydra (<strong>Hydreigon</strong>)!<br></div><div class="spacer battle-history"><br></div><div class="battle-history"><small>(The sunlight is strong!)</small><br></div><div class="spacer battle-history"><br></div><h2 class="battle-history">Turn 4</h2><div class="spacer battle-history"><br></div><div class="battle-history">topet withdrew Hydra!<br></div><div class="battle-history">topet sent out Boo (<strong>Chandelure</strong>)!<br></div><div class="spacer battle-history"><br></div><div class="battle-history">Venusaur used <strong>Growth</strong>!<br></div><div class="battle-history"><small>Venusaur's Attack rose sharply!</small><br></div><div class="battle-history"><small>Venusaur's Special Attack rose sharply!</small><br></div><div class="spacer battle-history"><br></div><div class="battle-history"><small>(The sunlight is strong!)</small><br></div><div class="spacer battle-history"><br></div><h2 class="battle-history">Turn 5</h2><div class="spacer battle-history"><br></div><div class="battle-history">Venusaur used <strong>Earthquake</strong>!<br></div><div class="battle-history"><small>It's super effective!</small><br></div><div class="battle-history"><small>(The opposing Boo lost <abbr title="−123/262">46.9%</abbr> of its health!)</small><br></div><div class="battle-history"><small>Venusaur lost some of its HP!</small><br></div><div class="spacer battle-history"><br></div><div class="battle-history">The opposing Boo fainted!<br></div><div class="spacer battle-history"><br></div><div class="battle-history"><small>(The sunlight is strong!)</small><br></div><div class="spacer battle-history"><br></div><div class="battle-history">topet sent out spider-pig (<strong>Galvantula</strong>)!<br></div><div class="spacer battle-history"><br></div><h2 class="battle-history">Turn 6</h2><div class="chat"><small>User da blast &lt;_&lt; left.</small></div><div class="spacer battle-history"><br></div><div class="battle-history">Venusaur used <strong>Giga Drain</strong>!<br></div><div class="battle-history"><small>It's not very effective...</small><br></div><div class="battle-history"><small>(The opposing spider-pig lost <abbr title="−221/281">78.6%</abbr> of its health!)</small><br></div><div class="battle-history"><small>The opposing spider-pig had its energy drained!</small><br></div><div class="battle-history"><small>Venusaur lost some of its HP!</small><br></div><div class="spacer battle-history"><br></div><div class="battle-history">The opposing spider-pig used <strong>Sticky Web</strong>!<br></div><div class="battle-history"><small>A sticky web spreads out on the ground around your team!</small><br></div><div class="spacer battle-history"><br></div><div class="battle-history"><small>The sunlight faded.</small><br></div><div class="spacer battle-history"><br></div><h2 class="battle-history">Turn 7</h2><div class="spacer battle-history"><br></div><div class="battle-history">The opposing spider-pig used <strong>Bug Buzz</strong>!<br></div><div class="battle-history"><small>(Venusaur lost <abbr title="−132/301">43.9%</abbr> of its health!)</small><br></div><div class="spacer battle-history"><br></div><div class="battle-history">Venusaur used <strong>Sludge Bomb</strong>!<br></div><div class="battle-history"><small>A critical hit!</small><br></div><div class="battle-history"><small>(The opposing spider-pig lost <abbr title="−60/281">21.4%</abbr> of its health!)</small><br></div><div class="battle-history"><small>Venusaur lost some of its HP!</small><br></div><div class="spacer battle-history"><br></div><div class="battle-history">The opposing spider-pig fainted!<br></div><div class="spacer battle-history"><br></div><div class="battle-history">topet sent out Hydra (<strong>Hydreigon</strong>)!<br></div><div class="spacer battle-history"><br></div><h2 class="battle-history">Turn 8</h2><div class="spacer battle-history"><br></div><div class="battle-history">The opposing Hydra used <strong>Flamethrower</strong>!<br></div><div class="battle-history"><small>It's super effective!</small><br></div><div class="battle-history"><small>(Venusaur lost <abbr title="−109/301">36.2%</abbr> of its health!)</small><br></div><div class="spacer battle-history"><br></div><div class="battle-history">Venusaur fainted!<br></div><div class="spacer battle-history"><br></div><div class="battle-history">Go! <strong>Cradily</strong>!<br></div><div class="battle-history"><small>Cradily was caught in a sticky web!</small><br></div><div class="battle-history"><small>Cradily's Speed fell!</small><br></div><div class="spacer battle-history"><br></div><h2 class="battle-history">Turn 9</h2><div class="chat"><small>nser left.</small></div><div class="chat"><small>nser joined.</small></div><div class="spacer battle-history"><br></div><div class="battle-history">topet withdrew Hydra!<br></div><div class="battle-history">topet sent out <strong>Goodra</strong>!<br></div><div class="spacer battle-history"><br></div><div class="battle-history">Cradily used <strong>Stealth Rock</strong>!<br></div><div class="battle-history"><small>Pointed stones float in the air around the opposing team!</small><br></div><div class="spacer battle-history"><br></div><h2 class="battle-history">Turn 10</h2><div class="spacer battle-history"><br></div><div class="battle-history">Cradily, come back!<br></div><div class="battle-history">Go! <strong>Snorlax</strong>!<br></div><div class="battle-history"><small>Snorlax was caught in a sticky web!</small><br></div><div class="battle-history"><small>Snorlax's Speed fell!</small><br></div><div class="spacer battle-history"><br></div><div class="battle-history">The opposing Goodra used <strong>Curse</strong>!<br></div><div class="battle-history"><small>The opposing Goodra's Speed fell!</small><br></div><div class="battle-history"><small>The opposing Goodra's Attack rose!</small><br></div><div class="battle-history"><small>The opposing Goodra's Defense rose!</small><br></div><div class="spacer battle-history"><br></div><h2 class="battle-history">Turn 11</h2><div class="spacer battle-history"><br></div><div class="battle-history">Snorlax used <strong>Body Slam</strong>!<br></div><div class="battle-history"><small>(The opposing Goodra lost <abbr title="−156/361">43.2%</abbr> of its health!)</small><br></div><div class="spacer battle-history"><br></div><div class="battle-history">The opposing Goodra used <strong>Dragon Tail</strong>!<br></div><div class="battle-history"><small>Snorlax avoided the attack!</small><br></div><div class="spacer battle-history"><br></div><div class="battle-history"><small>The opposing Goodra restored a little HP using its Leftovers!</small><br></div><div class="spacer battle-history"><br></div><h2 class="battle-history">Turn 12</h2><div class="spacer battle-history"><br></div><div class="battle-history">Snorlax used <strong>Body Slam</strong>!<br></div><div class="battle-history"><small>(The opposing Goodra lost <abbr title="−145/361">40.2%</abbr> of its health!)</small><br></div><div class="spacer battle-history"><br></div><div class="battle-history">The opposing Goodra used <strong>Dragon Tail</strong>!<br></div><div class="battle-history"><small>(Snorlax lost <abbr title="−171/523">32.7%</abbr> of its health!)</small><br></div><div class="spacer battle-history"><br></div><div class="battle-history"><strong>Houndoom</strong> was dragged out!<br></div><div class="battle-history"><small>Houndoom was caught in a sticky web!</small><br></div><div class="battle-history"><small>Houndoom's Speed fell!</small><br></div><div class="spacer battle-history"><br></div><div class="battle-history"><small>The opposing Goodra restored a little HP using its Leftovers!</small><br></div><div class="spacer battle-history"><br></div><h2 class="battle-history">Turn 13</h2><div class="chat"><small>Cocoon Evolution left.</small></div><div class="spacer battle-history"><br></div><div class="battle-history"><small>Houndoom's Houndoominite is reacting to That Typhlosion's Mega Bracelet!</small><br>Houndoom has Mega Evolved into Mega Houndoom!<br></div><div class="spacer battle-history"><br></div><div class="battle-history">Houndoom used <strong>Dark Pulse</strong>!<br></div><div class="battle-history"><small>(The opposing Goodra lost <abbr title="−96/361">26.6%</abbr> of its health!)</small><br></div><div class="spacer battle-history"><br></div><div class="battle-history">The opposing Goodra used <strong>Dragon Tail</strong>!<br></div><div class="battle-history"><small>(Houndoom lost <abbr title="−129/291">44.3%</abbr> of its health!)</small><br></div><div class="spacer battle-history"><br></div><div class="battle-history"><strong>Cradily</strong> was dragged out!<br></div><div class="battle-history"><small>Cradily was caught in a sticky web!</small><br></div><div class="battle-history"><small>Cradily's Speed fell!</small><br></div><div class="spacer battle-history"><br></div><div class="battle-history"><small>The opposing Goodra restored a little HP using its Leftovers!</small><br></div><div class="spacer battle-history"><br></div><h2 class="battle-history">Turn 14</h2><div class="spacer battle-history"><br></div><div class="battle-history">The opposing Goodra used <strong>Iron Tail</strong>!<br></div><div class="battle-history"><small>It's super effective!</small><br></div><div class="battle-history"><small>(Cradily lost <abbr title="−274/375">73.1%</abbr> of its health!)</small><br></div><div class="battle-history"><small>Cradily's Defense fell!</small><br></div><div class="spacer battle-history"><br></div><div class="battle-history">Cradily used <strong>Sunny Day</strong>!<br></div><div class="battle-history"><small>The sunlight turned harsh!</small><br></div><div class="spacer battle-history"><br></div><div class="battle-history"><small>(The sunlight is strong!)</small><br></div><div class="battle-history"><small>The opposing Goodra restored a little HP using its Leftovers!</small><br></div><div class="spacer battle-history"><br></div><h2 class="battle-history">Turn 15</h2><div class="chat"><small>nser left.</small></div><div class="spacer battle-history"><br></div><div class="battle-history">Cradily used <strong>Recover</strong>!<br></div><div class="battle-history"><small>Cradily restored its HP.</small><br></div><div class="spacer battle-history"><br></div><div class="battle-history">The opposing Goodra used <strong>Dragon Tail</strong>!<br></div><div class="battle-history"><small>(Cradily lost <abbr title="−175/375">46.7%</abbr> of its health!)</small><br></div><div class="spacer battle-history"><br></div><div class="battle-history">Houndoom (<strong>Houndoom-Mega</strong>) was dragged out!<br></div><div class="battle-history"><small>Houndoom was caught in a sticky web!</small><br></div><div class="battle-history"><small>Houndoom's Speed fell!</small><br></div><div class="spacer battle-history"><br></div><div class="battle-history"><small>(The sunlight is strong!)</small><br></div><div class="battle-history"><small>[Houndoom's Solar Power]</small><br><small>(Houndoom was hurt by its Solar Power.)</small><br></div><div class="battle-history"><small>The opposing Goodra restored a little HP using its Leftovers!</small><br></div><div class="spacer battle-history"><br></div><h2 class="battle-history">Turn 16</h2><div class="spacer battle-history"><br></div><div class="battle-history">Houndoom used <strong>Dark Pulse</strong>!<br></div><div class="battle-history"><small>(The opposing Goodra lost <abbr title="−74/361">20.5%</abbr> of its health!)</small><br></div><div class="spacer battle-history"><br></div><div class="battle-history">The opposing Goodra fainted!<br></div><div class="spacer battle-history"><br></div><div class="battle-history"><small>(The sunlight is strong!)</small><br></div><div class="battle-history"><small>[Houndoom's Solar Power]</small><br><small>(Houndoom was hurt by its Solar Power.)</small><br></div><div class="spacer battle-history"><br></div><div class="battle-history">topet sent out King (<strong>Nidoking</strong>)!<br></div><div class="battle-history"><small>Pointed stones dug into the opposing King!</small><br></div><div class="spacer battle-history"><br></div><h2 class="battle-history">Turn 17</h2><div class="chat"><small>dabgteN left.</small></div><div class="spacer battle-history"><br></div><div class="battle-history">The opposing King used <strong>Poison Jab</strong>!<br></div><div class="battle-history"><small>(Houndoom lost <abbr title="−90/291">30.9%</abbr> of its health!)</small><br></div><div class="spacer battle-history"><br></div><div class="battle-history">Houndoom fainted!<br></div><div class="spacer battle-history"><br></div><div class="battle-history"><small>(The sunlight is strong!)</small><br></div><div class="spacer battle-history"><br></div><div class="battle-history">Go! <strong>Typhlosion</strong>!<br></div><div class="battle-history"><small>Typhlosion was caught in a sticky web!</small><br></div><div class="battle-history"><small>Typhlosion's Speed fell!</small><br></div><div class="spacer battle-history"><br></div><h2 class="battle-history">Turn 18</h2><div class="chat"><small>MaiconU joined.</small></div><div class="spacer battle-history"><br></div><div class="battle-history">The opposing King used <strong>Earthquake</strong>!<br></div><div class="battle-history"><small>It's super effective!</small><br></div><div class="battle-history"><small>(Typhlosion lost <abbr title="−297/297">100%</abbr> of its health!)</small><br></div><div class="battle-history"><small>The opposing King lost some of its HP!</small><br></div><div class="spacer battle-history"><br></div><div class="battle-history">Typhlosion fainted!<br></div><div class="spacer battle-history"><br></div><div class="battle-history"><small>(The sunlight is strong!)</small><br></div><div class="chat chatmessage-thattyphlosion"><strong style="color:hsl(265,66%,56.57680054978427%)"><small>☆</small><span class="username" data-name="That Typhlosion">That Typhlosion</span>:</strong> <em>gg</em></div><div class="spacer battle-history"><br></div><div class="battle-history"><small>That Typhlosion forfeited.</small><br></div><div class="spacer battle-history"><br></div><div class="battle-history"><strong>topet</strong> won the battle!<br></div><div class="chat"><small>That Typhlosion left.</small></div></div><div class="inner-preempt"></div></div></div>
</div>
<script>
let daily = Math.floor(Date.now()/1000/60/60/24);document.write('<script src="https://play.pokemonshowdown.com/js/replay-embed.js?version'+daily+'"></'+'script>');
</script>
