<!DOCTYPE html>
<meta charset="utf-8" />
<!-- version 1 -->
<title>UU replay: h_T vs. lax.</title>
<style>
html,body {font-family:Verdana, sans-serif;font-size:10pt;margin:0;padding:0;}body{padding:12px 0;} .battle-log {font-family:Verdana, sans-serif;font-size:10pt;} .battle-log-inline {border:1px solid #AAAAAA;background:#EEF2F5;color:black;max-width:640px;margin:0 auto 80px;padding-bottom:5px;} .battle-log .inner {padding:4px 8px 0px 8px;} .battle-log .inner-preempt {padding:0 8px 4px 8px;} .battle-log .inner-after {margin-top:0.5em;} .battle-log h2 {margin:0.5em -8px;padding:4px 8px;border:1px solid #AAAAAA;background:#E0E7EA;border-left:0;border-right:0;font-family:Verdana, sans-serif;font-size:13pt;} .battle-log .chat {vertical-align:middle;padding:3px 0 3px 0;font-size:8pt;} .battle-log .chat strong {color:#40576A;} .battle-log .chat em {padding:1px 4px 1px 3px;color:#000000;font-style:normal;} .chat.mine {background:rgba(0,0,0,0.05);margin-left:-8px;margin-right:-8px;padding-left:8px;padding-right:8px;} .spoiler {color:#BBBBBB;background:#BBBBBB;padding:0px 3px;} .spoiler:hover, .spoiler:active, .spoiler-shown {color:#000000;background:#E2E2E2;padding:0px 3px;} .spoiler a {color:#BBBBBB;} .spoiler:hover a, .spoiler:active a, .spoiler-shown a {color:#2288CC;} .chat code, .chat .spoiler:hover code, .chat .spoiler:active code, .chat .spoiler-shown code {border:1px solid #C0C0C0;background:#EEEEEE;color:black;padding:0 2px;} .chat .spoiler code {border:1px solid #CCCCCC;background:#CCCCCC;color:#CCCCCC;} .battle-log .rated {padding:3px 4px;} .battle-log .rated strong {color:white;background:#89A;padding:1px 4px;border-radius:4px;} .spacer {margin-top:0.5em;} .message-announce {background:#6688AA;color:white;padding:1px 4px 2px;} .message-announce a, .broadcast-green a, .broadcast-blue a, .broadcast-red a {color:#DDEEFF;} .broadcast-green {background-color:#559955;color:white;padding:2px 4px;} .broadcast-blue {background-color:#6688AA;color:white;padding:2px 4px;} .infobox {border:1px solid #6688AA;padding:2px 4px;} .infobox-limited {max-height:200px;overflow:auto;overflow-x:hidden;} .broadcast-red {background-color:#AA5544;color:white;padding:2px 4px;} .message-learn-canlearn {font-weight:bold;color:#228822;text-decoration:underline;} .message-learn-cannotlearn {font-weight:bold;color:#CC2222;text-decoration:underline;} .message-effect-weak {font-weight:bold;color:#CC2222;} .message-effect-resist {font-weight:bold;color:#6688AA;} .message-effect-immune {font-weight:bold;color:#666666;} .message-learn-list {margin-top:0;margin-bottom:0;} .message-throttle-notice, .message-error {color:#992222;} .message-overflow, .chat small.message-overflow {font-size:0pt;} .message-overflow::before {font-size:9pt;content:'...';} .subtle {color:#3A4A66;}
</style>
<div class="wrapper replay-wrapper" style="max-width:1180px;margin:0 auto">
<input type="hidden" name="replayid" value="smogtours-uu-274193" />
<div class="battle"></div><div class="battle-log"></div><div class="replay-controls"></div><div class="replay-controls-2"></div>
<h1 style="font-weight:normal;text-align:center"><strong>UU</strong><br /><a href="http://pokemonshowdown.com/users/ht" class="subtle" target="_blank">h_T</a> vs. <a href="http://pokemonshowdown.com/users/lax" class="subtle" target="_blank">lax.</a></h1>
<script type="text/plain" class="battle-log-data">|J|h_T
|J|lax.
|player|p1|h_T|62
|player|p2|lax.|104
|gametype|singles
|gen|6
|tier|UU
|seed|12658,61263,55850,21256
|rule|Sleep Clause Mod: Limit one foe put to sleep
|rule|Species Clause: Limit one of each Pokémon
|rule|OHKO Clause: OHKO moves are banned
|rule|Moody Clause: Moody is banned
|rule|Evasion Moves Clause: Evasion moves are banned
|rule|Endless Battle Clause: Forcing endless battles is banned
|rule|HP Percentage Mod: HP is shown in percentages
|clearpoke
|poke|p1|Arcanine, M|item
|poke|p1|Suicune|item
|poke|p1|Rotom-Mow|item
|poke|p1|Crobat, F|
|poke|p1|Cobalion|item
|poke|p1|Audino, M|item
|poke|p2|Sceptile, M|item
|poke|p2|Krookodile, M|item
|poke|p2|Conkeldurr, M|item
|poke|p2|Klefki, M|item
|poke|p2|Celebi|item
|poke|p2|Gligar, F|item
|rule|Swagger Clause: Swagger is banned
|rule|Baton Pass Clause: Limit one Baton Passer, can't pass Spe and other stats simultaneously
|teampreview
|J|tko.
|J|TDK
|J|trash
|J|Nintendi
|c|☆lax.|conk still has 3 moves
|c|☆lax.|oops
|c|+trash|xD!
|L|Nintendi
|J|Bushtush
|choice|team 4, team 2, team 3, team 1, team 5, team 6|team 3, team 2, team 1, team 4, team 5, team 6
|
|start
|switch|p1a: Crobat|Crobat, F|355\/355
|switch|p2a: Conkeldurr|Conkeldurr, M|376\/376
|turn|1
|J|bro fist
|L|TDK
|choice|move uturn|switch 6
|
|switch|p2a: Gligar|Gligar, F|333\/333
|move|p1a: Crobat|U-turn|p2a: Gligar
|-resisted|p2a: Gligar
|-damage|p2a: Gligar|317\/333
|choice|switch 2|
|
|switch|p1a: Suicune|Suicune|404\/404
|-ability|p1a: Suicune|Pressure
|
|upkeep
|turn|2
|choice|move substitute|switch 5
|
|switch|p2a: Celebi|Celebi|341\/341
|move|p1a: Suicune|Substitute|p1a: Suicune
|-start|p1a: Suicune|Substitute
|-damage|p1a: Suicune|303\/404
|
|-heal|p1a: Suicune|328\/404|[from] item: Leftovers
|upkeep
|turn|3
|choice|move calmmind|move gigadrain
|
|move|p2a: Celebi|Giga Drain|p1a: Suicune
|-supereffective|p1a: Suicune
|-end|p1a: Suicune|Substitute
|move|p1a: Suicune|Calm Mind|p1a: Suicune
|-boost|p1a: Suicune|spa|1
|-boost|p1a: Suicune|spd|1
|
|-heal|p1a: Suicune|353\/404|[from] item: Leftovers
|upkeep
|turn|4
|choice|switch 4|move nastyplot
|
|switch|p1a: Arcanine|Arcanine, M|321\/321
|-ability|p1a: Arcanine|Intimidate|boost
|-unboost|p2a: Celebi|atk|1
|move|p2a: Celebi|Nasty Plot|p2a: Celebi
|-boost|p2a: Celebi|spa|2
|
|upkeep
|turn|5
|choice|move flareblitz|move earthpower
|
|move|p2a: Celebi|Earth Power|p1a: Arcanine
|-supereffective|p1a: Arcanine
|-damage|p1a: Arcanine|0 fnt
|faint|p1a: Arcanine
|
|upkeep
|c|@tko.|gg
|choice|switch 2|
|
|switch|p1a: Crobat|Crobat, F|355\/355
|turn|6
|c|+trash|gg
|choice|move acrobatics|switch 4
|
|switch|p2a: Klefki|Klefki, M|317\/317
|move|p1a: Crobat|Acrobatics|p2a: Klefki
|-resisted|p2a: Klefki
|-damage|p2a: Klefki|251\/317
|
|-heal|p2a: Klefki|270\/317|[from] item: Leftovers
|upkeep
|turn|7
|c|☆lax.|wyn
|c|☆lax.|say gg
|J|Omfuga
|c|+trash|is wyn even here
|choice|switch 4|move spikes
|
|switch|p1a: Suicune|Suicune|353\/404
|-ability|p1a: Suicune|Pressure
|move|p2a: Klefki|Spikes|p1a: Suicune
|-sidestart|p1: h_T|Spikes
|
|-heal|p1a: Suicune|378\/404|[from] item: Leftovers
|-heal|p2a: Klefki|289\/317|[from] item: Leftovers
|upkeep
|turn|8
|c|☆lax.|nope..
|J|KingBillu
|choice|move substitute|move thunderwave
|
|move|p2a: Klefki|Thunder Wave|p1a: Suicune
|-status|p1a: Suicune|par
|move|p1a: Suicune|Substitute|p1a: Suicune
|-start|p1a: Suicune|Substitute
|-damage|p1a: Suicune|277\/404 par
|
|-heal|p2a: Klefki|308\/317|[from] item: Leftovers
|-heal|p1a: Suicune|302\/404 par|[from] item: Leftovers
|upkeep
|turn|9
|L|KingBillu
|choice|move calmmind|switch 4
|
|switch|p2a: Celebi|Celebi|341\/341
|move|p1a: Suicune|Calm Mind|p1a: Suicune
|-boost|p1a: Suicune|spa|1
|-boost|p1a: Suicune|spd|1
|
|-heal|p1a: Suicune|327\/404 par|[from] item: Leftovers
|upkeep
|turn|10
|choice|move icebeam|move nastyplot
|
|move|p2a: Celebi|Nasty Plot|p2a: Celebi
|-boost|p2a: Celebi|spa|2
|cant|p1a: Suicune|par
|
|-heal|p1a: Suicune|352\/404 par|[from] item: Leftovers
|upkeep
|turn|11
|choice|move icebeam|move psychic
|
|move|p2a: Celebi|Psychic|p1a: Suicune
|-crit|p1a: Suicune
|-end|p1a: Suicune|Substitute
|move|p1a: Suicune|Ice Beam|p2a: Celebi
|-supereffective|p2a: Celebi
|-damage|p2a: Celebi|131\/341
|
|-heal|p2a: Celebi|152\/341|[from] item: Leftovers
|-heal|p1a: Suicune|377\/404 par|[from] item: Leftovers
|upkeep
|turn|12
|choice|move icebeam|move gigadrain
|
|move|p2a: Celebi|Giga Drain|p1a: Suicune
|-supereffective|p1a: Suicune
|-damage|p1a: Suicune|105\/404 par
|-heal|p2a: Celebi|288\/341|[from] drain|[of] p1a: Suicune
|move|p1a: Suicune|Ice Beam|p2a: Celebi
|-supereffective|p2a: Celebi
|-damage|p2a: Celebi|92\/341
|
|-heal|p2a: Celebi|113\/341|[from] item: Leftovers
|-heal|p1a: Suicune|130\/404 par|[from] item: Leftovers
|upkeep
|turn|13
|c|+Bushtush|OML OML
|c|☆lax.|bush tushin
|c|+Bushtush|king lax
|L|bro fist
|c|+Bushtush|holE
|J|bro fist
|choice|move icebeam|move psychic
|
|move|p2a: Celebi|Psychic|p1a: Suicune
|-damage|p1a: Suicune|0 fnt
|faint|p1a: Suicune
|
|-heal|p2a: Celebi|134\/341|[from] item: Leftovers
|upkeep
|choice|switch 4|
|
|switch|p1a: Crobat|Crobat, F|355\/355
|turn|14
|choice|move uturn|switch 5
|
|switch|p2a: Gligar|Gligar, F|317\/333
|move|p1a: Crobat|U-turn|p2a: Gligar
|-resisted|p2a: Gligar
|-damage|p2a: Gligar|302\/333
|J|Nintendi
|choice|switch 6|
|
|switch|p1a: Audino|Audino, M|409\/409
|-damage|p1a: Audino|358\/409|[from] Spikes
|
|upkeep
|turn|15
|choice|move wish|move stealthrock
|
|move|p2a: Gligar|Stealth Rock|p1a: Audino
|-sidestart|p1: h_T|move: Stealth Rock
|move|p1a: Audino|Wish|p1a: Audino
|
|upkeep
|turn|16
|choice|move dazzlinggleam|move uturn
|
|move|p2a: Gligar|U-turn|p1a: Audino
|-damage|p1a: Audino|322\/409
|choice||switch 4
|
|switch|p2a: Klefki|Klefki, M|308\/317
|move|p1a: Audino|Dazzling Gleam|p2a: Klefki
|-resisted|p2a: Klefki
|-damage|p2a: Klefki|290\/317
|
|-heal|p1a: Audino|409\/409|[from] move: Wish|[wisher] Audino
|-heal|p2a: Klefki|309\/317|[from] item: Leftovers
|upkeep
|turn|17
|choice|switch 6|switch 5
|
|switch|p2a: Celebi|Celebi|134\/341
|switch|p1a: Crobat|Crobat, F|355\/355
|-damage|p1a: Crobat|267\/355|[from] Stealth Rock
|
|-heal|p2a: Celebi|155\/341|[from] item: Leftovers
|upkeep
|turn|18
|choice|move acrobatics|switch 5
|
|switch|p2a: Klefki|Klefki, M|309\/317
|move|p1a: Crobat|Acrobatics|p2a: Klefki
|-resisted|p2a: Klefki
|-damage|p2a: Klefki|238\/317
|
|-heal|p2a: Klefki|257\/317|[from] item: Leftovers
|upkeep
|turn|19
|choice|move defog|move thunderwave
|
|move|p2a: Klefki|Thunder Wave|p1a: Crobat
|-status|p1a: Crobat|par
|move|p1a: Crobat|Defog|p2a: Klefki
|-unboost|p2a: Klefki|evasion|1
|-sideend|p1: h_T|Spikes|[from] move: Defog|[of] p1a: Crobat
|-sideend|p1: h_T|Stealth Rock|[from] move: Defog|[of] p1a: Crobat
|
|-heal|p2a: Klefki|276\/317|[from] item: Leftovers
|upkeep
|turn|20
|choice|move uturn|move spikes
|
|move|p2a: Klefki|Spikes|p1a: Crobat
|-sidestart|p1: h_T|Spikes
|move|p1a: Crobat|U-turn|p2a: Klefki
|-resisted|p2a: Klefki
|-damage|p2a: Klefki|263\/317
|choice|switch 5|
|
|switch|p1a: Cobalion|Cobalion|323\/323
|-damage|p1a: Cobalion|283\/323|[from] Spikes
|
|-heal|p1a: Cobalion|303\/323|[from] item: Leftovers
|-heal|p2a: Klefki|282\/317|[from] item: Leftovers
|upkeep
|turn|21
|choice|move swordsdance|move thunderwave
|
|move|p2a: Klefki|Thunder Wave|p1a: Cobalion
|-status|p1a: Cobalion|par
|cant|p1a: Cobalion|par
|
|-heal|p2a: Klefki|301\/317|[from] item: Leftovers
|-heal|p1a: Cobalion|323\/323 par|[from] item: Leftovers
|upkeep
|turn|22
|choice|move swordsdance|switch 6
|
|switch|p2a: Conkeldurr|Conkeldurr, M|376\/376
|move|p1a: Cobalion|Swords Dance|p1a: Cobalion
|-boost|p1a: Cobalion|atk|2
|
|upkeep
|turn|23
|choice|switch 5|move drainpunch
|
|switch|p1a: Crobat|Crobat, F|267\/355 par
|move|p2a: Conkeldurr|Drain Punch|p1a: Crobat
|-resisted|p1a: Crobat
|-crit|p1a: Crobat
|-damage|p1a: Crobat|138\/355 par
|
|upkeep
|turn|24
|choice|move roost|switch 2
|
|switch|p2a: Krookodile|Krookodile, M|331\/331
|-ability|p2a: Krookodile|Intimidate|boost
|-unboost|p1a: Crobat|atk|1
|cant|p1a: Crobat|par
|
|upkeep
|turn|25
|choice|switch 6|move knockoff
|
|switch|p1a: Audino|Audino, M|409\/409
|-damage|p1a: Audino|358\/409|[from] Spikes
|move|p2a: Krookodile|Knock Off|p1a: Audino
|-damage|p1a: Audino|255\/409
|
|upkeep
|turn|26
|choice|move healbell|switch 5
|
|switch|p2a: Celebi|Celebi|155\/341
|move|p1a: Audino|Heal Bell|p1a: Audino
|-activate|p1a: Audino|move: Heal Bell
|-curestatus|p1: Cobalion|par|[msg]
|-curestatus|p1: Crobat|par|[msg]
|
|-heal|p2a: Celebi|176\/341|[from] item: Leftovers
|upkeep
|turn|27
|choice|switch 5|move nastyplot
|
|switch|p1a: Cobalion|Cobalion|323\/323
|-damage|p1a: Cobalion|283\/323|[from] Spikes
|move|p2a: Celebi|Nasty Plot|p2a: Celebi
|-boost|p2a: Celebi|spa|2
|
|-heal|p1a: Cobalion|303\/323|[from] item: Leftovers
|-heal|p2a: Celebi|197\/341|[from] item: Leftovers
|upkeep
|turn|28
|choice|move ironhead|move earthpower
|
|move|p1a: Cobalion|Iron Head|p2a: Celebi
|-damage|p2a: Celebi|82\/341
|cant|p2a: Celebi|flinch
|
|-heal|p1a: Cobalion|323\/323|[from] item: Leftovers
|-heal|p2a: Celebi|103\/341|[from] item: Leftovers
|upkeep
|turn|29
|c|@tko.|ofc
|choice|move ironhead|switch 2
|
|switch|p2a: Conkeldurr|Conkeldurr, M|376\/376
|move|p1a: Cobalion|Iron Head|p2a: Conkeldurr
|-damage|p2a: Conkeldurr|261\/376
|
|upkeep
|turn|30
|c|@tko.|ht is so lucky
|c|@tko.|my lord
|choice|move swordsdance|move drainpunch
|
|move|p1a: Cobalion|Swords Dance|p1a: Cobalion
|-boost|p1a: Cobalion|atk|2
|move|p2a: Conkeldurr|Drain Punch|p1a: Cobalion
|-supereffective|p1a: Cobalion
|-damage|p1a: Cobalion|0 fnt
|-heal|p2a: Conkeldurr|376\/376|[from] drain|[of] p1a: Cobalion
|faint|p1a: Cobalion
|
|upkeep
|choice|switch 6|
|
|switch|p1a: Crobat|Crobat, F|138\/355
|turn|31
|choice|move roost|switch 6
|
|switch|p2a: Klefki|Klefki, M|301\/317
|move|p1a: Crobat|Roost|p1a: Crobat
|-heal|p1a: Crobat|316\/355
|
|-heal|p2a: Klefki|317\/317|[from] item: Leftovers
|upkeep
|turn|32
|choice|switch 3|move thunderwave
|
|switch|p1a: Rotom|Rotom-Mow|241\/241
|move|p2a: Klefki|Thunder Wave|p1a: Rotom
|-immune|p1a: Rotom|[msg]
|
|upkeep
|turn|33
|choice|move voltswitch|move playrough
|
|move|p1a: Rotom|Volt Switch|p2a: Klefki
|-damage|p2a: Klefki|232\/317
|choice|switch 5|
|
|switch|p1a: Audino|Audino, M|391\/409
|-damage|p1a: Audino|340\/409|[from] Spikes
|move|p2a: Klefki|Play Rough|p1a: Audino
|-damage|p1a: Audino|261\/409
|
|-heal|p2a: Klefki|251\/317|[from] item: Leftovers
|upkeep
|turn|34
|choice|move wish|move playrough
|
|move|p2a: Klefki|Play Rough|p1a: Audino
|-damage|p1a: Audino|183\/409
|move|p1a: Audino|Wish|p1a: Audino
|
|-heal|p2a: Klefki|270\/317|[from] item: Leftovers
|upkeep
|turn|35
|choice|switch 5|switch 2
|
|switch|p2a: Celebi|Celebi|103\/341
|switch|p1a: Rotom|Rotom-Mow|241\/241
|
|-heal|p2a: Celebi|124\/341|[from] item: Leftovers
|upkeep
|turn|36
|J|r0ady
|choice|move leafstorm|switch 4
|
|switch|p2a: Gligar|Gligar, F|302\/333
|move|p1a: Rotom|Leaf Storm|p2a: Gligar
|-damage|p2a: Gligar|164\/333
|-unboost|p1a: Rotom|spa|2
|
|upkeep
|turn|37
|choice|switch 3|move uturn
|
|switch|p1a: Crobat|Crobat, F|316\/355
|move|p2a: Gligar|U-turn|p1a: Crobat
|-resisted|p1a: Crobat
|-damage|p1a: Crobat|304\/355
|choice||switch 5
|
|switch|p2a: Krookodile|Krookodile, M|331\/331
|-ability|p2a: Krookodile|Intimidate|boost
|-unboost|p1a: Crobat|atk|1
|
|upkeep
|turn|38
|c|+r0ady|Ppl playing oras for fun
|choice|switch 5|move knockoff
|
|switch|p1a: Audino|Audino, M|319\/409
|-damage|p1a: Audino|268\/409|[from] Spikes
|move|p2a: Krookodile|Knock Off|p1a: Audino
|-damage|p1a: Audino|171\/409
|
|upkeep
|turn|39
|c|+r0ady|What is this
|c|☆lax.|?
|choice|move wish|switch 4
|
|switch|p2a: Celebi|Celebi|124\/341
|move|p1a: Audino|Wish|p1a: Audino
|
|-heal|p2a: Celebi|145\/341|[from] item: Leftovers
|upkeep
|turn|40
|L|Omfuga
|choice|move dazzlinggleam mega|move nastyplot
|
|detailschange|p1a: Audino|Audino-Mega, M
|-mega|p1a: Audino|Audino|Audinite
|move|p2a: Celebi|Nasty Plot|p2a: Celebi
|-boost|p2a: Celebi|spa|2
|move|p1a: Audino|Dazzling Gleam|p2a: Celebi
|-damage|p2a: Celebi|63\/341
|
|-heal|p1a: Audino|375\/409|[from] move: Wish|[wisher] Audino
|-heal|p2a: Celebi|84\/341|[from] item: Leftovers
|upkeep
|turn|41
|choice|switch 5|move psychic
|
|switch|p1a: Crobat|Crobat, F|304\/355
|move|p2a: Celebi|Psychic|p1a: Crobat
|-supereffective|p1a: Crobat
|-damage|p1a: Crobat|0 fnt
|faint|p1a: Crobat
|
|-heal|p2a: Celebi|105\/341|[from] item: Leftovers
|upkeep
|choice|switch 3|
|
|switch|p1a: Rotom|Rotom-Mow|241\/241
|turn|42
|choice|move leafstorm|move psychic
|
|move|p1a: Rotom|Leaf Storm|p2a: Celebi
|-resisted|p2a: Celebi
|-damage|p2a: Celebi|9\/341
|-unboost|p1a: Rotom|spa|2
|move|p2a: Celebi|Psychic|p1a: Rotom
|-damage|p1a: Rotom|0 fnt
|faint|p1a: Rotom
|
|-heal|p2a: Celebi|30\/341|[from] item: Leftovers
|upkeep
|L|tko.
|choice|switch 5|
|
|switch|p1a: Audino|Audino-Mega, M|375\/409
|-damage|p1a: Audino|324\/409|[from] Spikes
|turn|43
|choice|move dazzlinggleam|move gigadrain
|
|move|p2a: Celebi|Giga Drain|p1a: Audino
|-damage|p1a: Audino|171\/409
|-heal|p2a: Celebi|107\/341|[from] drain|[of] p1a: Audino
|move|p1a: Audino|Dazzling Gleam|p2a: Celebi
|-damage|p2a: Celebi|31\/341
|
|-heal|p2a: Celebi|52\/341|[from] item: Leftovers
|upkeep
|turn|44
|choice|move wish|move gigadrain
|
|move|p2a: Celebi|Giga Drain|p1a: Audino
|-damage|p1a: Audino|0 fnt
|-heal|p2a: Celebi|138\/341|[from] drain|[of] p1a: Audino
|faint|p1a: Audino
|
|win|lax.</script>
</div>
<div class="battle-log battle-log-inline"><div class="inner"><div class="battle-options"></div><div class="inner"><div class=""><small>Format:</small> <br><strong>UU</strong></div><div class=""><small><em>Sleep Clause Mod:</em> Limit one foe put to sleep</small></div><div class=""><small><em>Species Clause:</em> Limit one of each Pokémon</small></div><div class=""><small><em>OHKO Clause:</em> OHKO moves are banned</small></div><div class=""><small><em>Moody Clause:</em> Moody is banned</small></div><div class=""><small><em>Evasion Moves Clause:</em> Evasion moves are banned</small></div><div class=""><small><em>Endless Battle Clause:</em> Forcing endless battles is banned</small></div><div class=""><small><em>HP Percentage Mod:</em> HP is shown in percentages</small></div><div class=""><small><em>Swagger Clause:</em> Swagger is banned</small></div><div class=""><small><em>Baton Pass Clause:</em> Limit one Baton Passer, can't pass Spe and other stats simultaneously</small></div><div class="chat battle-history"><strong>h_T's team:</strong> <em style="color:#445566;display:block;">Arcanine / Suicune / Rotom-Mow / Crobat / Cobalion / Audino</em></div><div class="chat battle-history"><strong>lax.'s team:</strong> <em style="color:#445566;display:block;">Sceptile / Krookodile / Conkeldurr / Klefki / Celebi / Gligar</em></div><div class="chat chatmessage-lax"><strong style="color:hsl(177,74%,40.86308566089215%)"><small>☆</small><span class="username" data-name="lax.">lax.</span>:</strong> <em>conk still has 3 moves</em></div><div class="chat chatmessage-lax"><strong style="color:hsl(177,74%,40.86308566089215%)"><small>☆</small><span class="username" data-name="lax.">lax.</span>:</strong> <em>oops</em></div><div class="chat chatmessage-trash"><strong style="color:hsl(294,77%,44.746979875617974%)"><small>+</small><span class="username" data-name="trash">trash</span>:</strong> <em>xD!</em></div><div class="spacer battle-history"><br></div><div class="battle-history">Battle started between h_T and lax.!<br></div><div class="spacer battle-history"><br></div><div class="battle-history">Go! <strong>Crobat</strong>!<br></div><div class="spacer battle-history"><br></div><div class="battle-history">lax. sent out <strong>Conkeldurr</strong>!<br></div><div class="spacer battle-history"><br></div><h2 class="battle-history">Turn 1</h2><div class="spacer battle-history"><br></div><div class="battle-history">lax. withdrew Conkeldurr!<br></div><div class="battle-history">lax. sent out <strong>Gligar</strong>!<br></div><div class="spacer battle-history"><br></div><div class="battle-history">Crobat used <strong>U-turn</strong>!<br></div><div class="battle-history"><small>It's not very effective...</small><br></div><div class="battle-history"><small>(The opposing Gligar lost <abbr title="−16/333">4.8%</abbr> of its health!)</small><br></div><div class="spacer battle-history"><br></div><div class="battle-history">Crobat went back to h_T!<br></div><div class="battle-history">Go! <strong>Suicune</strong>!<br></div><div class="battle-history"><small>[Suicune's Pressure]</small><br><small>Suicune is exerting its pressure!</small><br></div><div class="spacer battle-history"><br></div><h2 class="battle-history">Turn 2</h2><div class="spacer battle-history"><br></div><div class="battle-history">lax. withdrew Gligar!<br></div><div class="battle-history">lax. sent out <strong>Celebi</strong>!<br></div><div class="spacer battle-history"><br></div><div class="battle-history">Suicune used <strong>Substitute</strong>!<br></div><div class="battle-history"><small>Suicune put in a substitute!</small><br></div><div class="battle-history"><small>(Suicune lost <abbr title="−101/404">25%</abbr> of its health!)</small><br></div><div class="spacer battle-history"><br></div><div class="battle-history"><small>Suicune restored a little HP using its Leftovers!</small><br></div><div class="spacer battle-history"><br></div><h2 class="battle-history">Turn 3</h2><div class="spacer battle-history"><br></div><div class="battle-history">The opposing Celebi used <strong>Giga Drain</strong>!<br></div><div class="battle-history"><small>It's super effective!</small><br></div><div class="battle-history"><small>Suicune's substitute faded!</small><br></div><div class="spacer battle-history"><br></div><div class="battle-history">Suicune used <strong>Calm Mind</strong>!<br></div><div class="battle-history"><small>Suicune's Special Attack rose!</small><br></div><div class="battle-history"><small>Suicune's Special Defense rose!</small><br></div><div class="spacer battle-history"><br></div><div class="battle-history"><small>Suicune restored a little HP using its Leftovers!</small><br></div><div class="spacer battle-history"><br></div><h2 class="battle-history">Turn 4</h2><div class="spacer battle-history"><br></div><div class="battle-history">Suicune, come back!<br></div><div class="battle-history">Go! <strong>Arcanine</strong>!<br></div><div class="battle-history"><small>[Arcanine's Intimidate]</small><br></div><div class="battle-history"><small>The opposing Celebi's Attack fell!</small><br></div><div class="spacer battle-history"><br></div><div class="battle-history">The opposing Celebi used <strong>Nasty Plot</strong>!<br></div><div class="battle-history"><small>The opposing Celebi's Special Attack rose sharply!</small><br></div><div class="spacer battle-history"><br></div><h2 class="battle-history">Turn 5</h2><div class="spacer battle-history"><br></div><div class="battle-history">The opposing Celebi used <strong>Earth Power</strong>!<br></div><div class="battle-history"><small>It's super effective!</small><br></div><div class="battle-history"><small>(Arcanine lost <abbr title="−321/321">100%</abbr> of its health!)</small><br></div><div class="spacer battle-history"><br></div><div class="battle-history">Arcanine fainted!<br></div><div class="chat chatmessage-tko"><strong style="color:hsl(152,69%,38.419153807401294%)"><small>@</small><span class="username" data-name="tko.">tko.</span>:</strong> <em>gg</em></div><div class="spacer battle-history"><br></div><div class="battle-history">Go! <strong>Crobat</strong>!<br></div><div class="spacer battle-history"><br></div><h2 class="battle-history">Turn 6</h2><div class="chat chatmessage-trash"><strong style="color:hsl(294,77%,44.746979875617974%)"><small>+</small><span class="username" data-name="trash">trash</span>:</strong> <em>gg</em></div><div class="spacer battle-history"><br></div><div class="battle-history">lax. withdrew Celebi!<br></div><div class="battle-history">lax. sent out <strong>Klefki</strong>!<br></div><div class="spacer battle-history"><br></div><div class="battle-history">Crobat used <strong>Acrobatics</strong>!<br></div><div class="battle-history"><small>It's not very effective...</small><br></div><div class="battle-history"><small>(The opposing Klefki lost <abbr title="−66/317">20.8%</abbr> of its health!)</small><br></div><div class="spacer battle-history"><br></div><div class="battle-history"><small>The opposing Klefki restored a little HP using its Leftovers!</small><br></div><div class="spacer battle-history"><br></div><h2 class="battle-history">Turn 7</h2><div class="chat chatmessage-lax"><strong style="color:hsl(177,74%,40.86308566089215%)"><small>☆</small><span class="username" data-name="lax.">lax.</span>:</strong> <em>wyn</em></div><div class="chat chatmessage-lax"><strong style="color:hsl(177,74%,40.86308566089215%)"><small>☆</small><span class="username" data-name="lax.">lax.</span>:</strong> <em>say gg</em></div><div class="chat chatmessage-trash"><strong style="color:hsl(294,77%,44.746979875617974%)"><small>+</small><span class="username" data-name="trash">trash</span>:</strong> <em>is wyn even here</em></div><div class="spacer battle-history"><br></div><div class="battle-history">Crobat, come back!<br></div><div class="battle-history">Go! <strong>Suicune</strong>!<br></div><div class="battle-history"><small>[Suicune's Pressure]</small><br><small>Suicune is exerting its pressure!</small><br></div><div class="spacer battle-history"><br></div><div class="battle-history">The opposing Klefki used <strong>Spikes</strong>!<br></div><div class="battle-history"><small>Spikes were scattered on the ground all around your team!</small><br></div><div class="spacer battle-history"><br></div><div class="battle-history"><small>Suicune restored a little HP using its Leftovers!</small><br></div><div class="battle-history"><small>The opposing Klefki restored a little HP using its Leftovers!</small><br></div><div class="spacer battle-history"><br></div><h2 class="battle-history">Turn 8</h2><div class="chat chatmessage-lax"><strong style="color:hsl(177,74%,40.86308566089215%)"><small>☆</small><span class="username" data-name="lax.">lax.</span>:</strong> <em>nope..</em></div><div class="spacer battle-history"><br></div><div class="battle-history">The opposing Klefki used <strong>Thunder Wave</strong>!<br></div><div class="battle-history"><small>Suicune is paralyzed! It may be unable to move!</small><br></div><div class="spacer battle-history"><br></div><div class="battle-history">Suicune used <strong>Substitute</strong>!<br></div><div class="battle-history"><small>Suicune put in a substitute!</small><br></div><div class="battle-history"><small>(Suicune lost <abbr title="−101/404">25%</abbr> of its health!)</small><br></div><div class="spacer battle-history"><br></div><div class="battle-history"><small>The opposing Klefki restored a little HP using its Leftovers!</small><br></div><div class="battle-history"><small>Suicune restored a little HP using its Leftovers!</small><br></div><div class="spacer battle-history"><br></div><h2 class="battle-history">Turn 9</h2><div class="spacer battle-history"><br></div><div class="battle-history">lax. withdrew Klefki!<br></div><div class="battle-history">lax. sent out <strong>Celebi</strong>!<br></div><div class="spacer battle-history"><br></div><div class="battle-history">Suicune used <strong>Calm Mind</strong>!<br></div><div class="battle-history"><small>Suicune's Special Attack rose!</small><br></div><div class="battle-history"><small>Suicune's Special Defense rose!</small><br></div><div class="spacer battle-history"><br></div><div class="battle-history"><small>Suicune restored a little HP using its Leftovers!</small><br></div><div class="spacer battle-history"><br></div><h2 class="battle-history">Turn 10</h2><div class="spacer battle-history"><br></div><div class="battle-history">The opposing Celebi used <strong>Nasty Plot</strong>!<br></div><div class="battle-history"><small>The opposing Celebi's Special Attack rose sharply!</small><br></div><div class="spacer battle-history"><br></div><div class="battle-history">Suicune is paralyzed! It can't move!<br></div><div class="spacer battle-history"><br></div><div class="battle-history"><small>Suicune restored a little HP using its Leftovers!</small><br></div><div class="spacer battle-history"><br></div><h2 class="battle-history">Turn 11</h2><div class="spacer battle-history"><br></div><div class="battle-history">The opposing Celebi used <strong>Psychic</strong>!<br></div><div class="battle-history"><small>A critical hit!</small><br></div><div class="battle-history"><small>Suicune's substitute faded!</small><br></div><div class="spacer battle-history"><br></div><div class="battle-history">Suicune used <strong>Ice Beam</strong>!<br></div><div class="battle-history"><small>It's super effective!</small><br></div><div class="battle-history"><small>(The opposing Celebi lost <abbr title="−210/341">61.6%</abbr> of its health!)</small><br></div><div class="spacer battle-history"><br></div><div class="battle-history"><small>The opposing Celebi restored a little HP using its Leftovers!</small><br></div><div class="battle-history"><small>Suicune restored a little HP using its Leftovers!</small><br></div><div class="spacer battle-history"><br></div><h2 class="battle-history">Turn 12</h2><div class="spacer battle-history"><br></div><div class="battle-history">The opposing Celebi used <strong>Giga Drain</strong>!<br></div><div class="battle-history"><small>It's super effective!</small><br></div><div class="battle-history"><small>(Suicune lost <abbr title="−272/404">67.3%</abbr> of its health!)</small><br></div><div class="battle-history"><small>Suicune had its energy drained!</small><br></div><div class="spacer battle-history"><br></div><div class="battle-history">Suicune used <strong>Ice Beam</strong>!<br></div><div class="battle-history"><small>It's super effective!</small><br></div><div class="battle-history"><small>(The opposing Celebi lost <abbr title="−196/341">57.5%</abbr> of its health!)</small><br></div><div class="spacer battle-history"><br></div><div class="battle-history"><small>The opposing Celebi restored a little HP using its Leftovers!</small><br></div><div class="battle-history"><small>Suicune restored a little HP using its Leftovers!</small><br></div><div class="spacer battle-history"><br></div><h2 class="battle-history">Turn 13</h2><div class="chat chatmessage-bushtush"><strong style="color:hsl(162,66%,38.83954643534721%)"><small>+</small><span class="username" data-name="Bushtush">Bushtush</span>:</strong> <em>OML OML</em></div><div class="chat chatmessage-lax"><strong style="color:hsl(177,74%,40.86308566089215%)"><small>☆</small><span class="username" data-name="lax.">lax.</span>:</strong> <em>bush tushin</em></div><div class="chat chatmessage-bushtush"><strong style="color:hsl(162,66%,38.83954643534721%)"><small>+</small><span class="username" data-name="Bushtush">Bushtush</span>:</strong> <em>king lax</em></div><div class="chat chatmessage-bushtush"><strong style="color:hsl(162,66%,38.83954643534721%)"><small>+</small><span class="username" data-name="Bushtush">Bushtush</span>:</strong> <em>holE</em></div><div class="spacer battle-history"><br></div><div class="battle-history">The opposing Celebi used <strong>Psychic</strong>!<br></div><div class="battle-history"><small>(Suicune lost <abbr title="−130/404">32.2%</abbr> of its health!)</small><br></div><div class="spacer battle-history"><br></div><div class="battle-history">Suicune fainted!<br></div><div class="spacer battle-history"><br></div><div class="battle-history"><small>The opposing Celebi restored a little HP using its Leftovers!</small><br></div><div class="spacer battle-history"><br></div><div class="battle-history">Go! <strong>Crobat</strong>!<br></div><div class="spacer battle-history"><br></div><h2 class="battle-history">Turn 14</h2><div class="spacer battle-history"><br></div><div class="battle-history">lax. withdrew Celebi!<br></div><div class="battle-history">lax. sent out <strong>Gligar</strong>!<br></div><div class="spacer battle-history"><br></div><div class="battle-history">Crobat used <strong>U-turn</strong>!<br></div><div class="battle-history"><small>It's not very effective...</small><br></div><div class="battle-history"><small>(The opposing Gligar lost <abbr title="−15/333">4.5%</abbr> of its health!)</small><br></div><div class="spacer battle-history"><br></div><div class="battle-history">Crobat went back to h_T!<br></div><div class="battle-history">Go! <strong>Audino</strong>!<br></div><div class="battle-history"><small>Audino is hurt by the spikes!</small><br></div><div class="spacer battle-history"><br></div><h2 class="battle-history">Turn 15</h2><div class="spacer battle-history"><br></div><div class="battle-history">The opposing Gligar used <strong>Stealth Rock</strong>!<br></div><div class="battle-history"><small>Pointed stones float in the air around your team!</small><br></div><div class="spacer battle-history"><br></div><div class="battle-history">Audino used <strong>Wish</strong>!<br></div><div class="spacer battle-history"><br></div><h2 class="battle-history">Turn 16</h2><div class="spacer battle-history"><br></div><div class="battle-history">The opposing Gligar used <strong>U-turn</strong>!<br></div><div class="battle-history"><small>(Audino lost <abbr title="−36/409">8.8%</abbr> of its health!)</small><br></div><div class="spacer battle-history"><br></div><div class="battle-history">The opposing Gligar went back to lax.!<br></div><div class="battle-history">lax. sent out <strong>Klefki</strong>!<br></div><div class="spacer battle-history"><br></div><div class="battle-history">Audino used <strong>Dazzling Gleam</strong>!<br></div><div class="battle-history"><small>It's not very effective...</small><br></div><div class="battle-history"><small>(The opposing Klefki lost <abbr title="−18/317">5.7%</abbr> of its health!)</small><br></div><div class="spacer battle-history"><br></div><div class="battle-history"><small>Audino's wish came true!</small><br></div><div class="battle-history"><small>The opposing Klefki restored a little HP using its Leftovers!</small><br></div><div class="spacer battle-history"><br></div><h2 class="battle-history">Turn 17</h2><div class="spacer battle-history"><br></div><div class="battle-history">lax. withdrew Klefki!<br></div><div class="battle-history">lax. sent out <strong>Celebi</strong>!<br></div><div class="spacer battle-history"><br></div><div class="battle-history">Audino, come back!<br></div><div class="battle-history">Go! <strong>Crobat</strong>!<br></div><div class="battle-history"><small>Pointed stones dug into Crobat!</small><br></div><div class="spacer battle-history"><br></div><div class="battle-history"><small>The opposing Celebi restored a little HP using its Leftovers!</small><br></div><div class="spacer battle-history"><br></div><h2 class="battle-history">Turn 18</h2><div class="spacer battle-history"><br></div><div class="battle-history">lax. withdrew Celebi!<br></div><div class="battle-history">lax. sent out <strong>Klefki</strong>!<br></div><div class="spacer battle-history"><br></div><div class="battle-history">Crobat used <strong>Acrobatics</strong>!<br></div><div class="battle-history"><small>It's not very effective...</small><br></div><div class="battle-history"><small>(The opposing Klefki lost <abbr title="−71/317">22.4%</abbr> of its health!)</small><br></div><div class="spacer battle-history"><br></div><div class="battle-history"><small>The opposing Klefki restored a little HP using its Leftovers!</small><br></div><div class="spacer battle-history"><br></div><h2 class="battle-history">Turn 19</h2><div class="spacer battle-history"><br></div><div class="battle-history">The opposing Klefki used <strong>Thunder Wave</strong>!<br></div><div class="battle-history"><small>Crobat is paralyzed! It may be unable to move!</small><br></div><div class="spacer battle-history"><br></div><div class="battle-history">Crobat used <strong>Defog</strong>!<br></div><div class="battle-history"><small>The opposing Klefki's evasiveness fell!</small><br></div><div class="battle-history"><small>The spikes disappeared from the ground around your team!</small><br></div><div class="battle-history"><small>The pointed stones disappeared from around your team!</small><br></div><div class="spacer battle-history"><br></div><div class="battle-history"><small>The opposing Klefki restored a little HP using its Leftovers!</small><br></div><div class="spacer battle-history"><br></div><h2 class="battle-history">Turn 20</h2><div class="spacer battle-history"><br></div><div class="battle-history">The opposing Klefki used <strong>Spikes</strong>!<br></div><div class="battle-history"><small>Spikes were scattered on the ground all around your team!</small><br></div><div class="spacer battle-history"><br></div><div class="battle-history">Crobat used <strong>U-turn</strong>!<br></div><div class="battle-history"><small>It's not very effective...</small><br></div><div class="battle-history"><small>(The opposing Klefki lost <abbr title="−13/317">4.1%</abbr> of its health!)</small><br></div><div class="spacer battle-history"><br></div><div class="battle-history">Crobat went back to h_T!<br></div><div class="battle-history">Go! <strong>Cobalion</strong>!<br></div><div class="battle-history"><small>Cobalion is hurt by the spikes!</small><br></div><div class="spacer battle-history"><br></div><div class="battle-history"><small>Cobalion restored a little HP using its Leftovers!</small><br></div><div class="battle-history"><small>The opposing Klefki restored a little HP using its Leftovers!</small><br></div><div class="spacer battle-history"><br></div><h2 class="battle-history">Turn 21</h2><div class="spacer battle-history"><br></div><div class="battle-history">The opposing Klefki used <strong>Thunder Wave</strong>!<br></div><div class="battle-history"><small>Cobalion is paralyzed! It may be unable to move!</small><br></div><div class="spacer battle-history"><br></div><div class="battle-history">Cobalion is paralyzed! It can't move!<br></div><div class="spacer battle-history"><br></div><div class="battle-history"><small>The opposing Klefki restored a little HP using its Leftovers!</small><br></div><div class="battle-history"><small>Cobalion restored a little HP using its Leftovers!</small><br></div><div class="spacer battle-history"><br></div><h2 class="battle-history">Turn 22</h2><div class="spacer battle-history"><br></div><div class="battle-history">lax. withdrew Klefki!<br></div><div class="battle-history">lax. sent out <strong>Conkeldurr</strong>!<br></div><div class="spacer battle-history"><br></div><div class="battle-history">Cobalion used <strong>Swords Dance</strong>!<br></div><div class="battle-history"><small>Cobalion's Attack rose sharply!</small><br></div><div class="spacer battle-history"><br></div><h2 class="battle-history">Turn 23</h2><div class="spacer battle-history"><br></div><div class="battle-history">Cobalion, come back!<br></div><div class="battle-history">Go! <strong>Crobat</strong>!<br></div><div class="spacer battle-history"><br></div><div class="battle-history">The opposing Conkeldurr used <strong>Drain Punch</strong>!<br></div><div class="battle-history"><small>It's not very effective...</small><br></div><div class="battle-history"><small>A critical hit!</small><br></div><div class="battle-history"><small>(Crobat lost <abbr title="−129/355">36.3%</abbr> of its health!)</small><br></div><div class="spacer battle-history"><br></div><h2 class="battle-history">Turn 24</h2><div class="spacer battle-history"><br></div><div class="battle-history">lax. withdrew Conkeldurr!<br></div><div class="battle-history">lax. sent out <strong>Krookodile</strong>!<br></div><div class="battle-history"><small>[The opposing Krookodile's Intimidate]</small><br></div><div class="battle-history"><small>Crobat's Attack fell!</small><br></div><div class="spacer battle-history"><br></div><div class="battle-history">Crobat is paralyzed! It can't move!<br></div><div class="spacer battle-history"><br></div><h2 class="battle-history">Turn 25</h2><div class="spacer battle-history"><br></div><div class="battle-history">Crobat, come back!<br></div><div class="battle-history">Go! <strong>Audino</strong>!<br></div><div class="battle-history"><small>Audino is hurt by the spikes!</small><br></div><div class="spacer battle-history"><br></div><div class="battle-history">The opposing Krookodile used <strong>Knock Off</strong>!<br></div><div class="battle-history"><small>(Audino lost <abbr title="−103/409">25.2%</abbr> of its health!)</small><br></div><div class="spacer battle-history"><br></div><h2 class="battle-history">Turn 26</h2><div class="spacer battle-history"><br></div><div class="battle-history">lax. withdrew Krookodile!<br></div><div class="battle-history">lax. sent out <strong>Celebi</strong>!<br></div><div class="spacer battle-history"><br></div><div class="battle-history">Audino used <strong>Heal Bell</strong>!<br></div><div class="battle-history"><small>A bell chimed!</small><br></div><div class="battle-history"><small>Cobalion was cured of paralysis.</small><br></div><div class="battle-history"><small>Crobat was cured of paralysis.</small><br></div><div class="spacer battle-history"><br></div><div class="battle-history"><small>The opposing Celebi restored a little HP using its Leftovers!</small><br></div><div class="spacer battle-history"><br></div><h2 class="battle-history">Turn 27</h2><div class="spacer battle-history"><br></div><div class="battle-history">Audino, come back!<br></div><div class="battle-history">Go! <strong>Cobalion</strong>!<br></div><div class="battle-history"><small>Cobalion is hurt by the spikes!</small><br></div><div class="spacer battle-history"><br></div><div class="battle-history">The opposing Celebi used <strong>Nasty Plot</strong>!<br></div><div class="battle-history"><small>The opposing Celebi's Special Attack rose sharply!</small><br></div><div class="spacer battle-history"><br></div><div class="battle-history"><small>Cobalion restored a little HP using its Leftovers!</small><br></div><div class="battle-history"><small>The opposing Celebi restored a little HP using its Leftovers!</small><br></div><div class="spacer battle-history"><br></div><h2 class="battle-history">Turn 28</h2><div class="spacer battle-history"><br></div><div class="battle-history">Cobalion used <strong>Iron Head</strong>!<br></div><div class="battle-history"><small>(The opposing Celebi lost <abbr title="−115/341">33.7%</abbr> of its health!)</small><br></div><div class="spacer battle-history"><br></div><div class="battle-history">The opposing Celebi flinched and couldn't move!<br></div><div class="spacer battle-history"><br></div><div class="battle-history"><small>Cobalion restored a little HP using its Leftovers!</small><br></div><div class="battle-history"><small>The opposing Celebi restored a little HP using its Leftovers!</small><br></div><div class="spacer battle-history"><br></div><h2 class="battle-history">Turn 29</h2><div class="chat chatmessage-tko"><strong style="color:hsl(152,69%,38.419153807401294%)"><small>@</small><span class="username" data-name="tko.">tko.</span>:</strong> <em>ofc</em></div><div class="spacer battle-history"><br></div><div class="battle-history">lax. withdrew Celebi!<br></div><div class="battle-history">lax. sent out <strong>Conkeldurr</strong>!<br></div><div class="spacer battle-history"><br></div><div class="battle-history">Cobalion used <strong>Iron Head</strong>!<br></div><div class="battle-history"><small>(The opposing Conkeldurr lost <abbr title="−115/376">30.6%</abbr> of its health!)</small><br></div><div class="spacer battle-history"><br></div><h2 class="battle-history">Turn 30</h2><div class="chat chatmessage-tko"><strong style="color:hsl(152,69%,38.419153807401294%)"><small>@</small><span class="username" data-name="tko.">tko.</span>:</strong> <em>ht is so lucky</em></div><div class="chat chatmessage-tko"><strong style="color:hsl(152,69%,38.419153807401294%)"><small>@</small><span class="username" data-name="tko.">tko.</span>:</strong> <em>my lord</em></div><div class="spacer battle-history"><br></div><div class="battle-history">Cobalion used <strong>Swords Dance</strong>!<br></div><div class="battle-history"><small>Cobalion's Attack rose sharply!</small><br></div><div class="spacer battle-history"><br></div><div class="battle-history">The opposing Conkeldurr used <strong>Drain Punch</strong>!<br></div><div class="battle-history"><small>It's super effective!</small><br></div><div class="battle-history"><small>(Cobalion lost <abbr title="−323/323">100%</abbr> of its health!)</small><br></div><div class="battle-history"><small>Cobalion had its energy drained!</small><br></div><div class="spacer battle-history"><br></div><div class="battle-history">Cobalion fainted!<br></div><div class="spacer battle-history"><br></div><div class="battle-history">Go! <strong>Crobat</strong>!<br></div><div class="spacer battle-history"><br></div><h2 class="battle-history">Turn 31</h2><div class="spacer battle-history"><br></div><div class="battle-history">lax. withdrew Conkeldurr!<br></div><div class="battle-history">lax. sent out <strong>Klefki</strong>!<br></div><div class="spacer battle-history"><br></div><div class="battle-history">Crobat used <strong>Roost</strong>!<br></div><div class="battle-history"><small>Crobat restored its HP.</small><br></div><div class="spacer battle-history"><br></div><div class="battle-history"><small>The opposing Klefki restored a little HP using its Leftovers!</small><br></div><div class="spacer battle-history"><br></div><h2 class="battle-history">Turn 32</h2><div class="spacer battle-history"><br></div><div class="battle-history">Crobat, come back!<br></div><div class="battle-history">Go! Rotom (<strong>Rotom-Mow</strong>)!<br></div><div class="spacer battle-history"><br></div><div class="battle-history">The opposing Klefki used <strong>Thunder Wave</strong>!<br></div><div class="battle-history"><small>It doesn't affect Rotom...</small><br></div><div class="spacer battle-history"><br></div><h2 class="battle-history">Turn 33</h2><div class="spacer battle-history"><br></div><div class="battle-history">Rotom used <strong>Volt Switch</strong>!<br></div><div class="battle-history"><small>(The opposing Klefki lost <abbr title="−85/317">26.8%</abbr> of its health!)</small><br></div><div class="spacer battle-history"><br></div><div class="battle-history">Rotom went back to h_T!<br></div><div class="battle-history">Go! <strong>Audino</strong>!<br></div><div class="battle-history"><small>Audino is hurt by the spikes!</small><br></div><div class="spacer battle-history"><br></div><div class="battle-history">The opposing Klefki used <strong>Play Rough</strong>!<br></div><div class="battle-history"><small>(Audino lost <abbr title="−79/409">19.3%</abbr> of its health!)</small><br></div><div class="spacer battle-history"><br></div><div class="battle-history"><small>The opposing Klefki restored a little HP using its Leftovers!</small><br></div><div class="spacer battle-history"><br></div><h2 class="battle-history">Turn 34</h2><div class="spacer battle-history"><br></div><div class="battle-history">The opposing Klefki used <strong>Play Rough</strong>!<br></div><div class="battle-history"><small>(Audino lost <abbr title="−78/409">19.1%</abbr> of its health!)</small><br></div><div class="spacer battle-history"><br></div><div class="battle-history">Audino used <strong>Wish</strong>!<br></div><div class="spacer battle-history"><br></div><div class="battle-history"><small>The opposing Klefki restored a little HP using its Leftovers!</small><br></div><div class="spacer battle-history"><br></div><h2 class="battle-history">Turn 35</h2><div class="spacer battle-history"><br></div><div class="battle-history">lax. withdrew Klefki!<br></div><div class="battle-history">lax. sent out <strong>Celebi</strong>!<br></div><div class="spacer battle-history"><br></div><div class="battle-history">Audino, come back!<br></div><div class="battle-history">Go! Rotom (<strong>Rotom-Mow</strong>)!<br></div><div class="spacer battle-history"><br></div><div class="battle-history"><small>The opposing Celebi restored a little HP using its Leftovers!</small><br></div><div class="spacer battle-history"><br></div><h2 class="battle-history">Turn 36</h2><div class="spacer battle-history"><br></div><div class="battle-history">lax. withdrew Celebi!<br></div><div class="battle-history">lax. sent out <strong>Gligar</strong>!<br></div><div class="spacer battle-history"><br></div><div class="battle-history">Rotom used <strong>Leaf Storm</strong>!<br></div><div class="battle-history"><small>(The opposing Gligar lost <abbr title="−138/333">41.4%</abbr> of its health!)</small><br></div><div class="battle-history"><small>Rotom's Special Attack fell harshly!</small><br></div><div class="spacer battle-history"><br></div><h2 class="battle-history">Turn 37</h2><div class="spacer battle-history"><br></div><div class="battle-history">Rotom, come back!<br></div><div class="battle-history">Go! <strong>Crobat</strong>!<br></div><div class="spacer battle-history"><br></div><div class="battle-history">The opposing Gligar used <strong>U-turn</strong>!<br></div><div class="battle-history"><small>It's not very effective...</small><br></div><div class="battle-history"><small>(Crobat lost <abbr title="−12/355">3.4%</abbr> of its health!)</small><br></div><div class="spacer battle-history"><br></div><div class="battle-history">The opposing Gligar went back to lax.!<br></div><div class="battle-history">lax. sent out <strong>Krookodile</strong>!<br></div><div class="battle-history"><small>[The opposing Krookodile's Intimidate]</small><br></div><div class="battle-history"><small>Crobat's Attack fell!</small><br></div><div class="spacer battle-history"><br></div><h2 class="battle-history">Turn 38</h2><div class="chat chatmessage-r0ady"><strong style="color:hsl(306,70%,44.2804644005872%)"><small>+</small><span class="username" data-name="r0ady">r0ady</span>:</strong> <em>Ppl playing oras for fun</em></div><div class="spacer battle-history"><br></div><div class="battle-history">Crobat, come back!<br></div><div class="battle-history">Go! <strong>Audino</strong>!<br></div><div class="battle-history"><small>Audino is hurt by the spikes!</small><br></div><div class="spacer battle-history"><br></div><div class="battle-history">The opposing Krookodile used <strong>Knock Off</strong>!<br></div><div class="battle-history"><small>(Audino lost <abbr title="−97/409">23.7%</abbr> of its health!)</small><br></div><div class="spacer battle-history"><br></div><h2 class="battle-history">Turn 39</h2><div class="chat chatmessage-r0ady"><strong style="color:hsl(306,70%,44.2804644005872%)"><small>+</small><span class="username" data-name="r0ady">r0ady</span>:</strong> <em>What is this</em></div><div class="chat chatmessage-lax"><strong style="color:hsl(177,74%,40.86308566089215%)"><small>☆</small><span class="username" data-name="lax.">lax.</span>:</strong> <em>?</em></div><div class="spacer battle-history"><br></div><div class="battle-history">lax. withdrew Krookodile!<br></div><div class="battle-history">lax. sent out <strong>Celebi</strong>!<br></div><div class="spacer battle-history"><br></div><div class="battle-history">Audino used <strong>Wish</strong>!<br></div><div class="spacer battle-history"><br></div><div class="battle-history"><small>The opposing Celebi restored a little HP using its Leftovers!</small><br></div><div class="spacer battle-history"><br></div><h2 class="battle-history">Turn 40</h2><div class="spacer battle-history"><br></div><div class="battle-history"><small>Audino's Audinite is reacting to h_T's Mega Bracelet!</small><br>Audino has Mega Evolved into Mega Audino!<br></div><div class="spacer battle-history"><br></div><div class="battle-history">The opposing Celebi used <strong>Nasty Plot</strong>!<br></div><div class="battle-history"><small>The opposing Celebi's Special Attack rose sharply!</small><br></div><div class="spacer battle-history"><br></div><div class="battle-history">Audino used <strong>Dazzling Gleam</strong>!<br></div><div class="battle-history"><small>(The opposing Celebi lost <abbr title="−82/341">24.0%</abbr> of its health!)</small><br></div><div class="spacer battle-history"><br></div><div class="battle-history"><small>Audino's wish came true!</small><br></div><div class="battle-history"><small>The opposing Celebi restored a little HP using its Leftovers!</small><br></div><div class="spacer battle-history"><br></div><h2 class="battle-history">Turn 41</h2><div class="spacer battle-history"><br></div><div class="battle-history">Audino, come back!<br></div><div class="battle-history">Go! <strong>Crobat</strong>!<br></div><div class="spacer battle-history"><br></div><div class="battle-history">The opposing Celebi used <strong>Psychic</strong>!<br></div><div class="battle-history"><small>It's super effective!</small><br></div><div class="battle-history"><small>(Crobat lost <abbr title="−304/355">85.6%</abbr> of its health!)</small><br></div><div class="spacer battle-history"><br></div><div class="battle-history">Crobat fainted!<br></div><div class="spacer battle-history"><br></div><div class="battle-history"><small>The opposing Celebi restored a little HP using its Leftovers!</small><br></div><div class="spacer battle-history"><br></div><div class="battle-history">Go! Rotom (<strong>Rotom-Mow</strong>)!<br></div><div class="spacer battle-history"><br></div><h2 class="battle-history">Turn 42</h2><div class="spacer battle-history"><br></div><div class="battle-history">Rotom used <strong>Leaf Storm</strong>!<br></div><div class="battle-history"><small>It's not very effective...</small><br></div><div class="battle-history"><small>(The opposing Celebi lost <abbr title="−96/341">28.2%</abbr> of its health!)</small><br></div><div class="battle-history"><small>Rotom's Special Attack fell harshly!</small><br></div><div class="spacer battle-history"><br></div><div class="battle-history">The opposing Celebi used <strong>Psychic</strong>!<br></div><div class="battle-history"><small>(Rotom lost <abbr title="−241/241">100%</abbr> of its health!)</small><br></div><div class="spacer battle-history"><br></div><div class="battle-history">Rotom fainted!<br></div><div class="spacer battle-history"><br></div><div class="battle-history"><small>The opposing Celebi restored a little HP using its Leftovers!</small><br></div><div class="spacer battle-history"><br></div><div class="battle-history">Go! Audino (<strong>Audino-Mega</strong>)!<br></div><div class="battle-history"><small>Audino is hurt by the spikes!</small><br></div><div class="spacer battle-history"><br></div><h2 class="battle-history">Turn 43</h2><div class="spacer battle-history"><br></div><div class="battle-history">The opposing Celebi used <strong>Giga Drain</strong>!<br></div><div class="battle-history"><small>(Audino lost <abbr title="−153/409">37.4%</abbr> of its health!)</small><br></div><div class="battle-history"><small>Audino had its energy drained!</small><br></div><div class="spacer battle-history"><br></div><div class="battle-history">Audino used <strong>Dazzling Gleam</strong>!<br></div><div class="battle-history"><small>(The opposing Celebi lost <abbr title="−76/341">22.3%</abbr> of its health!)</small><br></div><div class="spacer battle-history"><br></div><div class="battle-history"><small>The opposing Celebi restored a little HP using its Leftovers!</small><br></div><div class="spacer battle-history"><br></div><h2 class="battle-history">Turn 44</h2><div class="spacer battle-history"><br></div><div class="battle-history">The opposing Celebi used <strong>Giga Drain</strong>!<br></div><div class="battle-history"><small>(Audino lost <abbr title="−171/409">41.8%</abbr> of its health!)</small><br></div><div class="battle-history"><small>Audino had its energy drained!</small><br></div><div class="spacer battle-history"><br></div><div class="battle-history">Audino fainted!<br></div><div class="spacer battle-history"><br></div><div class="battle-history"><strong>lax.</strong> won the battle!<br></div></div><div class="inner-preempt"></div></div></div>
</div>
<script>
let daily = Math.floor(Date.now()/1000/60/60/24);document.write('<script src="https://play.pokemonshowdown.com/js/replay-embed.js?version'+daily+'"></'+'script>');
</script>
