<!DOCTYPE html>
<meta charset="utf-8" />
<!-- version 1 -->
<title>UU replay: richiestryder vs. Krooknotch</title>
<style>
html,body {font-family:Verdana, sans-serif;font-size:10pt;margin:0;padding:0;}body{padding:12px 0;} .battle-log {font-family:Verdana, sans-serif;font-size:10pt;} .battle-log-inline {border:1px solid #AAAAAA;background:#EEF2F5;color:black;max-width:640px;margin:0 auto 80px;padding-bottom:5px;} .battle-log .inner {padding:4px 8px 0px 8px;} .battle-log .inner-preempt {padding:0 8px 4px 8px;} .battle-log .inner-after {margin-top:0.5em;} .battle-log h2 {margin:0.5em -8px;padding:4px 8px;border:1px solid #AAAAAA;background:#E0E7EA;border-left:0;border-right:0;font-family:Verdana, sans-serif;font-size:13pt;} .battle-log .chat {vertical-align:middle;padding:3px 0 3px 0;font-size:8pt;} .battle-log .chat strong {color:#40576A;} .battle-log .chat em {padding:1px 4px 1px 3px;color:#000000;font-style:normal;} .chat.mine {background:rgba(0,0,0,0.05);margin-left:-8px;margin-right:-8px;padding-left:8px;padding-right:8px;} .spoiler {color:#BBBBBB;background:#BBBBBB;padding:0px 3px;} .spoiler:hover, .spoiler:active, .spoiler-shown {color:#000000;background:#E2E2E2;padding:0px 3px;} .spoiler a {color:#BBBBBB;} .spoiler:hover a, .spoiler:active a, .spoiler-shown a {color:#2288CC;} .chat code, .chat .spoiler:hover code, .chat .spoiler:active code, .chat .spoiler-shown code {border:1px solid #C0C0C0;background:#EEEEEE;color:black;padding:0 2px;} .chat .spoiler code {border:1px solid #CCCCCC;background:#CCCCCC;color:#CCCCCC;} .battle-log .rated {padding:3px 4px;} .battle-log .rated strong {color:white;background:#89A;padding:1px 4px;border-radius:4px;} .spacer {margin-top:0.5em;} .message-announce {background:#6688AA;color:white;padding:1px 4px 2px;} .message-announce a, .broadcast-green a, .broadcast-blue a, .broadcast-red a {color:#DDEEFF;} .broadcast-green {background-color:#559955;color:white;padding:2px 4px;} .broadcast-blue {background-color:#6688AA;color:white;padding:2px 4px;} .infobox {border:1px solid #6688AA;padding:2px 4px;} .infobox-limited {max-height:200px;overflow:auto;overflow-x:hidden;} .broadcast-red {background-color:#AA5544;color:white;padding:2px 4px;} .message-learn-canlearn {font-weight:bold;color:#228822;text-decoration:underline;} .message-learn-cannotlearn {font-weight:bold;color:#CC2222;text-decoration:underline;} .message-effect-weak {font-weight:bold;color:#CC2222;} .message-effect-resist {font-weight:bold;color:#6688AA;} .message-effect-immune {font-weight:bold;color:#666666;} .message-learn-list {margin-top:0;margin-bottom:0;} .message-throttle-notice, .message-error {color:#992222;} .message-overflow, .chat small.message-overflow {font-size:0pt;} .message-overflow::before {font-size:9pt;content:'...';} .subtle {color:#3A4A66;}
</style>
<div class="wrapper replay-wrapper" style="max-width:1180px;margin:0 auto">
<input type="hidden" name="replayid" value="uu-537468923" />
<div class="battle"></div><div class="battle-log"></div><div class="replay-controls"></div><div class="replay-controls-2"></div>
<h1 style="font-weight:normal;text-align:center"><strong>UU</strong><br /><a href="http://pokemonshowdown.com/users/richiestryder" class="subtle" target="_blank">richiestryder</a> vs. <a href="http://pokemonshowdown.com/users/krooknotch" class="subtle" target="_blank">Krooknotch</a></h1>
<script type="text/plain" class="battle-log-data">|j|richiestryder
|j|Krooknotch
|player|p1|richiestryder|80
|player|p2|Krooknotch|161
|gametype|singles
|gen|6
|tier|UU
|rated
|seed|63176,25570,57410,9173
|rule|Sleep Clause Mod: Limit one foe put to sleep
|rule|Species Clause: Limit one of each Pokémon
|rule|OHKO Clause: OHKO moves are banned
|rule|Moody Clause: Moody is banned
|rule|Evasion Moves Clause: Evasion moves are banned
|rule|Endless Battle Clause: Forcing endless battles is banned
|rule|HP Percentage Mod: HP is shown in percentages
|clearpoke
|poke|p1|Jolteon, F|item
|poke|p1|Arcanine, F|item
|poke|p1|Flygon, F|item
|poke|p1|Gogoat, M|item
|poke|p1|Milotic, F|item
|poke|p1|Haxorus, F, shiny|item
|poke|p2|Jellicent, M|item
|poke|p2|Chandelure, M|item
|poke|p2|Haunter, F|item
|poke|p2|Golurk|item
|poke|p2|Shedinja|item
|poke|p2|Banette, F|item
|rule|Swagger Clause: Swagger is banned
|rule|Baton Pass Clause: Limit one Baton Passer, can't pass Spe and other stats simultaneously
|teampreview
|c|★richiestryder|hello again lol
|choice|team 1, team 2, team 3, team 4, team 5, team 6|team 6, team 2, team 3, team 4, team 5, team 1
|
|start
|switch|p1a: Jolteon|Jolteon, F|271\/271
|switch|p2a: Banette|Banette, F|332\/332
|turn|1
|choice|move shadowball|move shadowsneak mega
|
|detailschange|p2a: Banette|Banette-Mega, F
|-mega|p2a: Banette|Banette|Banettite
|move|p2a: Banette|Shadow Sneak|p1a: Jolteon
|-crit|p1a: Jolteon
|-damage|p1a: Jolteon|115\/271
|move|p1a: Jolteon|Shadow Ball|p2a: Banette
|-supereffective|p2a: Banette
|-damage|p2a: Banette|116\/332
|-unboost|p2a: Banette|spd|1
|
|upkeep
|turn|2
|choice|switch 2|move shadowsneak
|
|switch|p1a: Arcanine|Arcanine, F|383\/383
|-ability|p1a: Arcanine|Intimidate|boost
|-unboost|p2a: Banette|atk|1
|move|p2a: Banette|Shadow Sneak|p1a: Arcanine
|-damage|p1a: Arcanine|338\/383
|
|-heal|p1a: Arcanine|361\/383|[from] item: Leftovers
|upkeep
|turn|3
|choice|move willowisp|switch 2
|
|switch|p2a: Chandelure|Chandelure, M|261\/261
|move|p1a: Arcanine|Will-O-Wisp|p2a: Chandelure
|-start|p2a: Chandelure|ability: Flash Fire
|
|-heal|p1a: Arcanine|383\/383|[from] item: Leftovers
|upkeep
|turn|4
|choice|switch 5|move hex
|
|switch|p1a: Milotic|Milotic, F|394\/394
|move|p2a: Chandelure|Hex|p1a: Milotic
|-damage|p1a: Milotic|315\/394
|
|-heal|p1a: Milotic|339\/394|[from] item: Leftovers
|upkeep
|turn|5
|choice|move scald|move willowisp
|
|move|p2a: Chandelure|Will-O-Wisp|p1a: Milotic
|-status|p1a: Milotic|brn
|move|p1a: Milotic|Scald|p2a: Chandelure
|-supereffective|p2a: Chandelure
|-damage|p2a: Chandelure|73\/261
|
|-heal|p2a: Chandelure|89\/261|[from] item: Leftovers
|-heal|p1a: Milotic|363\/394 brn|[from] item: Leftovers
|-damage|p1a: Milotic|314\/394 brn|[from] brn
|upkeep
|turn|6
|choice|move dragontail|switch 6
|
|-end|p2a: Chandelure|ability: Flash Fire|[silent]
|switch|p2a: Jellicent|Jellicent, M|404\/404
|move|p1a: Milotic|Dragon Tail|p2a: Jellicent
|-damage|p2a: Jellicent|386\/404
|drag|p2a: Golurk|Golurk|382\/382
|
|-heal|p1a: Milotic|338\/394 brn|[from] item: Leftovers
|-damage|p1a: Milotic|289\/394 brn|[from] brn
|upkeep
|turn|7
|choice|move scald|switch 5
|
|switch|p2a: Shedinja|Shedinja|1\/1
|move|p1a: Milotic|Scald|p2a: Shedinja
|-immune|p2a: Shedinja|[msg]|[from] ability: Wonder Guard
|
|-heal|p1a: Milotic|313\/394 brn|[from] item: Leftovers
|-damage|p1a: Milotic|264\/394 brn|[from] brn
|upkeep
|turn|8
|choice|switch 3|move swordsdance
|
|switch|p1a: Flygon|Flygon, F|301\/301
|move|p2a: Shedinja|Swords Dance|p2a: Shedinja
|-boost|p2a: Shedinja|atk|2
|
|upkeep
|turn|9
|choice|move uturn|move return
|
|move|p1a: Flygon|U-turn|p2a: Shedinja
|-immune|p2a: Shedinja|[msg]|[from] ability: Wonder Guard
|move|p2a: Shedinja|Return|p1a: Flygon
|-damage|p1a: Flygon|65\/301
|
|upkeep
|turn|10
|choice|switch 5|move swordsdance
|
|switch|p1a: Arcanine|Arcanine, F|383\/383
|-ability|p1a: Arcanine|Intimidate|boost
|-unboost|p2a: Shedinja|atk|1
|move|p2a: Shedinja|Swords Dance|p2a: Shedinja
|-boost|p2a: Shedinja|atk|2
|
|upkeep
|turn|11
|choice|move willowisp|switch 6
|
|switch|p2a: Chandelure|Chandelure, M|89\/261
|move|p1a: Arcanine|Will-O-Wisp|p2a: Chandelure
|-start|p2a: Chandelure|ability: Flash Fire
|
|-heal|p2a: Chandelure|105\/261|[from] item: Leftovers
|upkeep
|turn|12
|choice|switch 3|move painsplit
|
|switch|p1a: Milotic|Milotic, F|264\/394 brn
|move|p2a: Chandelure|Pain Split|p1a: Milotic
|-sethp|p1a: Milotic|184\/394 brn|p2a: Chandelure|184\/261|[from] move: Pain Split
|
|-heal|p2a: Chandelure|200\/261|[from] item: Leftovers
|-heal|p1a: Milotic|208\/394 brn|[from] item: Leftovers
|-damage|p1a: Milotic|159\/394 brn|[from] brn
|upkeep
|turn|13
|choice|move recover|switch 6
|
|-end|p2a: Chandelure|ability: Flash Fire|[silent]
|switch|p2a: Shedinja|Shedinja|1\/1
|move|p1a: Milotic|Recover|p1a: Milotic
|-heal|p1a: Milotic|356\/394 brn
|
|-heal|p1a: Milotic|380\/394 brn|[from] item: Leftovers
|-damage|p1a: Milotic|331\/394 brn|[from] brn
|upkeep
|turn|14
|j|fddfssff
|choice|switch 3|move swordsdance
|
|switch|p1a: Arcanine|Arcanine, F|383\/383
|-ability|p1a: Arcanine|Intimidate|boost
|-unboost|p2a: Shedinja|atk|1
|move|p2a: Shedinja|Swords Dance|p2a: Shedinja
|-boost|p2a: Shedinja|atk|2
|
|upkeep
|turn|15
|choice|move wildcharge|switch 6
|
|switch|p2a: Chandelure|Chandelure, M|200\/261
|move|p1a: Arcanine|Wild Charge|p2a: Chandelure
|-damage|p2a: Chandelure|114\/261
|-damage|p1a: Arcanine|361\/383|[from] recoil|[of] p2a: Chandelure
|
|-heal|p2a: Chandelure|130\/261|[from] item: Leftovers
|-heal|p1a: Arcanine|383\/383|[from] item: Leftovers
|upkeep
|turn|16
|choice|switch 2|move painsplit
|
|switch|p1a: Jolteon|Jolteon, F|115\/271
|move|p2a: Chandelure|Pain Split|p1a: Jolteon
|-sethp|p1a: Jolteon|122\/271|p2a: Chandelure|122\/261|[from] move: Pain Split
|
|-heal|p2a: Chandelure|138\/261|[from] item: Leftovers
|upkeep
|turn|17
|choice|move shadowball|move flamethrower
|
|move|p1a: Jolteon|Shadow Ball|p2a: Chandelure
|-supereffective|p2a: Chandelure
|-damage|p2a: Chandelure|0 fnt
|faint|p2a: Chandelure
|
|upkeep
|choice||switch 2
|
|switch|p2a: Banette|Banette-Mega, F|116\/332
|turn|18
|choice|switch 2|move shadowsneak
|
|switch|p1a: Arcanine|Arcanine, F|383\/383
|-ability|p1a: Arcanine|Intimidate|boost
|-unboost|p2a: Banette|atk|1
|move|p2a: Banette|Shadow Sneak|p1a: Arcanine
|-damage|p1a: Arcanine|340\/383
|
|-heal|p1a: Arcanine|363\/383|[from] item: Leftovers
|upkeep
|turn|19
|choice|move wildcharge|move destinybond
|
|move|p2a: Banette|Destiny Bond|p2a: Banette
|-singlemove|p2a: Banette|Destiny Bond
|move|p1a: Arcanine|Wild Charge|p2a: Banette
|-damage|p2a: Banette|15\/332
|-damage|p1a: Arcanine|338\/383|[from] recoil|[of] p2a: Banette
|
|-heal|p1a: Arcanine|361\/383|[from] item: Leftovers
|upkeep
|turn|20
|c| fddfssff|Krooknotch eres el puto amo
|c|★richiestryder|krooknotch es en amor de la ghosts
|c| fddfssff|si
|c|★richiestryder|con la ghosts
|c|★richiestryder|mi espanol es muy pocilo
|l|fddfssff
|choice|move morningsun|switch 4
|
|switch|p2a: Jellicent|Jellicent, M|386\/404
|move|p1a: Arcanine|Morning Sun|p1a: Arcanine
|-heal|p1a: Arcanine|383\/383
|
|upkeep
|turn|21
|choice|switch 4|move hydropump
|
|switch|p1a: Gogoat|Gogoat, M|449\/449
|move|p2a: Jellicent|Hydro Pump|p1a: Gogoat
|-resisted|p1a: Gogoat
|-damage|p1a: Gogoat|362\/449
|
|-heal|p1a: Gogoat|390\/449|[from] item: Leftovers
|upkeep
|turn|22
|choice|move hornleech|move icebeam
|
|move|p1a: Gogoat|Horn Leech|p2a: Jellicent
|-supereffective|p2a: Jellicent
|-damage|p2a: Jellicent|146\/404
|-heal|p1a: Gogoat|449\/449|[from] drain|[of] p2a: Jellicent
|-enditem|p2a: Jellicent|Weakness Policy
|-boost|p2a: Jellicent|atk|2
|-boost|p2a: Jellicent|spa|2
|move|p2a: Jellicent|Ice Beam|p1a: Gogoat
|-supereffective|p1a: Gogoat
|-damage|p1a: Gogoat|75\/449
|
|-heal|p1a: Gogoat|103\/449|[from] item: Leftovers
|upkeep
|turn|23
|choice|move hornleech|switch 6
|
|switch|p2a: Shedinja|Shedinja|1\/1
|move|p1a: Gogoat|Horn Leech|p2a: Shedinja
|-immune|p2a: Shedinja|[msg]|[from] ability: Wonder Guard
|
|-heal|p1a: Gogoat|131\/449|[from] item: Leftovers
|upkeep
|turn|24
|c|★richiestryder|i can respect that
|choice|switch 4|move xscissor
|
|switch|p1a: Arcanine|Arcanine, F|383\/383
|-ability|p1a: Arcanine|Intimidate|boost
|-unboost|p2a: Shedinja|atk|1
|move|p2a: Shedinja|X-Scissor|p1a: Arcanine
|-resisted|p1a: Arcanine
|-damage|p1a: Arcanine|350\/383
|
|-heal|p1a: Arcanine|373\/383|[from] item: Leftovers
|upkeep
|turn|25
|choice|move willowisp|switch 6
|
|switch|p2a: Jellicent|Jellicent, M|146\/404
|move|p1a: Arcanine|Will-O-Wisp|p2a: Jellicent
|-status|p2a: Jellicent|brn
|
|-heal|p1a: Arcanine|383\/383|[from] item: Leftovers
|-damage|p2a: Jellicent|96\/404 brn|[from] brn
|upkeep
|turn|26
|choice|switch 4|move recover
|
|switch|p1a: Gogoat|Gogoat, M|131\/449
|move|p2a: Jellicent|Recover|p2a: Jellicent
|-heal|p2a: Jellicent|298\/404 brn
|
|-heal|p1a: Gogoat|159\/449|[from] item: Leftovers
|-damage|p2a: Jellicent|248\/404 brn|[from] brn
|upkeep
|turn|27
|choice|move milkdrink|switch 6
|
|switch|p2a: Shedinja|Shedinja|1\/1
|move|p1a: Gogoat|Milk Drink|p1a: Gogoat
|-heal|p1a: Gogoat|384\/449
|
|-heal|p1a: Gogoat|412\/449|[from] item: Leftovers
|upkeep
|turn|28
|choice|switch 4|move return
|
|switch|p1a: Arcanine|Arcanine, F|383\/383
|-ability|p1a: Arcanine|Intimidate|boost
|-unboost|p2a: Shedinja|atk|1
|move|p2a: Shedinja|Return|p1a: Arcanine
|-damage|p1a: Arcanine|323\/383
|
|-heal|p1a: Arcanine|346\/383|[from] item: Leftovers
|upkeep
|turn|29
|choice|move overheat|switch 5
|
|switch|p2a: Golurk|Golurk|382\/382
|move|p1a: Arcanine|Overheat|p2a: Golurk
|-damage|p2a: Golurk|196\/382
|-unboost|p1a: Arcanine|spa|2
|
|-heal|p1a: Arcanine|369\/383|[from] item: Leftovers
|upkeep
|turn|30
|choice|move willowisp|move earthquake
|
|move|p1a: Arcanine|Will-O-Wisp|p2a: Golurk
|-status|p2a: Golurk|brn
|move|p2a: Golurk|Earthquake|p1a: Arcanine
|-supereffective|p1a: Arcanine
|-damage|p1a: Arcanine|128\/383
|
|-heal|p1a: Arcanine|151\/383|[from] item: Leftovers
|-damage|p2a: Golurk|149\/382 brn|[from] brn
|upkeep
|turn|31
|choice|move morningsun|move earthquake
|
|move|p1a: Arcanine|Morning Sun|p1a: Arcanine
|-heal|p1a: Arcanine|342\/383
|move|p2a: Golurk|Earthquake|p1a: Arcanine
|-supereffective|p1a: Arcanine
|-damage|p1a: Arcanine|123\/383
|
|-heal|p1a: Arcanine|146\/383|[from] item: Leftovers
|-damage|p2a: Golurk|102\/382 brn|[from] brn
|upkeep
|turn|32
|j|fddfssff
|choice|switch 4|move earthquake
|
|switch|p1a: Gogoat|Gogoat, M|412\/449
|move|p2a: Golurk|Earthquake|p1a: Gogoat
|-resisted|p1a: Gogoat
|-damage|p1a: Gogoat|330\/449
|
|-heal|p1a: Gogoat|358\/449|[from] item: Leftovers
|-damage|p2a: Golurk|55\/382 brn|[from] brn
|upkeep
|turn|33
|choice|move hornleech|switch 5
|
|switch|p2a: Shedinja|Shedinja|1\/1
|move|p1a: Gogoat|Horn Leech|p2a: Shedinja
|-immune|p2a: Shedinja|[msg]|[from] ability: Wonder Guard
|
|-heal|p1a: Gogoat|386\/449|[from] item: Leftovers
|upkeep
|turn|34
|choice|switch 4|switch 6
|
|switch|p2a: Jellicent|Jellicent, M|248\/404 brn
|switch|p1a: Arcanine|Arcanine, F|146\/383
|-ability|p1a: Arcanine|Intimidate|boost
|-unboost|p2a: Jellicent|atk|1
|
|-heal|p1a: Arcanine|169\/383|[from] item: Leftovers
|-damage|p2a: Jellicent|198\/404 brn|[from] brn
|upkeep
|turn|35
|choice|move wildcharge|move icebeam
|
|move|p1a: Arcanine|Wild Charge|p2a: Jellicent
|-supereffective|p2a: Jellicent
|-damage|p2a: Jellicent|0 fnt
|-damage|p1a: Arcanine|119\/383|[from] recoil|[of] p2a: Jellicent
|faint|p2a: Jellicent
|
|-heal|p1a: Arcanine|142\/383|[from] item: Leftovers
|upkeep
|choice||switch 4
|
|switch|p2a: Banette|Banette-Mega, F|15\/332
|turn|36
|choice|move morningsun|move shadowsneak
|
|move|p2a: Banette|Shadow Sneak|p1a: Arcanine
|-damage|p1a: Arcanine|79\/383
|move|p1a: Arcanine|Morning Sun|p1a: Arcanine
|-heal|p1a: Arcanine|270\/383
|
|-heal|p1a: Arcanine|293\/383|[from] item: Leftovers
|upkeep
|turn|37
|choice|move wildcharge|move destinybond
|
|move|p2a: Banette|Destiny Bond|p2a: Banette
|-singlemove|p2a: Banette|Destiny Bond
|move|p1a: Arcanine|Wild Charge|p2a: Banette
|-damage|p2a: Banette|0 fnt
|-damage|p1a: Arcanine|289\/383|[from] recoil|[of] p2a: Banette
|faint|p2a: Banette
|-activate|p2a: Banette|move: Destiny Bond
|faint|p1a: Arcanine
|
|upkeep
|choice|switch 2|switch 6
|
|switch|p1a: Jolteon|Jolteon, F|122\/271
|switch|p2a: Shedinja|Shedinja|1\/1
|turn|38
|choice|move shadowball|move swordsdance
|
|move|p1a: Jolteon|Shadow Ball|p2a: Shedinja
|-supereffective|p2a: Shedinja
|-enditem|p2a: Shedinja|Focus Sash
|-damage|p2a: Shedinja|1\/1
|-unboost|p2a: Shedinja|spd|1
|move|p2a: Shedinja|Swords Dance|p2a: Shedinja
|-boost|p2a: Shedinja|atk|2
|
|upkeep
|turn|39
|choice|switch 3|move shadowsneak
|
|switch|p1a: Milotic|Milotic, F|331\/394 brn
|move|p2a: Shedinja|Shadow Sneak|p1a: Milotic
|-damage|p1a: Milotic|228\/394 brn
|
|-heal|p1a: Milotic|252\/394 brn|[from] item: Leftovers
|-damage|p1a: Milotic|203\/394 brn|[from] brn
|upkeep
|turn|40
|choice|switch 5|move swordsdance
|
|switch|p1a: Flygon|Flygon, F|65\/301
|move|p2a: Shedinja|Swords Dance|p2a: Shedinja
|-boost|p2a: Shedinja|atk|2
|
|upkeep
|turn|41
|c|★Krooknotch|The suspence is killing me
|choice|switch 3|move shadowsneak
|
|switch|p1a: Jolteon|Jolteon, F|122\/271
|move|p2a: Shedinja|Shadow Sneak|p1a: Jolteon
|-damage|p1a: Jolteon|0 fnt
|faint|p1a: Jolteon
|
|upkeep
|c|★richiestryder|do you enjoy playing like this
|c|★Krooknotch|Like what?
|c|★richiestryder|with such a cheap tactic
|choice|switch 4|
|
|switch|p1a: Gogoat|Gogoat, M|386\/449
|turn|42
|c|★Krooknotch|A cheap tactic that dies to stealth rock or spikes...
|choice|move milkdrink|move xscissor
|
|move|p2a: Shedinja|X-Scissor|p1a: Gogoat
|-supereffective|p1a: Gogoat
|-damage|p1a: Gogoat|0 fnt
|faint|p1a: Gogoat
|
|upkeep
|choice|switch 5|
|
|switch|p1a: Milotic|Milotic, F|203\/394 brn
|turn|43
|choice|switch 3|move swordsdance
|
|switch|p1a: Flygon|Flygon, F|65\/301
|move|p2a: Shedinja|Swords Dance|p2a: Shedinja
|-boost|p2a: Shedinja|atk|2
|
|upkeep
|turn|44
|-message|richiestryder forfeited.
|
|win|Krooknotch
|player|p1
|player|p2
|l|richiestryder
|raw|richiestryder's rating: 1255 &rarr; <strong>1227<\/strong><br \/>(-28 for losing)
|raw|Krooknotch's rating: 1224 &rarr; <strong>1252<\/strong><br \/>(+28 for winning)
|c|★Krooknotch|Shedinja is the Gen 3 allstar</script>
</div>
<div class="battle-log battle-log-inline"><div class="inner"><div class="battle-options"></div><div class="inner"><div class="chat"><small>richiestryder joined.</small></div><div class="chat"><small>Krooknotch joined.</small></div><div class=""><small>Format:</small> <br><strong>UU</strong></div><div class="rated"><strong>Rated battle</strong></div><div class=""><small><em>Sleep Clause Mod:</em> Limit one foe put to sleep</small></div><div class=""><small><em>Species Clause:</em> Limit one of each Pokémon</small></div><div class=""><small><em>OHKO Clause:</em> OHKO moves are banned</small></div><div class=""><small><em>Moody Clause:</em> Moody is banned</small></div><div class=""><small><em>Evasion Moves Clause:</em> Evasion moves are banned</small></div><div class=""><small><em>Endless Battle Clause:</em> Forcing endless battles is banned</small></div><div class=""><small><em>HP Percentage Mod:</em> HP is shown in percentages</small></div><div class=""><small><em>Swagger Clause:</em> Swagger is banned</small></div><div class=""><small><em>Baton Pass Clause:</em> Limit one Baton Passer, can't pass Spe and other stats simultaneously</small></div><div class="chat battle-history"><strong>richiestryder's team:</strong> <em style="color:#445566;display:block;">Jolteon / Arcanine / Flygon / Gogoat / Milotic / Haxorus</em></div><div class="chat battle-history"><strong>Krooknotch's team:</strong> <em style="color:#445566;display:block;">Jellicent / Chandelure / Haunter / Golurk / Shedinja / Banette</em></div><div class="chat chatmessage-richiestryder"><strong style="color:hsl(281,40%,50.083764697497614%)"><small>★</small><span class="username" data-name="richiestryder">richiestryder</span>:</strong> <em>hello again lol</em></div><div class="spacer battle-history"><br></div><div class="battle-history">Battle started between richiestryder and Krooknotch!<br></div><div class="spacer battle-history"><br></div><div class="battle-history">Go! <strong>Jolteon</strong>!<br></div><div class="spacer battle-history"><br></div><div class="battle-history">Krooknotch sent out <strong>Banette</strong>!<br></div><div class="spacer battle-history"><br></div><h2 class="battle-history">Turn 1</h2><div class="spacer battle-history"><br></div><div class="battle-history"><small>The opposing Banette's Banettite is reacting to Krooknotch's Mega Bracelet!</small><br>The opposing Banette has Mega Evolved into Mega Banette!<br></div><div class="spacer battle-history"><br></div><div class="battle-history">The opposing Banette used <strong>Shadow Sneak</strong>!<br></div><div class="battle-history"><small>A critical hit!</small><br></div><div class="battle-history"><small>(Jolteon lost <abbr title="−156/271">57.6%</abbr> of its health!)</small><br></div><div class="spacer battle-history"><br></div><div class="battle-history">Jolteon used <strong>Shadow Ball</strong>!<br></div><div class="battle-history"><small>It's super effective!</small><br></div><div class="battle-history"><small>(The opposing Banette lost <abbr title="−216/332">65.1%</abbr> of its health!)</small><br></div><div class="battle-history"><small>The opposing Banette's Special Defense fell!</small><br></div><div class="spacer battle-history"><br></div><h2 class="battle-history">Turn 2</h2><div class="spacer battle-history"><br></div><div class="battle-history">Jolteon, come back!<br></div><div class="battle-history">Go! <strong>Arcanine</strong>!<br></div><div class="battle-history"><small>[Arcanine's Intimidate]</small><br></div><div class="battle-history"><small>The opposing Banette's Attack fell!</small><br></div><div class="spacer battle-history"><br></div><div class="battle-history">The opposing Banette used <strong>Shadow Sneak</strong>!<br></div><div class="battle-history"><small>(Arcanine lost <abbr title="−45/383">11.7%</abbr> of its health!)</small><br></div><div class="spacer battle-history"><br></div><div class="battle-history"><small>Arcanine restored a little HP using its Leftovers!</small><br></div><div class="spacer battle-history"><br></div><h2 class="battle-history">Turn 3</h2><div class="spacer battle-history"><br></div><div class="battle-history">Krooknotch withdrew Banette!<br></div><div class="battle-history">Krooknotch sent out <strong>Chandelure</strong>!<br></div><div class="spacer battle-history"><br></div><div class="battle-history">Arcanine used <strong>Will-O-Wisp</strong>!<br></div><div class="battle-history"><small>[The opposing Chandelure's Flash Fire]</small><br><small>The power of the opposing Chandelure's Fire-type moves rose!</small><br></div><div class="spacer battle-history"><br></div><div class="battle-history"><small>Arcanine restored a little HP using its Leftovers!</small><br></div><div class="spacer battle-history"><br></div><h2 class="battle-history">Turn 4</h2><div class="spacer battle-history"><br></div><div class="battle-history">Arcanine, come back!<br></div><div class="battle-history">Go! <strong>Milotic</strong>!<br></div><div class="spacer battle-history"><br></div><div class="battle-history">The opposing Chandelure used <strong>Hex</strong>!<br></div><div class="battle-history"><small>(Milotic lost <abbr title="−79/394">20.1%</abbr> of its health!)</small><br></div><div class="spacer battle-history"><br></div><div class="battle-history"><small>Milotic restored a little HP using its Leftovers!</small><br></div><div class="spacer battle-history"><br></div><h2 class="battle-history">Turn 5</h2><div class="spacer battle-history"><br></div><div class="battle-history">The opposing Chandelure used <strong>Will-O-Wisp</strong>!<br></div><div class="battle-history"><small>Milotic was burned!</small><br></div><div class="spacer battle-history"><br></div><div class="battle-history">Milotic used <strong>Scald</strong>!<br></div><div class="battle-history"><small>It's super effective!</small><br></div><div class="battle-history"><small>(The opposing Chandelure lost <abbr title="−188/261">72.0%</abbr> of its health!)</small><br></div><div class="spacer battle-history"><br></div><div class="battle-history"><small>The opposing Chandelure restored a little HP using its Leftovers!</small><br></div><div class="battle-history"><small>Milotic restored a little HP using its Leftovers!</small><br></div><div class="battle-history"><small>Milotic was hurt by its burn!</small><br></div><div class="spacer battle-history"><br></div><h2 class="battle-history">Turn 6</h2><div class="spacer battle-history"><br></div><div class="battle-history">Krooknotch withdrew Chandelure!<br></div><div class="battle-history">Krooknotch sent out <strong>Jellicent</strong>!<br></div><div class="spacer battle-history"><br></div><div class="battle-history">Milotic used <strong>Dragon Tail</strong>!<br></div><div class="battle-history"><small>(The opposing Jellicent lost <abbr title="−18/404">4.5%</abbr> of its health!)</small><br></div><div class="spacer battle-history"><br></div><div class="battle-history"><strong>Golurk</strong> was dragged out!<br></div><div class="spacer battle-history"><br></div><div class="battle-history"><small>Milotic restored a little HP using its Leftovers!</small><br></div><div class="battle-history"><small>Milotic was hurt by its burn!</small><br></div><div class="spacer battle-history"><br></div><h2 class="battle-history">Turn 7</h2><div class="spacer battle-history"><br></div><div class="battle-history">Krooknotch withdrew Golurk!<br></div><div class="battle-history">Krooknotch sent out <strong>Shedinja</strong>!<br></div><div class="spacer battle-history"><br></div><div class="battle-history">Milotic used <strong>Scald</strong>!<br></div><div class="battle-history"><small>[The opposing Shedinja's Wonder Guard]</small><br><small>It doesn't affect the opposing Shedinja...</small><br></div><div class="spacer battle-history"><br></div><div class="battle-history"><small>Milotic restored a little HP using its Leftovers!</small><br></div><div class="battle-history"><small>Milotic was hurt by its burn!</small><br></div><div class="spacer battle-history"><br></div><h2 class="battle-history">Turn 8</h2><div class="spacer battle-history"><br></div><div class="battle-history">Milotic, come back!<br></div><div class="battle-history">Go! <strong>Flygon</strong>!<br></div><div class="spacer battle-history"><br></div><div class="battle-history">The opposing Shedinja used <strong>Swords Dance</strong>!<br></div><div class="battle-history"><small>The opposing Shedinja's Attack rose sharply!</small><br></div><div class="spacer battle-history"><br></div><h2 class="battle-history">Turn 9</h2><div class="spacer battle-history"><br></div><div class="battle-history">Flygon used <strong>U-turn</strong>!<br></div><div class="battle-history"><small>[The opposing Shedinja's Wonder Guard]</small><br><small>It doesn't affect the opposing Shedinja...</small><br></div><div class="spacer battle-history"><br></div><div class="battle-history">The opposing Shedinja used <strong>Return</strong>!<br></div><div class="battle-history"><small>(Flygon lost <abbr title="−236/301">78.4%</abbr> of its health!)</small><br></div><div class="spacer battle-history"><br></div><h2 class="battle-history">Turn 10</h2><div class="spacer battle-history"><br></div><div class="battle-history">Flygon went back to richiestryder!<br></div><div class="battle-history">Go! <strong>Arcanine</strong>!<br></div><div class="battle-history"><small>[Arcanine's Intimidate]</small><br></div><div class="battle-history"><small>The opposing Shedinja's Attack fell!</small><br></div><div class="spacer battle-history"><br></div><div class="battle-history">The opposing Shedinja used <strong>Swords Dance</strong>!<br></div><div class="battle-history"><small>The opposing Shedinja's Attack rose sharply!</small><br></div><div class="spacer battle-history"><br></div><h2 class="battle-history">Turn 11</h2><div class="spacer battle-history"><br></div><div class="battle-history">Krooknotch withdrew Shedinja!<br></div><div class="battle-history">Krooknotch sent out <strong>Chandelure</strong>!<br></div><div class="spacer battle-history"><br></div><div class="battle-history">Arcanine used <strong>Will-O-Wisp</strong>!<br></div><div class="battle-history"><small>[The opposing Chandelure's Flash Fire]</small><br><small>The power of the opposing Chandelure's Fire-type moves rose!</small><br></div><div class="spacer battle-history"><br></div><div class="battle-history"><small>The opposing Chandelure restored a little HP using its Leftovers!</small><br></div><div class="spacer battle-history"><br></div><h2 class="battle-history">Turn 12</h2><div class="spacer battle-history"><br></div><div class="battle-history">Arcanine, come back!<br></div><div class="battle-history">Go! <strong>Milotic</strong>!<br></div><div class="spacer battle-history"><br></div><div class="battle-history">The opposing Chandelure used <strong>Pain Split</strong>!<br></div><div class="battle-history"><small>The battlers shared their pain!</small><br></div><div class="spacer battle-history"><br></div><div class="battle-history"><small>The opposing Chandelure restored a little HP using its Leftovers!</small><br></div><div class="battle-history"><small>Milotic restored a little HP using its Leftovers!</small><br></div><div class="battle-history"><small>Milotic was hurt by its burn!</small><br></div><div class="spacer battle-history"><br></div><h2 class="battle-history">Turn 13</h2><div class="spacer battle-history"><br></div><div class="battle-history">Krooknotch withdrew Chandelure!<br></div><div class="battle-history">Krooknotch sent out <strong>Shedinja</strong>!<br></div><div class="spacer battle-history"><br></div><div class="battle-history">Milotic used <strong>Recover</strong>!<br></div><div class="battle-history"><small>Milotic restored its HP.</small><br></div><div class="spacer battle-history"><br></div><div class="battle-history"><small>Milotic restored a little HP using its Leftovers!</small><br></div><div class="battle-history"><small>Milotic was hurt by its burn!</small><br></div><div class="spacer battle-history"><br></div><h2 class="battle-history">Turn 14</h2><div class="chat"><small>fddfssff joined.</small></div><div class="spacer battle-history"><br></div><div class="battle-history">Milotic, come back!<br></div><div class="battle-history">Go! <strong>Arcanine</strong>!<br></div><div class="battle-history"><small>[Arcanine's Intimidate]</small><br></div><div class="battle-history"><small>The opposing Shedinja's Attack fell!</small><br></div><div class="spacer battle-history"><br></div><div class="battle-history">The opposing Shedinja used <strong>Swords Dance</strong>!<br></div><div class="battle-history"><small>The opposing Shedinja's Attack rose sharply!</small><br></div><div class="spacer battle-history"><br></div><h2 class="battle-history">Turn 15</h2><div class="spacer battle-history"><br></div><div class="battle-history">Krooknotch withdrew Shedinja!<br></div><div class="battle-history">Krooknotch sent out <strong>Chandelure</strong>!<br></div><div class="spacer battle-history"><br></div><div class="battle-history">Arcanine used <strong>Wild Charge</strong>!<br></div><div class="battle-history"><small>(The opposing Chandelure lost <abbr title="−86/261">33.0%</abbr> of its health!)</small><br></div><div class="battle-history"><small>Arcanine is damaged by the recoil!</small><br></div><div class="spacer battle-history"><br></div><div class="battle-history"><small>The opposing Chandelure restored a little HP using its Leftovers!</small><br></div><div class="battle-history"><small>Arcanine restored a little HP using its Leftovers!</small><br></div><div class="spacer battle-history"><br></div><h2 class="battle-history">Turn 16</h2><div class="spacer battle-history"><br></div><div class="battle-history">Arcanine, come back!<br></div><div class="battle-history">Go! <strong>Jolteon</strong>!<br></div><div class="spacer battle-history"><br></div><div class="battle-history">The opposing Chandelure used <strong>Pain Split</strong>!<br></div><div class="battle-history"><small>The battlers shared their pain!</small><br></div><div class="spacer battle-history"><br></div><div class="battle-history"><small>The opposing Chandelure restored a little HP using its Leftovers!</small><br></div><div class="spacer battle-history"><br></div><h2 class="battle-history">Turn 17</h2><div class="spacer battle-history"><br></div><div class="battle-history">Jolteon used <strong>Shadow Ball</strong>!<br></div><div class="battle-history"><small>It's super effective!</small><br></div><div class="battle-history"><small>(The opposing Chandelure lost <abbr title="−138/261">52.9%</abbr> of its health!)</small><br></div><div class="spacer battle-history"><br></div><div class="battle-history">The opposing Chandelure fainted!<br></div><div class="spacer battle-history"><br></div><div class="battle-history">Krooknotch sent out Banette (<strong>Banette-Mega</strong>)!<br></div><div class="spacer battle-history"><br></div><h2 class="battle-history">Turn 18</h2><div class="spacer battle-history"><br></div><div class="battle-history">Jolteon, come back!<br></div><div class="battle-history">Go! <strong>Arcanine</strong>!<br></div><div class="battle-history"><small>[Arcanine's Intimidate]</small><br></div><div class="battle-history"><small>The opposing Banette's Attack fell!</small><br></div><div class="spacer battle-history"><br></div><div class="battle-history">The opposing Banette used <strong>Shadow Sneak</strong>!<br></div><div class="battle-history"><small>(Arcanine lost <abbr title="−43/383">11.2%</abbr> of its health!)</small><br></div><div class="spacer battle-history"><br></div><div class="battle-history"><small>Arcanine restored a little HP using its Leftovers!</small><br></div><div class="spacer battle-history"><br></div><h2 class="battle-history">Turn 19</h2><div class="spacer battle-history"><br></div><div class="battle-history">The opposing Banette used <strong>Destiny Bond</strong>!<br></div><div class="battle-history">The opposing Banette is hoping to take its attacker down with it!<br></div><div class="spacer battle-history"><br></div><div class="battle-history">Arcanine used <strong>Wild Charge</strong>!<br></div><div class="battle-history"><small>(The opposing Banette lost <abbr title="−101/332">30.4%</abbr> of its health!)</small><br></div><div class="battle-history"><small>Arcanine is damaged by the recoil!</small><br></div><div class="spacer battle-history"><br></div><div class="battle-history"><small>Arcanine restored a little HP using its Leftovers!</small><br></div><div class="spacer battle-history"><br></div><h2 class="battle-history">Turn 20</h2><div class="chat chatmessage-fddfssff"><strong style="color:hsl(36,59%,41%)"><small> </small><span class="username" data-name="fddfssff">fddfssff</span>:</strong> <em>Krooknotch eres el puto amo</em></div><div class="chat chatmessage-richiestryder"><strong style="color:hsl(281,40%,50.083764697497614%)"><small>★</small><span class="username" data-name="richiestryder">richiestryder</span>:</strong> <em>krooknotch es en amor de la ghosts</em></div><div class="chat chatmessage-fddfssff"><strong style="color:hsl(36,59%,41%)"><small> </small><span class="username" data-name="fddfssff">fddfssff</span>:</strong> <em>si</em></div><div class="chat chatmessage-richiestryder"><strong style="color:hsl(281,40%,50.083764697497614%)"><small>★</small><span class="username" data-name="richiestryder">richiestryder</span>:</strong> <em>con la ghosts</em></div><div class="chat chatmessage-richiestryder"><strong style="color:hsl(281,40%,50.083764697497614%)"><small>★</small><span class="username" data-name="richiestryder">richiestryder</span>:</strong> <em>mi espanol es muy pocilo</em></div><div class="chat"><small>fddfssff left.</small></div><div class="spacer battle-history"><br></div><div class="battle-history">Krooknotch withdrew Banette!<br></div><div class="battle-history">Krooknotch sent out <strong>Jellicent</strong>!<br></div><div class="spacer battle-history"><br></div><div class="battle-history">Arcanine used <strong>Morning Sun</strong>!<br></div><div class="battle-history"><small>Arcanine restored its HP.</small><br></div><div class="spacer battle-history"><br></div><h2 class="battle-history">Turn 21</h2><div class="spacer battle-history"><br></div><div class="battle-history">Arcanine, come back!<br></div><div class="battle-history">Go! <strong>Gogoat</strong>!<br></div><div class="spacer battle-history"><br></div><div class="battle-history">The opposing Jellicent used <strong>Hydro Pump</strong>!<br></div><div class="battle-history"><small>It's not very effective...</small><br></div><div class="battle-history"><small>(Gogoat lost <abbr title="−87/449">19.4%</abbr> of its health!)</small><br></div><div class="spacer battle-history"><br></div><div class="battle-history"><small>Gogoat restored a little HP using its Leftovers!</small><br></div><div class="spacer battle-history"><br></div><h2 class="battle-history">Turn 22</h2><div class="spacer battle-history"><br></div><div class="battle-history">Gogoat used <strong>Horn Leech</strong>!<br></div><div class="battle-history"><small>It's super effective!</small><br></div><div class="battle-history"><small>(The opposing Jellicent lost <abbr title="−240/404">59.4%</abbr> of its health!)</small><br></div><div class="battle-history"><small>The opposing Jellicent had its energy drained!</small><br></div><div class="battle-history"><small>(The opposing Jellicent used its Weakness Policy!)</small><br></div><div class="battle-history"><small>The opposing Jellicent's Attack rose sharply!</small><br></div><div class="battle-history"><small>The opposing Jellicent's Special Attack rose sharply!</small><br></div><div class="spacer battle-history"><br></div><div class="battle-history">The opposing Jellicent used <strong>Ice Beam</strong>!<br></div><div class="battle-history"><small>It's super effective!</small><br></div><div class="battle-history"><small>(Gogoat lost <abbr title="−374/449">83.3%</abbr> of its health!)</small><br></div><div class="spacer battle-history"><br></div><div class="battle-history"><small>Gogoat restored a little HP using its Leftovers!</small><br></div><div class="spacer battle-history"><br></div><h2 class="battle-history">Turn 23</h2><div class="spacer battle-history"><br></div><div class="battle-history">Krooknotch withdrew Jellicent!<br></div><div class="battle-history">Krooknotch sent out <strong>Shedinja</strong>!<br></div><div class="spacer battle-history"><br></div><div class="battle-history">Gogoat used <strong>Horn Leech</strong>!<br></div><div class="battle-history"><small>[The opposing Shedinja's Wonder Guard]</small><br><small>It doesn't affect the opposing Shedinja...</small><br></div><div class="spacer battle-history"><br></div><div class="battle-history"><small>Gogoat restored a little HP using its Leftovers!</small><br></div><div class="spacer battle-history"><br></div><h2 class="battle-history">Turn 24</h2><div class="chat chatmessage-richiestryder"><strong style="color:hsl(281,40%,50.083764697497614%)"><small>★</small><span class="username" data-name="richiestryder">richiestryder</span>:</strong> <em>i can respect that</em></div><div class="spacer battle-history"><br></div><div class="battle-history">Gogoat, come back!<br></div><div class="battle-history">Go! <strong>Arcanine</strong>!<br></div><div class="battle-history"><small>[Arcanine's Intimidate]</small><br></div><div class="battle-history"><small>The opposing Shedinja's Attack fell!</small><br></div><div class="spacer battle-history"><br></div><div class="battle-history">The opposing Shedinja used <strong>X-Scissor</strong>!<br></div><div class="battle-history"><small>It's not very effective...</small><br></div><div class="battle-history"><small>(Arcanine lost <abbr title="−33/383">8.6%</abbr> of its health!)</small><br></div><div class="spacer battle-history"><br></div><div class="battle-history"><small>Arcanine restored a little HP using its Leftovers!</small><br></div><div class="spacer battle-history"><br></div><h2 class="battle-history">Turn 25</h2><div class="spacer battle-history"><br></div><div class="battle-history">Krooknotch withdrew Shedinja!<br></div><div class="battle-history">Krooknotch sent out <strong>Jellicent</strong>!<br></div><div class="spacer battle-history"><br></div><div class="battle-history">Arcanine used <strong>Will-O-Wisp</strong>!<br></div><div class="battle-history"><small>The opposing Jellicent was burned!</small><br></div><div class="spacer battle-history"><br></div><div class="battle-history"><small>Arcanine restored a little HP using its Leftovers!</small><br></div><div class="battle-history"><small>The opposing Jellicent was hurt by its burn!</small><br></div><div class="spacer battle-history"><br></div><h2 class="battle-history">Turn 26</h2><div class="spacer battle-history"><br></div><div class="battle-history">Arcanine, come back!<br></div><div class="battle-history">Go! <strong>Gogoat</strong>!<br></div><div class="spacer battle-history"><br></div><div class="battle-history">The opposing Jellicent used <strong>Recover</strong>!<br></div><div class="battle-history"><small>The opposing Jellicent restored its HP.</small><br></div><div class="spacer battle-history"><br></div><div class="battle-history"><small>Gogoat restored a little HP using its Leftovers!</small><br></div><div class="battle-history"><small>The opposing Jellicent was hurt by its burn!</small><br></div><div class="spacer battle-history"><br></div><h2 class="battle-history">Turn 27</h2><div class="spacer battle-history"><br></div><div class="battle-history">Krooknotch withdrew Jellicent!<br></div><div class="battle-history">Krooknotch sent out <strong>Shedinja</strong>!<br></div><div class="spacer battle-history"><br></div><div class="battle-history">Gogoat used <strong>Milk Drink</strong>!<br></div><div class="battle-history"><small>Gogoat restored its HP.</small><br></div><div class="spacer battle-history"><br></div><div class="battle-history"><small>Gogoat restored a little HP using its Leftovers!</small><br></div><div class="spacer battle-history"><br></div><h2 class="battle-history">Turn 28</h2><div class="spacer battle-history"><br></div><div class="battle-history">Gogoat, come back!<br></div><div class="battle-history">Go! <strong>Arcanine</strong>!<br></div><div class="battle-history"><small>[Arcanine's Intimidate]</small><br></div><div class="battle-history"><small>The opposing Shedinja's Attack fell!</small><br></div><div class="spacer battle-history"><br></div><div class="battle-history">The opposing Shedinja used <strong>Return</strong>!<br></div><div class="battle-history"><small>(Arcanine lost <abbr title="−60/383">15.7%</abbr> of its health!)</small><br></div><div class="spacer battle-history"><br></div><div class="battle-history"><small>Arcanine restored a little HP using its Leftovers!</small><br></div><div class="spacer battle-history"><br></div><h2 class="battle-history">Turn 29</h2><div class="spacer battle-history"><br></div><div class="battle-history">Krooknotch withdrew Shedinja!<br></div><div class="battle-history">Krooknotch sent out <strong>Golurk</strong>!<br></div><div class="spacer battle-history"><br></div><div class="battle-history">Arcanine used <strong>Overheat</strong>!<br></div><div class="battle-history"><small>(The opposing Golurk lost <abbr title="−186/382">48.7%</abbr> of its health!)</small><br></div><div class="battle-history"><small>Arcanine's Special Attack fell harshly!</small><br></div><div class="spacer battle-history"><br></div><div class="battle-history"><small>Arcanine restored a little HP using its Leftovers!</small><br></div><div class="spacer battle-history"><br></div><h2 class="battle-history">Turn 30</h2><div class="spacer battle-history"><br></div><div class="battle-history">Arcanine used <strong>Will-O-Wisp</strong>!<br></div><div class="battle-history"><small>The opposing Golurk was burned!</small><br></div><div class="spacer battle-history"><br></div><div class="battle-history">The opposing Golurk used <strong>Earthquake</strong>!<br></div><div class="battle-history"><small>It's super effective!</small><br></div><div class="battle-history"><small>(Arcanine lost <abbr title="−241/383">62.9%</abbr> of its health!)</small><br></div><div class="spacer battle-history"><br></div><div class="battle-history"><small>Arcanine restored a little HP using its Leftovers!</small><br></div><div class="battle-history"><small>The opposing Golurk was hurt by its burn!</small><br></div><div class="spacer battle-history"><br></div><h2 class="battle-history">Turn 31</h2><div class="spacer battle-history"><br></div><div class="battle-history">Arcanine used <strong>Morning Sun</strong>!<br></div><div class="battle-history"><small>Arcanine restored its HP.</small><br></div><div class="spacer battle-history"><br></div><div class="battle-history">The opposing Golurk used <strong>Earthquake</strong>!<br></div><div class="battle-history"><small>It's super effective!</small><br></div><div class="battle-history"><small>(Arcanine lost <abbr title="−219/383">57.2%</abbr> of its health!)</small><br></div><div class="spacer battle-history"><br></div><div class="battle-history"><small>Arcanine restored a little HP using its Leftovers!</small><br></div><div class="battle-history"><small>The opposing Golurk was hurt by its burn!</small><br></div><div class="spacer battle-history"><br></div><h2 class="battle-history">Turn 32</h2><div class="chat"><small>fddfssff joined.</small></div><div class="spacer battle-history"><br></div><div class="battle-history">Arcanine, come back!<br></div><div class="battle-history">Go! <strong>Gogoat</strong>!<br></div><div class="spacer battle-history"><br></div><div class="battle-history">The opposing Golurk used <strong>Earthquake</strong>!<br></div><div class="battle-history"><small>It's not very effective...</small><br></div><div class="battle-history"><small>(Gogoat lost <abbr title="−82/449">18.3%</abbr> of its health!)</small><br></div><div class="spacer battle-history"><br></div><div class="battle-history"><small>Gogoat restored a little HP using its Leftovers!</small><br></div><div class="battle-history"><small>The opposing Golurk was hurt by its burn!</small><br></div><div class="spacer battle-history"><br></div><h2 class="battle-history">Turn 33</h2><div class="spacer battle-history"><br></div><div class="battle-history">Krooknotch withdrew Golurk!<br></div><div class="battle-history">Krooknotch sent out <strong>Shedinja</strong>!<br></div><div class="spacer battle-history"><br></div><div class="battle-history">Gogoat used <strong>Horn Leech</strong>!<br></div><div class="battle-history"><small>[The opposing Shedinja's Wonder Guard]</small><br><small>It doesn't affect the opposing Shedinja...</small><br></div><div class="spacer battle-history"><br></div><div class="battle-history"><small>Gogoat restored a little HP using its Leftovers!</small><br></div><div class="spacer battle-history"><br></div><h2 class="battle-history">Turn 34</h2><div class="spacer battle-history"><br></div><div class="battle-history">Krooknotch withdrew Shedinja!<br></div><div class="battle-history">Krooknotch sent out <strong>Jellicent</strong>!<br></div><div class="spacer battle-history"><br></div><div class="battle-history">Gogoat, come back!<br></div><div class="battle-history">Go! <strong>Arcanine</strong>!<br></div><div class="battle-history"><small>[Arcanine's Intimidate]</small><br></div><div class="battle-history"><small>The opposing Jellicent's Attack fell!</small><br></div><div class="spacer battle-history"><br></div><div class="battle-history"><small>Arcanine restored a little HP using its Leftovers!</small><br></div><div class="battle-history"><small>The opposing Jellicent was hurt by its burn!</small><br></div><div class="spacer battle-history"><br></div><h2 class="battle-history">Turn 35</h2><div class="spacer battle-history"><br></div><div class="battle-history">Arcanine used <strong>Wild Charge</strong>!<br></div><div class="battle-history"><small>It's super effective!</small><br></div><div class="battle-history"><small>(The opposing Jellicent lost <abbr title="−198/404">49.0%</abbr> of its health!)</small><br></div><div class="battle-history"><small>Arcanine is damaged by the recoil!</small><br></div><div class="spacer battle-history"><br></div><div class="battle-history">The opposing Jellicent fainted!<br></div><div class="spacer battle-history"><br></div><div class="battle-history"><small>Arcanine restored a little HP using its Leftovers!</small><br></div><div class="spacer battle-history"><br></div><div class="battle-history">Krooknotch sent out Banette (<strong>Banette-Mega</strong>)!<br></div><div class="spacer battle-history"><br></div><h2 class="battle-history">Turn 36</h2><div class="spacer battle-history"><br></div><div class="battle-history">The opposing Banette used <strong>Shadow Sneak</strong>!<br></div><div class="battle-history"><small>(Arcanine lost <abbr title="−63/383">16.4%</abbr> of its health!)</small><br></div><div class="spacer battle-history"><br></div><div class="battle-history">Arcanine used <strong>Morning Sun</strong>!<br></div><div class="battle-history"><small>Arcanine restored its HP.</small><br></div><div class="spacer battle-history"><br></div><div class="battle-history"><small>Arcanine restored a little HP using its Leftovers!</small><br></div><div class="spacer battle-history"><br></div><h2 class="battle-history">Turn 37</h2><div class="spacer battle-history"><br></div><div class="battle-history">The opposing Banette used <strong>Destiny Bond</strong>!<br></div><div class="battle-history">The opposing Banette is hoping to take its attacker down with it!<br></div><div class="spacer battle-history"><br></div><div class="battle-history">Arcanine used <strong>Wild Charge</strong>!<br></div><div class="battle-history"><small>(The opposing Banette lost <abbr title="−15/332">4.5%</abbr> of its health!)</small><br></div><div class="battle-history"><small>Arcanine is damaged by the recoil!</small><br></div><div class="spacer battle-history"><br></div><div class="battle-history">The opposing Banette fainted!<br></div><div class="battle-history"><small>The opposing Banette took its attacker down with it!</small><br></div><div class="spacer battle-history"><br></div><div class="battle-history">Arcanine fainted!<br></div><div class="spacer battle-history"><br></div><div class="battle-history">Go! <strong>Jolteon</strong>!<br></div><div class="spacer battle-history"><br></div><div class="battle-history">Krooknotch sent out <strong>Shedinja</strong>!<br></div><div class="spacer battle-history"><br></div><h2 class="battle-history">Turn 38</h2><div class="spacer battle-history"><br></div><div class="battle-history">Jolteon used <strong>Shadow Ball</strong>!<br></div><div class="battle-history"><small>It's super effective!</small><br></div><div class="battle-history"><small>The opposing Shedinja hung on using its Focus Sash!</small><br></div><div class="battle-history"><small>(The opposing Shedinja lost <abbr title="0/1">0%</abbr> of its health!)</small><br></div><div class="battle-history"><small>The opposing Shedinja's Special Defense fell!</small><br></div><div class="spacer battle-history"><br></div><div class="battle-history">The opposing Shedinja used <strong>Swords Dance</strong>!<br></div><div class="battle-history"><small>The opposing Shedinja's Attack rose sharply!</small><br></div><div class="spacer battle-history"><br></div><h2 class="battle-history">Turn 39</h2><div class="spacer battle-history"><br></div><div class="battle-history">Jolteon, come back!<br></div><div class="battle-history">Go! <strong>Milotic</strong>!<br></div><div class="spacer battle-history"><br></div><div class="battle-history">The opposing Shedinja used <strong>Shadow Sneak</strong>!<br></div><div class="battle-history"><small>(Milotic lost <abbr title="−103/394">26.1%</abbr> of its health!)</small><br></div><div class="spacer battle-history"><br></div><div class="battle-history"><small>Milotic restored a little HP using its Leftovers!</small><br></div><div class="battle-history"><small>Milotic was hurt by its burn!</small><br></div><div class="spacer battle-history"><br></div><h2 class="battle-history">Turn 40</h2><div class="spacer battle-history"><br></div><div class="battle-history">Milotic, come back!<br></div><div class="battle-history">Go! <strong>Flygon</strong>!<br></div><div class="spacer battle-history"><br></div><div class="battle-history">The opposing Shedinja used <strong>Swords Dance</strong>!<br></div><div class="battle-history"><small>The opposing Shedinja's Attack rose sharply!</small><br></div><div class="spacer battle-history"><br></div><h2 class="battle-history">Turn 41</h2><div class="chat chatmessage-krooknotch"><strong style="color:hsl(183,76%,40.920871171268274%)"><small>★</small><span class="username" data-name="Krooknotch">Krooknotch</span>:</strong> <em>The suspence is killing me</em></div><div class="spacer battle-history"><br></div><div class="battle-history">Flygon, come back!<br></div><div class="battle-history">Go! <strong>Jolteon</strong>!<br></div><div class="spacer battle-history"><br></div><div class="battle-history">The opposing Shedinja used <strong>Shadow Sneak</strong>!<br></div><div class="battle-history"><small>(Jolteon lost <abbr title="−122/271">45.0%</abbr> of its health!)</small><br></div><div class="spacer battle-history"><br></div><div class="battle-history">Jolteon fainted!<br></div><div class="chat chatmessage-richiestryder"><strong style="color:hsl(281,40%,50.083764697497614%)"><small>★</small><span class="username" data-name="richiestryder">richiestryder</span>:</strong> <em>do you enjoy playing like this</em></div><div class="chat chatmessage-krooknotch"><strong style="color:hsl(183,76%,40.920871171268274%)"><small>★</small><span class="username" data-name="Krooknotch">Krooknotch</span>:</strong> <em>Like what?</em></div><div class="chat chatmessage-richiestryder"><strong style="color:hsl(281,40%,50.083764697497614%)"><small>★</small><span class="username" data-name="richiestryder">richiestryder</span>:</strong> <em>with such a cheap tactic</em></div><div class="spacer battle-history"><br></div><div class="battle-history">Go! <strong>Gogoat</strong>!<br></div><div class="spacer battle-history"><br></div><h2 class="battle-history">Turn 42</h2><div class="chat chatmessage-krooknotch"><strong style="color:hsl(183,76%,40.920871171268274%)"><small>★</small><span class="username" data-name="Krooknotch">Krooknotch</span>:</strong> <em>A cheap tactic that dies to stealth rock or spikes...</em></div><div class="spacer battle-history"><br></div><div class="battle-history">The opposing Shedinja used <strong>X-Scissor</strong>!<br></div><div class="battle-history"><small>It's super effective!</small><br></div><div class="battle-history"><small>(Gogoat lost <abbr title="−386/449">86.0%</abbr> of its health!)</small><br></div><div class="spacer battle-history"><br></div><div class="battle-history">Gogoat fainted!<br></div><div class="spacer battle-history"><br></div><div class="battle-history">Go! <strong>Milotic</strong>!<br></div><div class="spacer battle-history"><br></div><h2 class="battle-history">Turn 43</h2><div class="spacer battle-history"><br></div><div class="battle-history">Milotic, come back!<br></div><div class="battle-history">Go! <strong>Flygon</strong>!<br></div><div class="spacer battle-history"><br></div><div class="battle-history">The opposing Shedinja used <strong>Swords Dance</strong>!<br></div><div class="battle-history"><small>The opposing Shedinja's Attack rose sharply!</small><br></div><div class="spacer battle-history"><br></div><h2 class="battle-history">Turn 44</h2><div class="spacer battle-history"><br></div><div class="battle-history"><small>richiestryder forfeited.</small><br></div><div class="spacer battle-history"><br></div><div class="battle-history"><strong>Krooknotch</strong> won the battle!<br></div><div class="chat"><small>richiestryder left.</small></div><div class="chat">richiestryder's rating: 1255 → <strong>1227</strong><br>(-28 for losing)</div><div class="chat">Krooknotch's rating: 1224 → <strong>1252</strong><br>(+28 for winning)</div><div class="chat chatmessage-krooknotch"><strong style="color:hsl(183,76%,40.920871171268274%)"><small>★</small><span class="username" data-name="Krooknotch">Krooknotch</span>:</strong> <em>Shedinja is the Gen 3 allstar</em></div></div><div class="inner-preempt"></div></div></div>
</div>
<script>
let daily = Math.floor(Date.now()/1000/60/60/24);document.write('<script src="https://play.pokemonshowdown.com/js/replay-embed.js?version'+daily+'"></'+'script>');
</script>
