<!DOCTYPE html>
<meta charset="utf-8" />
<!-- version 1 -->
<title>UU replay: LCezasfuck vs. TheJ3estPenguin</title>
<style>
html,body {font-family:Verdana, sans-serif;font-size:10pt;margin:0;padding:0;}body{padding:12px 0;} .battle-log {font-family:Verdana, sans-serif;font-size:10pt;} .battle-log-inline {border:1px solid #AAAAAA;background:#EEF2F5;color:black;max-width:640px;margin:0 auto 80px;padding-bottom:5px;} .battle-log .inner {padding:4px 8px 0px 8px;} .battle-log .inner-preempt {padding:0 8px 4px 8px;} .battle-log .inner-after {margin-top:0.5em;} .battle-log h2 {margin:0.5em -8px;padding:4px 8px;border:1px solid #AAAAAA;background:#E0E7EA;border-left:0;border-right:0;font-family:Verdana, sans-serif;font-size:13pt;} .battle-log .chat {vertical-align:middle;padding:3px 0 3px 0;font-size:8pt;} .battle-log .chat strong {color:#40576A;} .battle-log .chat em {padding:1px 4px 1px 3px;color:#000000;font-style:normal;} .chat.mine {background:rgba(0,0,0,0.05);margin-left:-8px;margin-right:-8px;padding-left:8px;padding-right:8px;} .spoiler {color:#BBBBBB;background:#BBBBBB;padding:0px 3px;} .spoiler:hover, .spoiler:active, .spoiler-shown {color:#000000;background:#E2E2E2;padding:0px 3px;} .spoiler a {color:#BBBBBB;} .spoiler:hover a, .spoiler:active a, .spoiler-shown a {color:#2288CC;} .chat code, .chat .spoiler:hover code, .chat .spoiler:active code, .chat .spoiler-shown code {border:1px solid #C0C0C0;background:#EEEEEE;color:black;padding:0 2px;} .chat .spoiler code {border:1px solid #CCCCCC;background:#CCCCCC;color:#CCCCCC;} .battle-log .rated {padding:3px 4px;} .battle-log .rated strong {color:white;background:#89A;padding:1px 4px;border-radius:4px;} .spacer {margin-top:0.5em;} .message-announce {background:#6688AA;color:white;padding:1px 4px 2px;} .message-announce a, .broadcast-green a, .broadcast-blue a, .broadcast-red a {color:#DDEEFF;} .broadcast-green {background-color:#559955;color:white;padding:2px 4px;} .broadcast-blue {background-color:#6688AA;color:white;padding:2px 4px;} .infobox {border:1px solid #6688AA;padding:2px 4px;} .infobox-limited {max-height:200px;overflow:auto;overflow-x:hidden;} .broadcast-red {background-color:#AA5544;color:white;padding:2px 4px;} .message-learn-canlearn {font-weight:bold;color:#228822;text-decoration:underline;} .message-learn-cannotlearn {font-weight:bold;color:#CC2222;text-decoration:underline;} .message-effect-weak {font-weight:bold;color:#CC2222;} .message-effect-resist {font-weight:bold;color:#6688AA;} .message-effect-immune {font-weight:bold;color:#666666;} .message-learn-list {margin-top:0;margin-bottom:0;} .message-throttle-notice, .message-error {color:#992222;} .message-overflow, .chat small.message-overflow {font-size:0pt;} .message-overflow::before {font-size:9pt;content:'...';} .subtle {color:#3A4A66;}
</style>
<div class="wrapper replay-wrapper" style="max-width:1180px;margin:0 auto">
<input type="hidden" name="replayid" value="uu-534359397" />
<div class="battle"></div><div class="battle-log"></div><div class="replay-controls"></div><div class="replay-controls-2"></div>
<h1 style="font-weight:normal;text-align:center"><strong>UU</strong><br /><a href="http://pokemonshowdown.com/users/lcezasfuck" class="subtle" target="_blank">LCezasfuck</a> vs. <a href="http://pokemonshowdown.com/users/thej3estpenguin" class="subtle" target="_blank">TheJ3estPenguin</a></h1>
<script type="text/plain" class="battle-log-data">|j|LCezasfuck
|j|TheJ3estPenguin
|player|p1|LCezasfuck|184
|player|p2|TheJ3estPenguin|290
|gametype|singles
|gen|6
|tier|UU
|seed|16560,18078,25067,44101
|rule|Sleep Clause Mod: Limit one foe put to sleep
|rule|Species Clause: Limit one of each Pokémon
|rule|OHKO Clause: OHKO moves are banned
|rule|Moody Clause: Moody is banned
|rule|Evasion Moves Clause: Evasion moves are banned
|rule|Endless Battle Clause: Forcing endless battles is banned
|rule|HP Percentage Mod: HP is shown in percentages
|clearpoke
|poke|p1|Aggron, F|item
|poke|p1|Blissey, F|item
|poke|p1|Suicune|item
|poke|p1|Cresselia, F|item
|poke|p1|Mandibuzz, F|item
|poke|p1|Quagsire, F|item
|poke|p2|Hydreigon, F|item
|poke|p2|Celebi|item
|poke|p2|Arcanine, F|item
|poke|p2|Blastoise, F|item
|poke|p2|Mienshao, F|item
|poke|p2|Metagross|item
|rule|Swagger Clause: Swagger is banned
|rule|Baton Pass Clause: Limit one Baton Passer, can't pass Spe and other stats simultaneously
|teampreview
|c|★TheJ3estPenguin|on no
|c|★TheJ3estPenguin|noooo
|c|★TheJ3estPenguin|a blissey
|c|★TheJ3estPenguin|does this game want me to lose ;-;
|choice|team 1, team 2, team 3, team 4, team 5, team 6|team 6, team 2, team 3, team 4, team 5, team 1
|
|start
|switch|p1a: Aggron|Aggron, F|343\/343
|switch|p2a: Metagross|Metagross|301\/301
|turn|1
|choice|move earthquake mega|move earthquake
|
|detailschange|p1a: Aggron|Aggron-Mega, F
|-mega|p1a: Aggron|Aggron|Aggronite
|move|p2a: Metagross|Earthquake|p1a: Aggron
|-supereffective|p1a: Aggron
|-damage|p1a: Aggron|246\/343
|-damage|p2a: Metagross|271\/301|[from] item: Life Orb
|move|p1a: Aggron|Earthquake|p2a: Metagross
|-supereffective|p2a: Metagross
|-damage|p2a: Metagross|89\/301
|
|upkeep
|turn|2
|choice|move stealthrock|move earthquake
|
|move|p2a: Metagross|Earthquake|p1a: Aggron
|-supereffective|p1a: Aggron
|-damage|p1a: Aggron|147\/343
|-damage|p2a: Metagross|59\/301|[from] item: Life Orb
|move|p1a: Aggron|Stealth Rock|p2a: Metagross
|-sidestart|p2: TheJ3estPenguin|move: Stealth Rock
|
|upkeep
|turn|3
|choice|move rest|move earthquake
|
|move|p2a: Metagross|Earthquake|p1a: Aggron
|-supereffective|p1a: Aggron
|-damage|p1a: Aggron|46\/343
|-damage|p2a: Metagross|29\/301|[from] item: Life Orb
|move|p1a: Aggron|Rest|p1a: Aggron
|-status|p1a: Aggron|slp
|-heal|p1a: Aggron|343\/343 slp|[silent]
|-status|p1a: Aggron|slp|[from] move: Rest
|
|upkeep
|turn|4
|c|★TheJ3estPenguin|omg
|c|★TheJ3estPenguin|no
|c|★TheJ3estPenguin|why do i have to battle people like you
|choice|switch 4|move earthquake
|
|switch|p1a: Cresselia|Cresselia, F|444\/444
|move|p2a: Metagross|Earthquake|p1a: Cresselia
|-immune|p1a: Cresselia|[msg]|[from] ability: Levitate
|
|upkeep
|turn|5
|choice|move moonlight|move meteormash
|
|move|p2a: Metagross|Meteor Mash|p1a: Cresselia
|-damage|p1a: Cresselia|319\/444
|-damage|p2a: Metagross|0 fnt|[from] item: Life Orb
|faint|p2a: Metagross
|move|p1a: Cresselia|Moonlight|p1a: Cresselia
|-heal|p1a: Cresselia|444\/444
|
|upkeep
|choice||switch 6
|
|switch|p2a: Hydreigon|Hydreigon, F|325\/325
|-damage|p2a: Hydreigon|285\/325|[from] Stealth Rock
|turn|6
|choice|switch 2|move darkpulse
|
|switch|p1a: Blissey|Blissey, F|714\/714
|move|p2a: Hydreigon|Dark Pulse|p1a: Blissey
|-damage|p1a: Blissey|593\/714
|
|-heal|p2a: Hydreigon|305\/325|[from] item: Leftovers
|-heal|p1a: Blissey|637\/714|[from] item: Leftovers
|upkeep
|turn|7
|c|★TheJ3estPenguin|why do i have to battle you....
|c|★LCezasfuck|because you win some one previous turn
|c|★LCezasfuck|and you match with me
|c|★TheJ3estPenguin|i beat ashgoteem
|j|ashgoteem
|choice|move thunderwave|move uturn
|
|move|p2a: Hydreigon|U-turn|p1a: Blissey
|-crit|p1a: Blissey
|-damage|p1a: Blissey|472\/714
|choice||switch 5
|
|switch|p2a: Mienshao|Mienshao, F|272\/272
|-damage|p2a: Mienshao|255\/272|[from] Stealth Rock
|move|p1a: Blissey|Thunder Wave|p2a: Mienshao
|-status|p2a: Mienshao|par
|
|-heal|p1a: Blissey|516\/714|[from] item: Leftovers
|upkeep
|turn|8
|l|ashgoteem
|choice|switch 2|move fakeout
|
|switch|p1a: Cresselia|Cresselia, F|444\/444
|move|p2a: Mienshao|Fake Out|p1a: Cresselia
|-damage|p1a: Cresselia|400\/444
|-damage|p2a: Mienshao|228\/272 par|[from] item: Life Orb
|
|-heal|p1a: Cresselia|427\/444|[from] item: Leftovers
|upkeep
|turn|9
|choice|move moonblast|move uturn
|
|move|p1a: Cresselia|Moonblast|p2a: Mienshao
|-supereffective|p2a: Mienshao
|-damage|p2a: Mienshao|58\/272 par
|move|p2a: Mienshao|U-turn|p1a: Cresselia
|-supereffective|p1a: Cresselia
|-damage|p1a: Cresselia|284\/444
|-damage|p2a: Mienshao|31\/272 par|[from] item: Life Orb
|choice||switch 5
|
|switch|p2a: Hydreigon|Hydreigon, F|305\/325
|-damage|p2a: Hydreigon|265\/325|[from] Stealth Rock
|
|-heal|p2a: Hydreigon|285\/325|[from] item: Leftovers
|-heal|p1a: Cresselia|311\/444|[from] item: Leftovers
|upkeep
|turn|10
|c|★LCezasfuck|not hydriegon ;(
|choice|move moonblast|move darkpulse
|
|move|p2a: Hydreigon|Dark Pulse|p1a: Cresselia
|-supereffective|p1a: Cresselia
|-damage|p1a: Cresselia|77\/444
|cant|p1a: Cresselia|flinch
|
|-heal|p2a: Hydreigon|305\/325|[from] item: Leftovers
|-heal|p1a: Cresselia|104\/444|[from] item: Leftovers
|upkeep
|turn|11
|c|★LCezasfuck|า
|choice|switch 2|move darkpulse
|
|switch|p1a: Blissey|Blissey, F|516\/714
|move|p2a: Hydreigon|Dark Pulse|p1a: Blissey
|-damage|p1a: Blissey|393\/714
|
|-heal|p2a: Hydreigon|325\/325|[from] item: Leftovers
|-heal|p1a: Blissey|437\/714|[from] item: Leftovers
|upkeep
|turn|12
|c|★TheJ3estPenguin|why you....
|choice|move softboiled|move dracometeor
|
|move|p2a: Hydreigon|Draco Meteor|p1a: Blissey
|-damage|p1a: Blissey|250\/714
|-unboost|p2a: Hydreigon|spa|2
|move|p1a: Blissey|Soft-Boiled|p1a: Blissey
|-heal|p1a: Blissey|607\/714
|
|-heal|p1a: Blissey|651\/714|[from] item: Leftovers
|upkeep
|turn|13
|c|★TheJ3estPenguin|NOOOOOOOO
|c|★TheJ3estPenguin|nooooo.......
|choice|move seismictoss|move flamethrower
|
|move|p2a: Hydreigon|Flamethrower|p1a: Blissey
|-damage|p1a: Blissey|606\/714
|move|p1a: Blissey|Seismic Toss|p2a: Hydreigon
|-damage|p2a: Hydreigon|225\/325
|
|-heal|p2a: Hydreigon|245\/325|[from] item: Leftovers
|-heal|p1a: Blissey|650\/714|[from] item: Leftovers
|upkeep
|turn|14
|choice|move thunderwave|switch 5
|
|switch|p2a: Mienshao|Mienshao, F|121\/272 par
|-damage|p2a: Mienshao|104\/272 par|[from] Stealth Rock
|move|p1a: Blissey|Thunder Wave|p2a: Mienshao
|-fail|p2a: Mienshao|par
|
|-heal|p1a: Blissey|694\/714|[from] item: Leftovers
|upkeep
|turn|15
|choice|switch 5|move highjumpkick
|
|switch|p1a: Mandibuzz|Mandibuzz, F|424\/424
|cant|p2a: Mienshao|par
|
|upkeep
|turn|16
|choice|move knockoff|move stoneedge
|
|move|p1a: Mandibuzz|Knock Off|p2a: Mienshao
|-resisted|p2a: Mienshao
|-damage|p2a: Mienshao|42\/272 par
|-enditem|p2a: Mienshao|Life Orb|[from] move: Knock Off|[of] p1a: Mandibuzz
|move|p2a: Mienshao|Stone Edge|p1a: Mandibuzz
|-supereffective|p1a: Mandibuzz
|-damage|p1a: Mandibuzz|260\/424
|
|-heal|p1a: Mandibuzz|286\/424|[from] item: Leftovers
|upkeep
|turn|17
|c|★TheJ3estPenguin|why is everything so buffy
|choice|move foulplay|switch 4
|
|switch|p2a: Blastoise|Blastoise, F|345\/345
|-damage|p2a: Blastoise|302\/345|[from] Stealth Rock
|move|p1a: Mandibuzz|Foul Play|p2a: Blastoise
|-crit|p2a: Blastoise
|-damage|p2a: Blastoise|167\/345
|
|-heal|p1a: Mandibuzz|312\/424|[from] item: Leftovers
|upkeep
|turn|18
|choice|move foulplay|move darkpulse mega
|
|detailschange|p2a: Blastoise|Blastoise-Mega, F
|-mega|p2a: Blastoise|Blastoise|Blastoisinite
|move|p2a: Blastoise|Dark Pulse|p1a: Mandibuzz
|-resisted|p1a: Mandibuzz
|-damage|p1a: Mandibuzz|222\/424
|move|p1a: Mandibuzz|Foul Play|p2a: Blastoise
|-damage|p2a: Blastoise|83\/345
|
|-heal|p1a: Mandibuzz|248\/424|[from] item: Leftovers
|upkeep
|turn|19
|c|★TheJ3estPenguin|fuck my predictions were wrong
|choice|move roost|move aurasphere
|
|move|p2a: Blastoise|Aura Sphere|p1a: Mandibuzz
|-crit|p1a: Mandibuzz
|-damage|p1a: Mandibuzz|0 fnt
|faint|p1a: Mandibuzz
|
|upkeep
|choice|switch 5|
|
|switch|p1a: Blissey|Blissey, F|694\/714
|turn|20
|choice|move seismictoss|move aurasphere
|
|move|p2a: Blastoise|Aura Sphere|p1a: Blissey
|-supereffective|p1a: Blissey
|-damage|p1a: Blissey|438\/714
|move|p1a: Blissey|Seismic Toss|p2a: Blastoise
|-damage|p2a: Blastoise|0 fnt
|faint|p2a: Blastoise
|
|-heal|p1a: Blissey|482\/714|[from] item: Leftovers
|upkeep
|choice||switch 4
|
|switch|p2a: Mienshao|Mienshao, F|132\/272 par
|-damage|p2a: Mienshao|115\/272 par|[from] Stealth Rock
|turn|21
|choice|switch 6|move highjumpkick
|
|switch|p1a: Quagsire|Quagsire, F|394\/394
|move|p2a: Mienshao|High Jump Kick|p1a: Quagsire
|-damage|p1a: Quagsire|204\/394
|
|-heal|p1a: Quagsire|228\/394|[from] item: Leftovers
|upkeep
|turn|22
|choice|move recover|switch 2
|
|switch|p2a: Celebi|Celebi|404\/404
|-damage|p2a: Celebi|354\/404|[from] Stealth Rock
|move|p1a: Quagsire|Recover|p1a: Quagsire
|-heal|p1a: Quagsire|394\/394
|
|-heal|p2a: Celebi|379\/404|[from] item: Leftovers
|upkeep
|turn|23
|choice|switch 6|move leafstorm
|
|switch|p1a: Blissey|Blissey, F|482\/714
|move|p2a: Celebi|Leaf Storm|p1a: Blissey
|-damage|p1a: Blissey|355\/714
|-unboost|p2a: Celebi|spa|2
|
|-heal|p2a: Celebi|404\/404|[from] item: Leftovers
|-heal|p1a: Blissey|399\/714|[from] item: Leftovers
|upkeep
|turn|24
|choice|move seismictoss|move stealthrock
|
|move|p2a: Celebi|Stealth Rock|p1a: Blissey
|-sidestart|p1: LCezasfuck|move: Stealth Rock
|move|p1a: Blissey|Seismic Toss|p2a: Celebi
|-damage|p2a: Celebi|304\/404
|
|-heal|p2a: Celebi|329\/404|[from] item: Leftovers
|-heal|p1a: Blissey|443\/714|[from] item: Leftovers
|upkeep
|turn|25
|choice|move healbell|move uturn
|
|move|p2a: Celebi|U-turn|p1a: Blissey
|-crit|p1a: Blissey
|-damage|p1a: Blissey|310\/714
|choice||switch 2
|
|switch|p2a: Mienshao|Mienshao, F|205\/272 par
|-damage|p2a: Mienshao|188\/272 par|[from] Stealth Rock
|move|p1a: Blissey|Heal Bell|p1a: Blissey
|-activate|p1a: Blissey|move: Heal Bell
|-curestatus|p1: Aggron|slp|[msg]
|
|-heal|p1a: Blissey|354\/714|[from] item: Leftovers
|upkeep
|turn|26
|choice|switch 4|move highjumpkick
|
|switch|p1a: Aggron|Aggron-Mega, F|343\/343
|-damage|p1a: Aggron|322\/343|[from] Stealth Rock
|cant|p2a: Mienshao|par
|
|upkeep
|turn|27
|choice|move heavyslam|move highjumpkick
|
|move|p1a: Aggron|Heavy Slam|p2a: Mienshao
|-damage|p2a: Mienshao|0 fnt
|faint|p2a: Mienshao
|
|upkeep
|choice||switch 5
|
|switch|p2a: Hydreigon|Hydreigon, F|245\/325
|-damage|p2a: Hydreigon|205\/325|[from] Stealth Rock
|turn|28
|choice|switch 2|move flamethrower
|
|switch|p1a: Cresselia|Cresselia, F|104\/444
|-damage|p1a: Cresselia|49\/444|[from] Stealth Rock
|move|p2a: Hydreigon|Flamethrower|p1a: Cresselia
|-damage|p1a: Cresselia|0 fnt
|faint|p1a: Cresselia
|
|-heal|p2a: Hydreigon|225\/325|[from] item: Leftovers
|upkeep
|choice|switch 3|
|
|switch|p1a: Suicune|Suicune|404\/404
|-damage|p1a: Suicune|354\/404|[from] Stealth Rock
|-ability|p1a: Suicune|Pressure
|turn|29
|choice|move calmmind|switch 2
|
|switch|p2a: Celebi|Celebi|329\/404
|-damage|p2a: Celebi|279\/404|[from] Stealth Rock
|move|p1a: Suicune|Calm Mind|p1a: Suicune
|-boost|p1a: Suicune|spa|1
|-boost|p1a: Suicune|spd|1
|
|-heal|p2a: Celebi|304\/404|[from] item: Leftovers
|-heal|p1a: Suicune|379\/404|[from] item: Leftovers
|upkeep
|turn|30
|choice|move calmmind|move leafstorm
|
|move|p2a: Celebi|Leaf Storm|p1a: Suicune
|-supereffective|p1a: Suicune
|-damage|p1a: Suicune|205\/404
|-unboost|p2a: Celebi|spa|2
|move|p1a: Suicune|Calm Mind|p1a: Suicune
|-boost|p1a: Suicune|spa|1
|-boost|p1a: Suicune|spd|1
|
|-heal|p2a: Celebi|329\/404|[from] item: Leftovers
|-heal|p1a: Suicune|230\/404|[from] item: Leftovers
|upkeep
|turn|31
|choice|move scald|move leafstorm
|
|move|p2a: Celebi|Leaf Storm|p1a: Suicune
|-supereffective|p1a: Suicune
|-damage|p1a: Suicune|164\/404
|-unboost|p2a: Celebi|spa|2
|move|p1a: Suicune|Scald|p2a: Celebi
|-resisted|p2a: Celebi
|-damage|p2a: Celebi|269\/404
|-status|p2a: Celebi|brn
|
|-heal|p2a: Celebi|294\/404 brn|[from] item: Leftovers
|-heal|p1a: Suicune|189\/404|[from] item: Leftovers
|-damage|p2a: Celebi|244\/404 brn|[from] brn
|upkeep
|turn|32
|c|★TheJ3estPenguin|oml
|choice|move rest|move leafstorm
|
|move|p2a: Celebi|Leaf Storm|p1a: Suicune
|-supereffective|p1a: Suicune
|-damage|p1a: Suicune|141\/404
|-unboost|p2a: Celebi|spa|2
|move|p1a: Suicune|Rest|p1a: Suicune
|-status|p1a: Suicune|slp
|-heal|p1a: Suicune|404\/404 slp|[silent]
|-status|p1a: Suicune|slp|[from] move: Rest
|
|-heal|p2a: Celebi|269\/404 brn|[from] item: Leftovers
|-damage|p2a: Celebi|219\/404 brn|[from] brn
|upkeep
|turn|33
|choice|move sleeptalk|move recover
|
|move|p2a: Celebi|Recover|p2a: Celebi
|-heal|p2a: Celebi|404\/404 brn
|cant|p1a: Suicune|slp
|move|p1a: Suicune|Sleep Talk|p1a: Suicune
|move|p1a: Suicune|Scald|p2a: Celebi|[from]Sleep Talk
|-resisted|p2a: Celebi
|-damage|p2a: Celebi|338\/404 brn
|
|-heal|p2a: Celebi|363\/404 brn|[from] item: Leftovers
|-damage|p2a: Celebi|313\/404 brn|[from] brn
|upkeep
|turn|34
|choice|move sleeptalk|move leafstorm
|
|move|p2a: Celebi|Leaf Storm|p1a: Suicune
|-supereffective|p1a: Suicune
|-damage|p1a: Suicune|368\/404 slp
|cant|p1a: Suicune|slp
|move|p1a: Suicune|Sleep Talk|p1a: Suicune
|move|p1a: Suicune|Rest|p1a: Suicune|[from]Sleep Talk
|-fail|p1a: Suicune
|
|-heal|p2a: Celebi|338\/404 brn|[from] item: Leftovers
|-heal|p1a: Suicune|393\/404 slp|[from] item: Leftovers
|-damage|p2a: Celebi|288\/404 brn|[from] brn
|upkeep
|turn|35
|c|★TheJ3estPenguin|wtf
|c|★TheJ3estPenguin|rip
|choice|move sleeptalk|move uturn
|
|move|p2a: Celebi|U-turn|p1a: Suicune
|-damage|p1a: Suicune|376\/404 slp
|c|★LCezasfuck|สนส
|choice||switch 2
|
|-curestatus|p2a: Celebi|brn|[from] ability: Natural Cure
|switch|p2a: Hydreigon|Hydreigon, F|225\/325
|-damage|p2a: Hydreigon|185\/325|[from] Stealth Rock
|-curestatus|p1a: Suicune|slp|[msg]
|move|p1a: Suicune|Sleep Talk|p1a: Suicune
|-fail|p1a: Suicune
|
|-heal|p2a: Hydreigon|205\/325|[from] item: Leftovers
|-heal|p1a: Suicune|401\/404|[from] item: Leftovers
|upkeep
|turn|36
|c|★LCezasfuck|lol
|c|★LCezasfuck|more sleep talk
|choice|move scald|move darkpulse
|
|move|p2a: Hydreigon|Dark Pulse|p1a: Suicune
|-damage|p1a: Suicune|326\/404
|move|p1a: Suicune|Scald|p2a: Hydreigon
|-resisted|p2a: Hydreigon
|-damage|p2a: Hydreigon|111\/325
|
|-heal|p2a: Hydreigon|131\/325|[from] item: Leftovers
|-heal|p1a: Suicune|351\/404|[from] item: Leftovers
|upkeep
|turn|37
|c|★TheJ3estPenguin|gg
|choice|move calmmind|move dracometeor
|
|move|p2a: Hydreigon|Draco Meteor|p1a: Suicune
|-damage|p1a: Suicune|243\/404
|-unboost|p2a: Hydreigon|spa|2
|move|p1a: Suicune|Calm Mind|p1a: Suicune
|-boost|p1a: Suicune|spa|1
|-boost|p1a: Suicune|spd|1
|
|-heal|p2a: Hydreigon|151\/325|[from] item: Leftovers
|-heal|p1a: Suicune|268\/404|[from] item: Leftovers
|upkeep
|turn|38
|choice|move calmmind|move dracometeor
|
|move|p2a: Hydreigon|Draco Meteor|p1a: Suicune
|-damage|p1a: Suicune|222\/404
|-unboost|p2a: Hydreigon|spa|2
|move|p1a: Suicune|Calm Mind|p1a: Suicune
|-boost|p1a: Suicune|spa|1
|-boost|p1a: Suicune|spd|1
|
|-heal|p2a: Hydreigon|171\/325|[from] item: Leftovers
|-heal|p1a: Suicune|247\/404|[from] item: Leftovers
|upkeep
|turn|39
|choice|move scald|move dracometeor
|
|move|p2a: Hydreigon|Draco Meteor|p1a: Suicune
|-damage|p1a: Suicune|220\/404
|-unboost|p2a: Hydreigon|spa|2
|move|p1a: Suicune|Scald|p2a: Hydreigon
|-resisted|p2a: Hydreigon
|-damage|p2a: Hydreigon|41\/325
|
|-heal|p2a: Hydreigon|61\/325|[from] item: Leftovers
|-heal|p1a: Suicune|245\/404|[from] item: Leftovers
|upkeep
|turn|40
|choice|move scald|move dracometeor
|
|move|p2a: Hydreigon|Draco Meteor|p1a: Suicune
|-damage|p1a: Suicune|227\/404
|move|p1a: Suicune|Scald|p2a: Hydreigon
|-resisted|p2a: Hydreigon
|-damage|p2a: Hydreigon|0 fnt
|faint|p2a: Hydreigon
|
|-heal|p1a: Suicune|252\/404|[from] item: Leftovers
|upkeep
|choice||switch 2
|
|switch|p2a: Celebi|Celebi|288\/404
|-damage|p2a: Celebi|238\/404|[from] Stealth Rock
|turn|41
|choice|move scald|switch 3
|
|switch|p2a: Arcanine|Arcanine, F|383\/383
|-damage|p2a: Arcanine|288\/383|[from] Stealth Rock
|-ability|p2a: Arcanine|Intimidate|boost
|-unboost|p1a: Suicune|atk|1
|move|p1a: Suicune|Scald|p2a: Arcanine
|-supereffective|p2a: Arcanine
|-damage|p2a: Arcanine|0 fnt
|faint|p2a: Arcanine
|
|-heal|p1a: Suicune|277\/404|[from] item: Leftovers
|upkeep
|c|★LCezasfuck|leaf storm
|c|★TheJ3estPenguin|i ran out
|c|★LCezasfuck|ran out of ppppppp
|choice||switch 3
|
|switch|p2a: Celebi|Celebi|238\/404
|-damage|p2a: Celebi|188\/404|[from] Stealth Rock
|turn|42
|c|★TheJ3estPenguin|fucking pressure
|choice|move calmmind|move uturn
|
|move|p2a: Celebi|U-turn|p1a: Suicune
|-damage|p1a: Suicune|246\/404
|move|p1a: Suicune|Calm Mind|p1a: Suicune
|-boost|p1a: Suicune|spa|1
|-boost|p1a: Suicune|spd|1
|
|-heal|p2a: Celebi|213\/404|[from] item: Leftovers
|-heal|p1a: Suicune|271\/404|[from] item: Leftovers
|upkeep
|turn|43
|choice|move scald|move uturn
|
|move|p2a: Celebi|U-turn|p1a: Suicune
|-damage|p1a: Suicune|237\/404
|move|p1a: Suicune|Scald|p2a: Celebi
|-resisted|p2a: Celebi
|-damage|p2a: Celebi|114\/404
|
|-heal|p2a: Celebi|139\/404|[from] item: Leftovers
|-heal|p1a: Suicune|262\/404|[from] item: Leftovers
|upkeep
|turn|44
|choice|switch 6|move uturn
|
|switch|p1a: Quagsire|Quagsire, F|394\/394
|-damage|p1a: Quagsire|370\/394|[from] Stealth Rock
|move|p2a: Celebi|U-turn|p1a: Quagsire
|-damage|p1a: Quagsire|330\/394
|
|-heal|p2a: Celebi|164\/404|[from] item: Leftovers
|-heal|p1a: Quagsire|354\/394|[from] item: Leftovers
|upkeep
|turn|45
|choice|move toxic|move recover
|
|move|p2a: Celebi|Recover|p2a: Celebi
|-heal|p2a: Celebi|366\/404
|move|p1a: Quagsire|Toxic|p2a: Celebi
|-status|p2a: Celebi|tox
|
|-heal|p2a: Celebi|391\/404 tox|[from] item: Leftovers
|-heal|p1a: Quagsire|378\/394|[from] item: Leftovers
|-damage|p2a: Celebi|366\/404 tox|[from] psn
|upkeep
|turn|46
|choice|switch 4|move uturn
|
|switch|p1a: Blissey|Blissey, F|354\/714
|-damage|p1a: Blissey|265\/714|[from] Stealth Rock
|move|p2a: Celebi|U-turn|p1a: Blissey
|-damage|p1a: Blissey|176\/714
|
|-heal|p2a: Celebi|391\/404 tox|[from] item: Leftovers
|-heal|p1a: Blissey|220\/714|[from] item: Leftovers
|-damage|p2a: Celebi|341\/404 tox|[from] psn
|upkeep
|turn|47
|choice|move softboiled|move uturn
|
|move|p2a: Celebi|U-turn|p1a: Blissey
|-damage|p1a: Blissey|128\/714
|move|p1a: Blissey|Soft-Boiled|p1a: Blissey
|-heal|p1a: Blissey|485\/714
|
|-heal|p2a: Celebi|366\/404 tox|[from] item: Leftovers
|-heal|p1a: Blissey|529\/714|[from] item: Leftovers
|-damage|p2a: Celebi|291\/404 tox|[from] psn
|upkeep
|turn|48
|choice|switch 2|move uturn
|
|switch|p1a: Aggron|Aggron-Mega, F|322\/343
|-damage|p1a: Aggron|301\/343|[from] Stealth Rock
|move|p2a: Celebi|U-turn|p1a: Aggron
|-resisted|p1a: Aggron
|-damage|p1a: Aggron|292\/343
|
|-heal|p2a: Celebi|316\/404 tox|[from] item: Leftovers
|-damage|p2a: Celebi|216\/404 tox|[from] psn
|upkeep
|turn|49
|choice|move heavyslam|move recover
|
|move|p2a: Celebi|Recover|p2a: Celebi
|-heal|p2a: Celebi|404\/404 tox
|move|p1a: Aggron|Heavy Slam|p2a: Celebi
|-damage|p2a: Celebi|223\/404 tox
|
|-heal|p2a: Celebi|248\/404 tox|[from] item: Leftovers
|-damage|p2a: Celebi|123\/404 tox|[from] psn
|upkeep
|turn|50
|choice|move heavyslam|move recover
|
|move|p2a: Celebi|Recover|p2a: Celebi
|-heal|p2a: Celebi|325\/404 tox
|move|p1a: Aggron|Heavy Slam|p2a: Celebi
|-damage|p2a: Celebi|124\/404 tox
|
|-heal|p2a: Celebi|149\/404 tox|[from] item: Leftovers
|-damage|p2a: Celebi|0 fnt|[from] psn
|upkeep
|faint|p2a: Celebi
|
|win|LCezasfuck
|player|p1
|player|p2
|c|★LCezasfuck|gg</script>
</div>
<div class="battle-log battle-log-inline"><div class="inner"><div class="battle-options"></div><div class="inner"><div class="chat"><small>LCezasfuck joined.</small></div><div class="chat"><small>TheJ3estPenguin joined.</small></div><div class=""><small>Format:</small> <br><strong>UU</strong></div><div class=""><small><em>Sleep Clause Mod:</em> Limit one foe put to sleep</small></div><div class=""><small><em>Species Clause:</em> Limit one of each Pokémon</small></div><div class=""><small><em>OHKO Clause:</em> OHKO moves are banned</small></div><div class=""><small><em>Moody Clause:</em> Moody is banned</small></div><div class=""><small><em>Evasion Moves Clause:</em> Evasion moves are banned</small></div><div class=""><small><em>Endless Battle Clause:</em> Forcing endless battles is banned</small></div><div class=""><small><em>HP Percentage Mod:</em> HP is shown in percentages</small></div><div class=""><small><em>Swagger Clause:</em> Swagger is banned</small></div><div class=""><small><em>Baton Pass Clause:</em> Limit one Baton Passer, can't pass Spe and other stats simultaneously</small></div><div class="chat battle-history"><strong>LCezasfuck's team:</strong> <em style="color:#445566;display:block;">Aggron / Blissey / Suicune / Cresselia / Mandibuzz / Quagsire</em></div><div class="chat battle-history"><strong>TheJ3estPenguin's team:</strong> <em style="color:#445566;display:block;">Hydreigon / Celebi / Arcanine / Blastoise / Mienshao / Metagross</em></div><div class="chat chatmessage-thej3estpenguin"><strong style="color:hsl(338,58%,50.216647385629805%)"><small>★</small><span class="username" data-name="TheJ3estPenguin">TheJ3estPenguin</span>:</strong> <em>on no</em></div><div class="chat chatmessage-thej3estpenguin"><strong style="color:hsl(338,58%,50.216647385629805%)"><small>★</small><span class="username" data-name="TheJ3estPenguin">TheJ3estPenguin</span>:</strong> <em>noooo</em></div><div class="chat chatmessage-thej3estpenguin"><strong style="color:hsl(338,58%,50.216647385629805%)"><small>★</small><span class="username" data-name="TheJ3estPenguin">TheJ3estPenguin</span>:</strong> <em>a blissey</em></div><div class="chat chatmessage-thej3estpenguin"><strong style="color:hsl(338,58%,50.216647385629805%)"><small>★</small><span class="username" data-name="TheJ3estPenguin">TheJ3estPenguin</span>:</strong> <em>does this game want me to lose ;-;</em></div><div class="spacer battle-history"><br></div><div class="battle-history">Battle started between LCezasfuck and TheJ3estPenguin!<br></div><div class="spacer battle-history"><br></div><div class="battle-history">Go! <strong>Aggron</strong>!<br></div><div class="spacer battle-history"><br></div><div class="battle-history">TheJ3estPenguin sent out <strong>Metagross</strong>!<br></div><div class="spacer battle-history"><br></div><h2 class="battle-history">Turn 1</h2><div class="spacer battle-history"><br></div><div class="battle-history"><small>Aggron's Aggronite is reacting to LCezasfuck's Mega Bracelet!</small><br>Aggron has Mega Evolved into Mega Aggron!<br></div><div class="spacer battle-history"><br></div><div class="battle-history">The opposing Metagross used <strong>Earthquake</strong>!<br></div><div class="battle-history"><small>It's super effective!</small><br></div><div class="battle-history"><small>(Aggron lost <abbr title="−97/343">28.3%</abbr> of its health!)</small><br></div><div class="battle-history"><small>The opposing Metagross lost some of its HP!</small><br></div><div class="spacer battle-history"><br></div><div class="battle-history">Aggron used <strong>Earthquake</strong>!<br></div><div class="battle-history"><small>It's super effective!</small><br></div><div class="battle-history"><small>(The opposing Metagross lost <abbr title="−182/301">60.5%</abbr> of its health!)</small><br></div><div class="spacer battle-history"><br></div><h2 class="battle-history">Turn 2</h2><div class="spacer battle-history"><br></div><div class="battle-history">The opposing Metagross used <strong>Earthquake</strong>!<br></div><div class="battle-history"><small>It's super effective!</small><br></div><div class="battle-history"><small>(Aggron lost <abbr title="−99/343">28.9%</abbr> of its health!)</small><br></div><div class="battle-history"><small>The opposing Metagross lost some of its HP!</small><br></div><div class="spacer battle-history"><br></div><div class="battle-history">Aggron used <strong>Stealth Rock</strong>!<br></div><div class="battle-history"><small>Pointed stones float in the air around the opposing team!</small><br></div><div class="spacer battle-history"><br></div><h2 class="battle-history">Turn 3</h2><div class="spacer battle-history"><br></div><div class="battle-history">The opposing Metagross used <strong>Earthquake</strong>!<br></div><div class="battle-history"><small>It's super effective!</small><br></div><div class="battle-history"><small>(Aggron lost <abbr title="−101/343">29.4%</abbr> of its health!)</small><br></div><div class="battle-history"><small>The opposing Metagross lost some of its HP!</small><br></div><div class="spacer battle-history"><br></div><div class="battle-history">Aggron used <strong>Rest</strong>!<br></div><div class="battle-history"><small>Aggron fell asleep!</small><br></div><div class="battle-history"><small>Aggron slept and became healthy!</small><br></div><div class="spacer battle-history"><br></div><h2 class="battle-history">Turn 4</h2><div class="chat chatmessage-thej3estpenguin"><strong style="color:hsl(338,58%,50.216647385629805%)"><small>★</small><span class="username" data-name="TheJ3estPenguin">TheJ3estPenguin</span>:</strong> <em>omg</em></div><div class="chat chatmessage-thej3estpenguin"><strong style="color:hsl(338,58%,50.216647385629805%)"><small>★</small><span class="username" data-name="TheJ3estPenguin">TheJ3estPenguin</span>:</strong> <em>no</em></div><div class="chat chatmessage-thej3estpenguin"><strong style="color:hsl(338,58%,50.216647385629805%)"><small>★</small><span class="username" data-name="TheJ3estPenguin">TheJ3estPenguin</span>:</strong> <em>why do i have to battle people like you</em></div><div class="spacer battle-history"><br></div><div class="battle-history">Aggron, come back!<br></div><div class="battle-history">Go! <strong>Cresselia</strong>!<br></div><div class="spacer battle-history"><br></div><div class="battle-history">The opposing Metagross used <strong>Earthquake</strong>!<br></div><div class="battle-history"><small>[Cresselia's Levitate]</small><br><small>It doesn't affect Cresselia...</small><br></div><div class="spacer battle-history"><br></div><h2 class="battle-history">Turn 5</h2><div class="spacer battle-history"><br></div><div class="battle-history">The opposing Metagross used <strong>Meteor Mash</strong>!<br></div><div class="battle-history"><small>(Cresselia lost <abbr title="−125/444">28.2%</abbr> of its health!)</small><br></div><div class="battle-history"><small>The opposing Metagross lost some of its HP!</small><br></div><div class="spacer battle-history"><br></div><div class="battle-history">The opposing Metagross fainted!<br></div><div class="battle-history">Cresselia used <strong>Moonlight</strong>!<br></div><div class="battle-history"><small>Cresselia restored its HP.</small><br></div><div class="spacer battle-history"><br></div><div class="battle-history">TheJ3estPenguin sent out <strong>Hydreigon</strong>!<br></div><div class="battle-history"><small>Pointed stones dug into the opposing Hydreigon!</small><br></div><div class="spacer battle-history"><br></div><h2 class="battle-history">Turn 6</h2><div class="spacer battle-history"><br></div><div class="battle-history">Cresselia, come back!<br></div><div class="battle-history">Go! <strong>Blissey</strong>!<br></div><div class="spacer battle-history"><br></div><div class="battle-history">The opposing Hydreigon used <strong>Dark Pulse</strong>!<br></div><div class="battle-history"><small>(Blissey lost <abbr title="−121/714">16.9%</abbr> of its health!)</small><br></div><div class="spacer battle-history"><br></div><div class="battle-history"><small>The opposing Hydreigon restored a little HP using its Leftovers!</small><br></div><div class="battle-history"><small>Blissey restored a little HP using its Leftovers!</small><br></div><div class="spacer battle-history"><br></div><h2 class="battle-history">Turn 7</h2><div class="chat chatmessage-thej3estpenguin"><strong style="color:hsl(338,58%,50.216647385629805%)"><small>★</small><span class="username" data-name="TheJ3estPenguin">TheJ3estPenguin</span>:</strong> <em>why do i have to battle you....</em></div><div class="chat chatmessage-lcezasfuck"><strong style="color:hsl(63,60%,38.09380051909%)"><small>★</small><span class="username" data-name="LCezasfuck">LCezasfuck</span>:</strong> <em>because you win some one previous turn</em></div><div class="chat chatmessage-lcezasfuck"><strong style="color:hsl(63,60%,38.09380051909%)"><small>★</small><span class="username" data-name="LCezasfuck">LCezasfuck</span>:</strong> <em>and you match with me</em></div><div class="chat chatmessage-thej3estpenguin"><strong style="color:hsl(338,58%,50.216647385629805%)"><small>★</small><span class="username" data-name="TheJ3estPenguin">TheJ3estPenguin</span>:</strong> <em>i beat ashgoteem</em></div><div class="chat"><small>ashgoteem joined.</small></div><div class="spacer battle-history"><br></div><div class="battle-history">The opposing Hydreigon used <strong>U-turn</strong>!<br></div><div class="battle-history"><small>A critical hit!</small><br></div><div class="battle-history"><small>(Blissey lost <abbr title="−165/714">23.1%</abbr> of its health!)</small><br></div><div class="spacer battle-history"><br></div><div class="battle-history">The opposing Hydreigon went back to TheJ3estPenguin!<br></div><div class="battle-history">TheJ3estPenguin sent out <strong>Mienshao</strong>!<br></div><div class="battle-history"><small>Pointed stones dug into the opposing Mienshao!</small><br></div><div class="spacer battle-history"><br></div><div class="battle-history">Blissey used <strong>Thunder Wave</strong>!<br></div><div class="battle-history"><small>The opposing Mienshao is paralyzed! It may be unable to move!</small><br></div><div class="spacer battle-history"><br></div><div class="battle-history"><small>Blissey restored a little HP using its Leftovers!</small><br></div><div class="spacer battle-history"><br></div><h2 class="battle-history">Turn 8</h2><div class="chat"><small>ashgoteem left.</small></div><div class="spacer battle-history"><br></div><div class="battle-history">Blissey, come back!<br></div><div class="battle-history">Go! <strong>Cresselia</strong>!<br></div><div class="spacer battle-history"><br></div><div class="battle-history">The opposing Mienshao used <strong>Fake Out</strong>!<br></div><div class="battle-history"><small>(Cresselia lost <abbr title="−44/444">9.9%</abbr> of its health!)</small><br></div><div class="battle-history"><small>The opposing Mienshao lost some of its HP!</small><br></div><div class="spacer battle-history"><br></div><div class="battle-history"><small>Cresselia restored a little HP using its Leftovers!</small><br></div><div class="spacer battle-history"><br></div><h2 class="battle-history">Turn 9</h2><div class="spacer battle-history"><br></div><div class="battle-history">Cresselia used <strong>Moonblast</strong>!<br></div><div class="battle-history"><small>It's super effective!</small><br></div><div class="battle-history"><small>(The opposing Mienshao lost <abbr title="−170/272">62.5%</abbr> of its health!)</small><br></div><div class="spacer battle-history"><br></div><div class="battle-history">The opposing Mienshao used <strong>U-turn</strong>!<br></div><div class="battle-history"><small>It's super effective!</small><br></div><div class="battle-history"><small>(Cresselia lost <abbr title="−143/444">32.2%</abbr> of its health!)</small><br></div><div class="battle-history"><small>The opposing Mienshao lost some of its HP!</small><br></div><div class="spacer battle-history"><br></div><div class="battle-history">The opposing Mienshao went back to TheJ3estPenguin!<br></div><div class="battle-history">TheJ3estPenguin sent out <strong>Hydreigon</strong>!<br></div><div class="battle-history"><small>Pointed stones dug into the opposing Hydreigon!</small><br></div><div class="spacer battle-history"><br></div><div class="battle-history"><small>The opposing Hydreigon restored a little HP using its Leftovers!</small><br></div><div class="battle-history"><small>Cresselia restored a little HP using its Leftovers!</small><br></div><div class="spacer battle-history"><br></div><h2 class="battle-history">Turn 10</h2><div class="chat chatmessage-lcezasfuck"><strong style="color:hsl(63,60%,38.09380051909%)"><small>★</small><span class="username" data-name="LCezasfuck">LCezasfuck</span>:</strong> <em>not hydriegon ;(</em></div><div class="spacer battle-history"><br></div><div class="battle-history">The opposing Hydreigon used <strong>Dark Pulse</strong>!<br></div><div class="battle-history"><small>It's super effective!</small><br></div><div class="battle-history"><small>(Cresselia lost <abbr title="−234/444">52.7%</abbr> of its health!)</small><br></div><div class="spacer battle-history"><br></div><div class="battle-history">Cresselia flinched and couldn't move!<br></div><div class="spacer battle-history"><br></div><div class="battle-history"><small>The opposing Hydreigon restored a little HP using its Leftovers!</small><br></div><div class="battle-history"><small>Cresselia restored a little HP using its Leftovers!</small><br></div><div class="spacer battle-history"><br></div><h2 class="battle-history">Turn 11</h2><div class="chat chatmessage-lcezasfuck"><strong style="color:hsl(63,60%,38.09380051909%)"><small>★</small><span class="username" data-name="LCezasfuck">LCezasfuck</span>:</strong> <em>า</em></div><div class="spacer battle-history"><br></div><div class="battle-history">Cresselia, come back!<br></div><div class="battle-history">Go! <strong>Blissey</strong>!<br></div><div class="spacer battle-history"><br></div><div class="battle-history">The opposing Hydreigon used <strong>Dark Pulse</strong>!<br></div><div class="battle-history"><small>(Blissey lost <abbr title="−123/714">17.2%</abbr> of its health!)</small><br></div><div class="spacer battle-history"><br></div><div class="battle-history"><small>The opposing Hydreigon restored a little HP using its Leftovers!</small><br></div><div class="battle-history"><small>Blissey restored a little HP using its Leftovers!</small><br></div><div class="spacer battle-history"><br></div><h2 class="battle-history">Turn 12</h2><div class="chat chatmessage-thej3estpenguin"><strong style="color:hsl(338,58%,50.216647385629805%)"><small>★</small><span class="username" data-name="TheJ3estPenguin">TheJ3estPenguin</span>:</strong> <em>why you....</em></div><div class="spacer battle-history"><br></div><div class="battle-history">The opposing Hydreigon used <strong>Draco Meteor</strong>!<br></div><div class="battle-history"><small>(Blissey lost <abbr title="−187/714">26.2%</abbr> of its health!)</small><br></div><div class="battle-history"><small>The opposing Hydreigon's Special Attack fell harshly!</small><br></div><div class="spacer battle-history"><br></div><div class="battle-history">Blissey used <strong>Soft-Boiled</strong>!<br></div><div class="battle-history"><small>Blissey restored its HP.</small><br></div><div class="spacer battle-history"><br></div><div class="battle-history"><small>Blissey restored a little HP using its Leftovers!</small><br></div><div class="spacer battle-history"><br></div><h2 class="battle-history">Turn 13</h2><div class="chat chatmessage-thej3estpenguin"><strong style="color:hsl(338,58%,50.216647385629805%)"><small>★</small><span class="username" data-name="TheJ3estPenguin">TheJ3estPenguin</span>:</strong> <em>NOOOOOOOO</em></div><div class="chat chatmessage-thej3estpenguin"><strong style="color:hsl(338,58%,50.216647385629805%)"><small>★</small><span class="username" data-name="TheJ3estPenguin">TheJ3estPenguin</span>:</strong> <em>nooooo.......</em></div><div class="spacer battle-history"><br></div><div class="battle-history">The opposing Hydreigon used <strong>Flamethrower</strong>!<br></div><div class="battle-history"><small>(Blissey lost <abbr title="−45/714">6.3%</abbr> of its health!)</small><br></div><div class="spacer battle-history"><br></div><div class="battle-history">Blissey used <strong>Seismic Toss</strong>!<br></div><div class="battle-history"><small>(The opposing Hydreigon lost <abbr title="−100/325">30.8%</abbr> of its health!)</small><br></div><div class="spacer battle-history"><br></div><div class="battle-history"><small>The opposing Hydreigon restored a little HP using its Leftovers!</small><br></div><div class="battle-history"><small>Blissey restored a little HP using its Leftovers!</small><br></div><div class="spacer battle-history"><br></div><h2 class="battle-history">Turn 14</h2><div class="spacer battle-history"><br></div><div class="battle-history">TheJ3estPenguin withdrew Hydreigon!<br></div><div class="battle-history">TheJ3estPenguin sent out <strong>Mienshao</strong>!<br></div><div class="battle-history"><small>Pointed stones dug into the opposing Mienshao!</small><br></div><div class="spacer battle-history"><br></div><div class="battle-history">Blissey used <strong>Thunder Wave</strong>!<br></div><div class="battle-history"><small>The opposing Mienshao is already paralyzed.</small><br></div><div class="spacer battle-history"><br></div><div class="battle-history"><small>Blissey restored a little HP using its Leftovers!</small><br></div><div class="spacer battle-history"><br></div><h2 class="battle-history">Turn 15</h2><div class="spacer battle-history"><br></div><div class="battle-history">Blissey, come back!<br></div><div class="battle-history">Go! <strong>Mandibuzz</strong>!<br></div><div class="spacer battle-history"><br></div><div class="battle-history">The opposing Mienshao is paralyzed! It can't move!<br></div><div class="spacer battle-history"><br></div><h2 class="battle-history">Turn 16</h2><div class="spacer battle-history"><br></div><div class="battle-history">Mandibuzz used <strong>Knock Off</strong>!<br></div><div class="battle-history"><small>It's not very effective...</small><br></div><div class="battle-history"><small>(The opposing Mienshao lost <abbr title="−62/272">22.8%</abbr> of its health!)</small><br></div><div class="battle-history"><small>Mandibuzz knocked off the opposing Mienshao's Life Orb!</small><br></div><div class="spacer battle-history"><br></div><div class="battle-history">The opposing Mienshao used <strong>Stone Edge</strong>!<br></div><div class="battle-history"><small>It's super effective!</small><br></div><div class="battle-history"><small>(Mandibuzz lost <abbr title="−164/424">38.7%</abbr> of its health!)</small><br></div><div class="spacer battle-history"><br></div><div class="battle-history"><small>Mandibuzz restored a little HP using its Leftovers!</small><br></div><div class="spacer battle-history"><br></div><h2 class="battle-history">Turn 17</h2><div class="chat chatmessage-thej3estpenguin"><strong style="color:hsl(338,58%,50.216647385629805%)"><small>★</small><span class="username" data-name="TheJ3estPenguin">TheJ3estPenguin</span>:</strong> <em>why is everything so buffy</em></div><div class="spacer battle-history"><br></div><div class="battle-history">TheJ3estPenguin withdrew Mienshao!<br></div><div class="battle-history">TheJ3estPenguin sent out <strong>Blastoise</strong>!<br></div><div class="battle-history"><small>Pointed stones dug into the opposing Blastoise!</small><br></div><div class="spacer battle-history"><br></div><div class="battle-history">Mandibuzz used <strong>Foul Play</strong>!<br></div><div class="battle-history"><small>A critical hit!</small><br></div><div class="battle-history"><small>(The opposing Blastoise lost <abbr title="−135/345">39.1%</abbr> of its health!)</small><br></div><div class="spacer battle-history"><br></div><div class="battle-history"><small>Mandibuzz restored a little HP using its Leftovers!</small><br></div><div class="spacer battle-history"><br></div><h2 class="battle-history">Turn 18</h2><div class="spacer battle-history"><br></div><div class="battle-history"><small>The opposing Blastoise's Blastoisinite is reacting to TheJ3estPenguin's Mega Bracelet!</small><br>The opposing Blastoise has Mega Evolved into Mega Blastoise!<br></div><div class="spacer battle-history"><br></div><div class="battle-history">The opposing Blastoise used <strong>Dark Pulse</strong>!<br></div><div class="battle-history"><small>It's not very effective...</small><br></div><div class="battle-history"><small>(Mandibuzz lost <abbr title="−90/424">21.2%</abbr> of its health!)</small><br></div><div class="spacer battle-history"><br></div><div class="battle-history">Mandibuzz used <strong>Foul Play</strong>!<br></div><div class="battle-history"><small>(The opposing Blastoise lost <abbr title="−84/345">24.3%</abbr> of its health!)</small><br></div><div class="spacer battle-history"><br></div><div class="battle-history"><small>Mandibuzz restored a little HP using its Leftovers!</small><br></div><div class="spacer battle-history"><br></div><h2 class="battle-history">Turn 19</h2><div class="chat chatmessage-thej3estpenguin"><strong style="color:hsl(338,58%,50.216647385629805%)"><small>★</small><span class="username" data-name="TheJ3estPenguin">TheJ3estPenguin</span>:</strong> <em>fuck my predictions were wrong</em></div><div class="spacer battle-history"><br></div><div class="battle-history">The opposing Blastoise used <strong>Aura Sphere</strong>!<br></div><div class="battle-history"><small>A critical hit!</small><br></div><div class="battle-history"><small>(Mandibuzz lost <abbr title="−248/424">58.5%</abbr> of its health!)</small><br></div><div class="spacer battle-history"><br></div><div class="battle-history">Mandibuzz fainted!<br></div><div class="spacer battle-history"><br></div><div class="battle-history">Go! <strong>Blissey</strong>!<br></div><div class="spacer battle-history"><br></div><h2 class="battle-history">Turn 20</h2><div class="spacer battle-history"><br></div><div class="battle-history">The opposing Blastoise used <strong>Aura Sphere</strong>!<br></div><div class="battle-history"><small>It's super effective!</small><br></div><div class="battle-history"><small>(Blissey lost <abbr title="−256/714">35.9%</abbr> of its health!)</small><br></div><div class="spacer battle-history"><br></div><div class="battle-history">Blissey used <strong>Seismic Toss</strong>!<br></div><div class="battle-history"><small>(The opposing Blastoise lost <abbr title="−83/345">24.1%</abbr> of its health!)</small><br></div><div class="spacer battle-history"><br></div><div class="battle-history">The opposing Blastoise fainted!<br></div><div class="spacer battle-history"><br></div><div class="battle-history"><small>Blissey restored a little HP using its Leftovers!</small><br></div><div class="spacer battle-history"><br></div><div class="battle-history">TheJ3estPenguin sent out <strong>Mienshao</strong>!<br></div><div class="battle-history"><small>Pointed stones dug into the opposing Mienshao!</small><br></div><div class="spacer battle-history"><br></div><h2 class="battle-history">Turn 21</h2><div class="spacer battle-history"><br></div><div class="battle-history">Blissey, come back!<br></div><div class="battle-history">Go! <strong>Quagsire</strong>!<br></div><div class="spacer battle-history"><br></div><div class="battle-history">The opposing Mienshao used <strong>High Jump Kick</strong>!<br></div><div class="battle-history"><small>(Quagsire lost <abbr title="−190/394">48.2%</abbr> of its health!)</small><br></div><div class="spacer battle-history"><br></div><div class="battle-history"><small>Quagsire restored a little HP using its Leftovers!</small><br></div><div class="spacer battle-history"><br></div><h2 class="battle-history">Turn 22</h2><div class="spacer battle-history"><br></div><div class="battle-history">TheJ3estPenguin withdrew Mienshao!<br></div><div class="battle-history">TheJ3estPenguin sent out <strong>Celebi</strong>!<br></div><div class="battle-history"><small>Pointed stones dug into the opposing Celebi!</small><br></div><div class="spacer battle-history"><br></div><div class="battle-history">Quagsire used <strong>Recover</strong>!<br></div><div class="battle-history"><small>Quagsire restored its HP.</small><br></div><div class="spacer battle-history"><br></div><div class="battle-history"><small>The opposing Celebi restored a little HP using its Leftovers!</small><br></div><div class="spacer battle-history"><br></div><h2 class="battle-history">Turn 23</h2><div class="spacer battle-history"><br></div><div class="battle-history">Quagsire, come back!<br></div><div class="battle-history">Go! <strong>Blissey</strong>!<br></div><div class="spacer battle-history"><br></div><div class="battle-history">The opposing Celebi used <strong>Leaf Storm</strong>!<br></div><div class="battle-history"><small>(Blissey lost <abbr title="−127/714">17.8%</abbr> of its health!)</small><br></div><div class="battle-history"><small>The opposing Celebi's Special Attack fell harshly!</small><br></div><div class="spacer battle-history"><br></div><div class="battle-history"><small>The opposing Celebi restored a little HP using its Leftovers!</small><br></div><div class="battle-history"><small>Blissey restored a little HP using its Leftovers!</small><br></div><div class="spacer battle-history"><br></div><h2 class="battle-history">Turn 24</h2><div class="spacer battle-history"><br></div><div class="battle-history">The opposing Celebi used <strong>Stealth Rock</strong>!<br></div><div class="battle-history"><small>Pointed stones float in the air around your team!</small><br></div><div class="spacer battle-history"><br></div><div class="battle-history">Blissey used <strong>Seismic Toss</strong>!<br></div><div class="battle-history"><small>(The opposing Celebi lost <abbr title="−100/404">24.8%</abbr> of its health!)</small><br></div><div class="spacer battle-history"><br></div><div class="battle-history"><small>The opposing Celebi restored a little HP using its Leftovers!</small><br></div><div class="battle-history"><small>Blissey restored a little HP using its Leftovers!</small><br></div><div class="spacer battle-history"><br></div><h2 class="battle-history">Turn 25</h2><div class="spacer battle-history"><br></div><div class="battle-history">The opposing Celebi used <strong>U-turn</strong>!<br></div><div class="battle-history"><small>A critical hit!</small><br></div><div class="battle-history"><small>(Blissey lost <abbr title="−133/714">18.6%</abbr> of its health!)</small><br></div><div class="spacer battle-history"><br></div><div class="battle-history">The opposing Celebi went back to TheJ3estPenguin!<br></div><div class="battle-history">TheJ3estPenguin sent out <strong>Mienshao</strong>!<br></div><div class="battle-history"><small>Pointed stones dug into the opposing Mienshao!</small><br></div><div class="spacer battle-history"><br></div><div class="battle-history">Blissey used <strong>Heal Bell</strong>!<br></div><div class="battle-history"><small>A bell chimed!</small><br></div><div class="battle-history"><small>Aggron woke up!</small><br></div><div class="spacer battle-history"><br></div><div class="battle-history"><small>Blissey restored a little HP using its Leftovers!</small><br></div><div class="spacer battle-history"><br></div><h2 class="battle-history">Turn 26</h2><div class="spacer battle-history"><br></div><div class="battle-history">Blissey, come back!<br></div><div class="battle-history">Go! Aggron (<strong>Aggron-Mega</strong>)!<br></div><div class="battle-history"><small>Pointed stones dug into Aggron!</small><br></div><div class="spacer battle-history"><br></div><div class="battle-history">The opposing Mienshao is paralyzed! It can't move!<br></div><div class="spacer battle-history"><br></div><h2 class="battle-history">Turn 27</h2><div class="spacer battle-history"><br></div><div class="battle-history">Aggron used <strong>Heavy Slam</strong>!<br></div><div class="battle-history"><small>(The opposing Mienshao lost <abbr title="−188/272">69.1%</abbr> of its health!)</small><br></div><div class="spacer battle-history"><br></div><div class="battle-history">The opposing Mienshao fainted!<br></div><div class="spacer battle-history"><br></div><div class="battle-history">TheJ3estPenguin sent out <strong>Hydreigon</strong>!<br></div><div class="battle-history"><small>Pointed stones dug into the opposing Hydreigon!</small><br></div><div class="spacer battle-history"><br></div><h2 class="battle-history">Turn 28</h2><div class="spacer battle-history"><br></div><div class="battle-history">Aggron, come back!<br></div><div class="battle-history">Go! <strong>Cresselia</strong>!<br></div><div class="battle-history"><small>Pointed stones dug into Cresselia!</small><br></div><div class="spacer battle-history"><br></div><div class="battle-history">The opposing Hydreigon used <strong>Flamethrower</strong>!<br></div><div class="battle-history"><small>(Cresselia lost <abbr title="−49/444">11.0%</abbr> of its health!)</small><br></div><div class="spacer battle-history"><br></div><div class="battle-history">Cresselia fainted!<br></div><div class="spacer battle-history"><br></div><div class="battle-history"><small>The opposing Hydreigon restored a little HP using its Leftovers!</small><br></div><div class="spacer battle-history"><br></div><div class="battle-history">Go! <strong>Suicune</strong>!<br></div><div class="battle-history"><small>Pointed stones dug into Suicune!</small><br></div><div class="battle-history"><small>[Suicune's Pressure]</small><br><small>Suicune is exerting its pressure!</small><br></div><div class="spacer battle-history"><br></div><h2 class="battle-history">Turn 29</h2><div class="spacer battle-history"><br></div><div class="battle-history">TheJ3estPenguin withdrew Hydreigon!<br></div><div class="battle-history">TheJ3estPenguin sent out <strong>Celebi</strong>!<br></div><div class="battle-history"><small>Pointed stones dug into the opposing Celebi!</small><br></div><div class="spacer battle-history"><br></div><div class="battle-history">Suicune used <strong>Calm Mind</strong>!<br></div><div class="battle-history"><small>Suicune's Special Attack rose!</small><br></div><div class="battle-history"><small>Suicune's Special Defense rose!</small><br></div><div class="spacer battle-history"><br></div><div class="battle-history"><small>The opposing Celebi restored a little HP using its Leftovers!</small><br></div><div class="battle-history"><small>Suicune restored a little HP using its Leftovers!</small><br></div><div class="spacer battle-history"><br></div><h2 class="battle-history">Turn 30</h2><div class="spacer battle-history"><br></div><div class="battle-history">The opposing Celebi used <strong>Leaf Storm</strong>!<br></div><div class="battle-history"><small>It's super effective!</small><br></div><div class="battle-history"><small>(Suicune lost <abbr title="−174/404">43.1%</abbr> of its health!)</small><br></div><div class="battle-history"><small>The opposing Celebi's Special Attack fell harshly!</small><br></div><div class="spacer battle-history"><br></div><div class="battle-history">Suicune used <strong>Calm Mind</strong>!<br></div><div class="battle-history"><small>Suicune's Special Attack rose!</small><br></div><div class="battle-history"><small>Suicune's Special Defense rose!</small><br></div><div class="spacer battle-history"><br></div><div class="battle-history"><small>The opposing Celebi restored a little HP using its Leftovers!</small><br></div><div class="battle-history"><small>Suicune restored a little HP using its Leftovers!</small><br></div><div class="spacer battle-history"><br></div><h2 class="battle-history">Turn 31</h2><div class="spacer battle-history"><br></div><div class="battle-history">The opposing Celebi used <strong>Leaf Storm</strong>!<br></div><div class="battle-history"><small>It's super effective!</small><br></div><div class="battle-history"><small>(Suicune lost <abbr title="−66/404">16.3%</abbr> of its health!)</small><br></div><div class="battle-history"><small>The opposing Celebi's Special Attack fell harshly!</small><br></div><div class="spacer battle-history"><br></div><div class="battle-history">Suicune used <strong>Scald</strong>!<br></div><div class="battle-history"><small>It's not very effective...</small><br></div><div class="battle-history"><small>(The opposing Celebi lost <abbr title="−60/404">14.9%</abbr> of its health!)</small><br></div><div class="battle-history"><small>The opposing Celebi was burned!</small><br></div><div class="spacer battle-history"><br></div><div class="battle-history"><small>The opposing Celebi restored a little HP using its Leftovers!</small><br></div><div class="battle-history"><small>Suicune restored a little HP using its Leftovers!</small><br></div><div class="battle-history"><small>The opposing Celebi was hurt by its burn!</small><br></div><div class="spacer battle-history"><br></div><h2 class="battle-history">Turn 32</h2><div class="chat chatmessage-thej3estpenguin"><strong style="color:hsl(338,58%,50.216647385629805%)"><small>★</small><span class="username" data-name="TheJ3estPenguin">TheJ3estPenguin</span>:</strong> <em>oml</em></div><div class="spacer battle-history"><br></div><div class="battle-history">The opposing Celebi used <strong>Leaf Storm</strong>!<br></div><div class="battle-history"><small>It's super effective!</small><br></div><div class="battle-history"><small>(Suicune lost <abbr title="−48/404">11.9%</abbr> of its health!)</small><br></div><div class="battle-history"><small>The opposing Celebi's Special Attack fell harshly!</small><br></div><div class="spacer battle-history"><br></div><div class="battle-history">Suicune used <strong>Rest</strong>!<br></div><div class="battle-history"><small>Suicune fell asleep!</small><br></div><div class="battle-history"><small>Suicune slept and became healthy!</small><br></div><div class="spacer battle-history"><br></div><div class="battle-history"><small>The opposing Celebi restored a little HP using its Leftovers!</small><br></div><div class="battle-history"><small>The opposing Celebi was hurt by its burn!</small><br></div><div class="spacer battle-history"><br></div><h2 class="battle-history">Turn 33</h2><div class="spacer battle-history"><br></div><div class="battle-history">The opposing Celebi used <strong>Recover</strong>!<br></div><div class="battle-history"><small>The opposing Celebi restored its HP.</small><br></div><div class="spacer battle-history"><br></div><div class="battle-history">Suicune is fast asleep.<br></div><div class="spacer battle-history"><br></div><div class="battle-history">Suicune used <strong>Sleep Talk</strong>!<br></div><div class="spacer battle-history"><br></div><div class="battle-history">Suicune used <strong>Scald</strong>!<br></div><div class="battle-history"><small>It's not very effective...</small><br></div><div class="battle-history"><small>(The opposing Celebi lost <abbr title="−66/404">16.3%</abbr> of its health!)</small><br></div><div class="spacer battle-history"><br></div><div class="battle-history"><small>The opposing Celebi restored a little HP using its Leftovers!</small><br></div><div class="battle-history"><small>The opposing Celebi was hurt by its burn!</small><br></div><div class="spacer battle-history"><br></div><h2 class="battle-history">Turn 34</h2><div class="spacer battle-history"><br></div><div class="battle-history">The opposing Celebi used <strong>Leaf Storm</strong>!<br></div><div class="battle-history"><small>It's super effective!</small><br></div><div class="battle-history"><small>(Suicune lost <abbr title="−36/404">8.9%</abbr> of its health!)</small><br></div><div class="spacer battle-history"><br></div><div class="battle-history">Suicune is fast asleep.<br></div><div class="spacer battle-history"><br></div><div class="battle-history">Suicune used <strong>Sleep Talk</strong>!<br></div><div class="spacer battle-history"><br></div><div class="battle-history">Suicune used <strong>Rest</strong>!<br></div><div class="battle-history"><small>But it failed!</small><br></div><div class="spacer battle-history"><br></div><div class="battle-history"><small>The opposing Celebi restored a little HP using its Leftovers!</small><br></div><div class="battle-history"><small>Suicune restored a little HP using its Leftovers!</small><br></div><div class="battle-history"><small>The opposing Celebi was hurt by its burn!</small><br></div><div class="spacer battle-history"><br></div><h2 class="battle-history">Turn 35</h2><div class="chat chatmessage-thej3estpenguin"><strong style="color:hsl(338,58%,50.216647385629805%)"><small>★</small><span class="username" data-name="TheJ3estPenguin">TheJ3estPenguin</span>:</strong> <em>wtf</em></div><div class="chat chatmessage-thej3estpenguin"><strong style="color:hsl(338,58%,50.216647385629805%)"><small>★</small><span class="username" data-name="TheJ3estPenguin">TheJ3estPenguin</span>:</strong> <em>rip</em></div><div class="spacer battle-history"><br></div><div class="battle-history">The opposing Celebi used <strong>U-turn</strong>!<br></div><div class="battle-history"><small>(Suicune lost <abbr title="−17/404">4.2%</abbr> of its health!)</small><br></div><div class="chat chatmessage-lcezasfuck"><strong style="color:hsl(63,60%,38.09380051909%)"><small>★</small><span class="username" data-name="LCezasfuck">LCezasfuck</span>:</strong> <em>สนส</em></div><div class="spacer battle-history"><br></div><div class="battle-history"><small>(The opposing Celebi is cured by its Natural Cure!)</small><br></div><div class="battle-history">The opposing Celebi went back to TheJ3estPenguin!<br></div><div class="battle-history">TheJ3estPenguin sent out <strong>Hydreigon</strong>!<br></div><div class="battle-history"><small>Pointed stones dug into the opposing Hydreigon!</small><br></div><div class="battle-history"><small>Suicune woke up!</small><br></div><div class="spacer battle-history"><br></div><div class="battle-history">Suicune used <strong>Sleep Talk</strong>!<br></div><div class="battle-history"><small>But it failed!</small><br></div><div class="spacer battle-history"><br></div><div class="battle-history"><small>The opposing Hydreigon restored a little HP using its Leftovers!</small><br></div><div class="battle-history"><small>Suicune restored a little HP using its Leftovers!</small><br></div><div class="spacer battle-history"><br></div><h2 class="battle-history">Turn 36</h2><div class="chat chatmessage-lcezasfuck"><strong style="color:hsl(63,60%,38.09380051909%)"><small>★</small><span class="username" data-name="LCezasfuck">LCezasfuck</span>:</strong> <em>lol</em></div><div class="chat chatmessage-lcezasfuck"><strong style="color:hsl(63,60%,38.09380051909%)"><small>★</small><span class="username" data-name="LCezasfuck">LCezasfuck</span>:</strong> <em>more sleep talk</em></div><div class="spacer battle-history"><br></div><div class="battle-history">The opposing Hydreigon used <strong>Dark Pulse</strong>!<br></div><div class="battle-history"><small>(Suicune lost <abbr title="−75/404">18.6%</abbr> of its health!)</small><br></div><div class="spacer battle-history"><br></div><div class="battle-history">Suicune used <strong>Scald</strong>!<br></div><div class="battle-history"><small>It's not very effective...</small><br></div><div class="battle-history"><small>(The opposing Hydreigon lost <abbr title="−94/325">28.9%</abbr> of its health!)</small><br></div><div class="spacer battle-history"><br></div><div class="battle-history"><small>The opposing Hydreigon restored a little HP using its Leftovers!</small><br></div><div class="battle-history"><small>Suicune restored a little HP using its Leftovers!</small><br></div><div class="spacer battle-history"><br></div><h2 class="battle-history">Turn 37</h2><div class="chat chatmessage-thej3estpenguin"><strong style="color:hsl(338,58%,50.216647385629805%)"><small>★</small><span class="username" data-name="TheJ3estPenguin">TheJ3estPenguin</span>:</strong> <em>gg</em></div><div class="spacer battle-history"><br></div><div class="battle-history">The opposing Hydreigon used <strong>Draco Meteor</strong>!<br></div><div class="battle-history"><small>(Suicune lost <abbr title="−108/404">26.7%</abbr> of its health!)</small><br></div><div class="battle-history"><small>The opposing Hydreigon's Special Attack fell harshly!</small><br></div><div class="spacer battle-history"><br></div><div class="battle-history">Suicune used <strong>Calm Mind</strong>!<br></div><div class="battle-history"><small>Suicune's Special Attack rose!</small><br></div><div class="battle-history"><small>Suicune's Special Defense rose!</small><br></div><div class="spacer battle-history"><br></div><div class="battle-history"><small>The opposing Hydreigon restored a little HP using its Leftovers!</small><br></div><div class="battle-history"><small>Suicune restored a little HP using its Leftovers!</small><br></div><div class="spacer battle-history"><br></div><h2 class="battle-history">Turn 38</h2><div class="spacer battle-history"><br></div><div class="battle-history">The opposing Hydreigon used <strong>Draco Meteor</strong>!<br></div><div class="battle-history"><small>(Suicune lost <abbr title="−46/404">11.4%</abbr> of its health!)</small><br></div><div class="battle-history"><small>The opposing Hydreigon's Special Attack fell harshly!</small><br></div><div class="spacer battle-history"><br></div><div class="battle-history">Suicune used <strong>Calm Mind</strong>!<br></div><div class="battle-history"><small>Suicune's Special Attack rose!</small><br></div><div class="battle-history"><small>Suicune's Special Defense rose!</small><br></div><div class="spacer battle-history"><br></div><div class="battle-history"><small>The opposing Hydreigon restored a little HP using its Leftovers!</small><br></div><div class="battle-history"><small>Suicune restored a little HP using its Leftovers!</small><br></div><div class="spacer battle-history"><br></div><h2 class="battle-history">Turn 39</h2><div class="spacer battle-history"><br></div><div class="battle-history">The opposing Hydreigon used <strong>Draco Meteor</strong>!<br></div><div class="battle-history"><small>(Suicune lost <abbr title="−27/404">6.7%</abbr> of its health!)</small><br></div><div class="battle-history"><small>The opposing Hydreigon's Special Attack fell harshly!</small><br></div><div class="spacer battle-history"><br></div><div class="battle-history">Suicune used <strong>Scald</strong>!<br></div><div class="battle-history"><small>It's not very effective...</small><br></div><div class="battle-history"><small>(The opposing Hydreigon lost <abbr title="−130/325">40%</abbr> of its health!)</small><br></div><div class="spacer battle-history"><br></div><div class="battle-history"><small>The opposing Hydreigon restored a little HP using its Leftovers!</small><br></div><div class="battle-history"><small>Suicune restored a little HP using its Leftovers!</small><br></div><div class="spacer battle-history"><br></div><h2 class="battle-history">Turn 40</h2><div class="spacer battle-history"><br></div><div class="battle-history">The opposing Hydreigon used <strong>Draco Meteor</strong>!<br></div><div class="battle-history"><small>(Suicune lost <abbr title="−18/404">4.5%</abbr> of its health!)</small><br></div><div class="spacer battle-history"><br></div><div class="battle-history">Suicune used <strong>Scald</strong>!<br></div><div class="battle-history"><small>It's not very effective...</small><br></div><div class="battle-history"><small>(The opposing Hydreigon lost <abbr title="−61/325">18.8%</abbr> of its health!)</small><br></div><div class="spacer battle-history"><br></div><div class="battle-history">The opposing Hydreigon fainted!<br></div><div class="spacer battle-history"><br></div><div class="battle-history"><small>Suicune restored a little HP using its Leftovers!</small><br></div><div class="spacer battle-history"><br></div><div class="battle-history">TheJ3estPenguin sent out <strong>Celebi</strong>!<br></div><div class="battle-history"><small>Pointed stones dug into the opposing Celebi!</small><br></div><div class="spacer battle-history"><br></div><h2 class="battle-history">Turn 41</h2><div class="spacer battle-history"><br></div><div class="battle-history">TheJ3estPenguin withdrew Celebi!<br></div><div class="battle-history">TheJ3estPenguin sent out <strong>Arcanine</strong>!<br></div><div class="battle-history"><small>Pointed stones dug into the opposing Arcanine!</small><br></div><div class="battle-history"><small>[The opposing Arcanine's Intimidate]</small><br></div><div class="battle-history"><small>Suicune's Attack fell!</small><br></div><div class="spacer battle-history"><br></div><div class="battle-history">Suicune used <strong>Scald</strong>!<br></div><div class="battle-history"><small>It's super effective!</small><br></div><div class="battle-history"><small>(The opposing Arcanine lost <abbr title="−288/383">75.2%</abbr> of its health!)</small><br></div><div class="spacer battle-history"><br></div><div class="battle-history">The opposing Arcanine fainted!<br></div><div class="spacer battle-history"><br></div><div class="battle-history"><small>Suicune restored a little HP using its Leftovers!</small><br></div><div class="chat chatmessage-lcezasfuck"><strong style="color:hsl(63,60%,38.09380051909%)"><small>★</small><span class="username" data-name="LCezasfuck">LCezasfuck</span>:</strong> <em>leaf storm</em></div><div class="chat chatmessage-thej3estpenguin"><strong style="color:hsl(338,58%,50.216647385629805%)"><small>★</small><span class="username" data-name="TheJ3estPenguin">TheJ3estPenguin</span>:</strong> <em>i ran out</em></div><div class="chat chatmessage-lcezasfuck"><strong style="color:hsl(63,60%,38.09380051909%)"><small>★</small><span class="username" data-name="LCezasfuck">LCezasfuck</span>:</strong> <em>ran out of ppppppp</em></div><div class="spacer battle-history"><br></div><div class="battle-history">TheJ3estPenguin sent out <strong>Celebi</strong>!<br></div><div class="battle-history"><small>Pointed stones dug into the opposing Celebi!</small><br></div><div class="spacer battle-history"><br></div><h2 class="battle-history">Turn 42</h2><div class="chat chatmessage-thej3estpenguin"><strong style="color:hsl(338,58%,50.216647385629805%)"><small>★</small><span class="username" data-name="TheJ3estPenguin">TheJ3estPenguin</span>:</strong> <em>fucking pressure</em></div><div class="spacer battle-history"><br></div><div class="battle-history">The opposing Celebi used <strong>U-turn</strong>!<br></div><div class="battle-history"><small>(Suicune lost <abbr title="−31/404">7.7%</abbr> of its health!)</small><br></div><div class="spacer battle-history"><br></div><div class="battle-history">Suicune used <strong>Calm Mind</strong>!<br></div><div class="battle-history"><small>Suicune's Special Attack rose!</small><br></div><div class="battle-history"><small>Suicune's Special Defense rose!</small><br></div><div class="spacer battle-history"><br></div><div class="battle-history"><small>The opposing Celebi restored a little HP using its Leftovers!</small><br></div><div class="battle-history"><small>Suicune restored a little HP using its Leftovers!</small><br></div><div class="spacer battle-history"><br></div><h2 class="battle-history">Turn 43</h2><div class="spacer battle-history"><br></div><div class="battle-history">The opposing Celebi used <strong>U-turn</strong>!<br></div><div class="battle-history"><small>(Suicune lost <abbr title="−34/404">8.4%</abbr> of its health!)</small><br></div><div class="spacer battle-history"><br></div><div class="battle-history">Suicune used <strong>Scald</strong>!<br></div><div class="battle-history"><small>It's not very effective...</small><br></div><div class="battle-history"><small>(The opposing Celebi lost <abbr title="−99/404">24.5%</abbr> of its health!)</small><br></div><div class="spacer battle-history"><br></div><div class="battle-history"><small>The opposing Celebi restored a little HP using its Leftovers!</small><br></div><div class="battle-history"><small>Suicune restored a little HP using its Leftovers!</small><br></div><div class="spacer battle-history"><br></div><h2 class="battle-history">Turn 44</h2><div class="spacer battle-history"><br></div><div class="battle-history">Suicune, come back!<br></div><div class="battle-history">Go! <strong>Quagsire</strong>!<br></div><div class="battle-history"><small>Pointed stones dug into Quagsire!</small><br></div><div class="spacer battle-history"><br></div><div class="battle-history">The opposing Celebi used <strong>U-turn</strong>!<br></div><div class="battle-history"><small>(Quagsire lost <abbr title="−40/394">10.2%</abbr> of its health!)</small><br></div><div class="spacer battle-history"><br></div><div class="battle-history"><small>The opposing Celebi restored a little HP using its Leftovers!</small><br></div><div class="battle-history"><small>Quagsire restored a little HP using its Leftovers!</small><br></div><div class="spacer battle-history"><br></div><h2 class="battle-history">Turn 45</h2><div class="spacer battle-history"><br></div><div class="battle-history">The opposing Celebi used <strong>Recover</strong>!<br></div><div class="battle-history"><small>The opposing Celebi restored its HP.</small><br></div><div class="spacer battle-history"><br></div><div class="battle-history">Quagsire used <strong>Toxic</strong>!<br></div><div class="battle-history"><small>The opposing Celebi was badly poisoned!</small><br></div><div class="spacer battle-history"><br></div><div class="battle-history"><small>The opposing Celebi restored a little HP using its Leftovers!</small><br></div><div class="battle-history"><small>Quagsire restored a little HP using its Leftovers!</small><br></div><div class="battle-history"><small>The opposing Celebi was hurt by poison!</small><br></div><div class="spacer battle-history"><br></div><h2 class="battle-history">Turn 46</h2><div class="spacer battle-history"><br></div><div class="battle-history">Quagsire, come back!<br></div><div class="battle-history">Go! <strong>Blissey</strong>!<br></div><div class="battle-history"><small>Pointed stones dug into Blissey!</small><br></div><div class="spacer battle-history"><br></div><div class="battle-history">The opposing Celebi used <strong>U-turn</strong>!<br></div><div class="battle-history"><small>(Blissey lost <abbr title="−89/714">12.5%</abbr> of its health!)</small><br></div><div class="spacer battle-history"><br></div><div class="battle-history"><small>The opposing Celebi restored a little HP using its Leftovers!</small><br></div><div class="battle-history"><small>Blissey restored a little HP using its Leftovers!</small><br></div><div class="battle-history"><small>The opposing Celebi was hurt by poison!</small><br></div><div class="spacer battle-history"><br></div><h2 class="battle-history">Turn 47</h2><div class="spacer battle-history"><br></div><div class="battle-history">The opposing Celebi used <strong>U-turn</strong>!<br></div><div class="battle-history"><small>(Blissey lost <abbr title="−92/714">12.9%</abbr> of its health!)</small><br></div><div class="spacer battle-history"><br></div><div class="battle-history">Blissey used <strong>Soft-Boiled</strong>!<br></div><div class="battle-history"><small>Blissey restored its HP.</small><br></div><div class="spacer battle-history"><br></div><div class="battle-history"><small>The opposing Celebi restored a little HP using its Leftovers!</small><br></div><div class="battle-history"><small>Blissey restored a little HP using its Leftovers!</small><br></div><div class="battle-history"><small>The opposing Celebi was hurt by poison!</small><br></div><div class="spacer battle-history"><br></div><h2 class="battle-history">Turn 48</h2><div class="spacer battle-history"><br></div><div class="battle-history">Blissey, come back!<br></div><div class="battle-history">Go! Aggron (<strong>Aggron-Mega</strong>)!<br></div><div class="battle-history"><small>Pointed stones dug into Aggron!</small><br></div><div class="spacer battle-history"><br></div><div class="battle-history">The opposing Celebi used <strong>U-turn</strong>!<br></div><div class="battle-history"><small>It's not very effective...</small><br></div><div class="battle-history"><small>(Aggron lost <abbr title="−9/343">2.6%</abbr> of its health!)</small><br></div><div class="spacer battle-history"><br></div><div class="battle-history"><small>The opposing Celebi restored a little HP using its Leftovers!</small><br></div><div class="battle-history"><small>The opposing Celebi was hurt by poison!</small><br></div><div class="spacer battle-history"><br></div><h2 class="battle-history">Turn 49</h2><div class="spacer battle-history"><br></div><div class="battle-history">The opposing Celebi used <strong>Recover</strong>!<br></div><div class="battle-history"><small>The opposing Celebi restored its HP.</small><br></div><div class="spacer battle-history"><br></div><div class="battle-history">Aggron used <strong>Heavy Slam</strong>!<br></div><div class="battle-history"><small>(The opposing Celebi lost <abbr title="−181/404">44.8%</abbr> of its health!)</small><br></div><div class="spacer battle-history"><br></div><div class="battle-history"><small>The opposing Celebi restored a little HP using its Leftovers!</small><br></div><div class="battle-history"><small>The opposing Celebi was hurt by poison!</small><br></div><div class="spacer battle-history"><br></div><h2 class="battle-history">Turn 50</h2><div class="spacer battle-history"><br></div><div class="battle-history">The opposing Celebi used <strong>Recover</strong>!<br></div><div class="battle-history"><small>The opposing Celebi restored its HP.</small><br></div><div class="spacer battle-history"><br></div><div class="battle-history">Aggron used <strong>Heavy Slam</strong>!<br></div><div class="battle-history"><small>(The opposing Celebi lost <abbr title="−201/404">49.8%</abbr> of its health!)</small><br></div><div class="spacer battle-history"><br></div><div class="battle-history"><small>The opposing Celebi restored a little HP using its Leftovers!</small><br></div><div class="battle-history"><small>The opposing Celebi was hurt by poison!</small><br></div><div class="spacer battle-history"><br></div><div class="battle-history">The opposing Celebi fainted!<br></div><div class="spacer battle-history"><br></div><div class="battle-history"><strong>LCezasfuck</strong> won the battle!<br></div><div class="chat chatmessage-lcezasfuck"><strong style="color:hsl(63,60%,38.09380051909%)"><small>★</small><span class="username" data-name="LCezasfuck">LCezasfuck</span>:</strong> <em>gg</em></div></div><div class="inner-preempt"></div></div></div>
</div>
<script>
let daily = Math.floor(Date.now()/1000/60/60/24);document.write('<script src="https://play.pokemonshowdown.com/js/replay-embed.js?version'+daily+'"></'+'script>');
</script>
