<!DOCTYPE html>
<meta charset="utf-8" />
<!-- version 1 -->
<title>UU replay: Jakoborn vs. Treefnol</title>
<style>
html,body {font-family:Verdana, sans-serif;font-size:10pt;margin:0;padding:0;}body{padding:12px 0;} .battle-log {font-family:Verdana, sans-serif;font-size:10pt;} .battle-log-inline {border:1px solid #AAAAAA;background:#EEF2F5;color:black;max-width:640px;margin:0 auto 80px;padding-bottom:5px;} .battle-log .inner {padding:4px 8px 0px 8px;} .battle-log .inner-preempt {padding:0 8px 4px 8px;} .battle-log .inner-after {margin-top:0.5em;} .battle-log h2 {margin:0.5em -8px;padding:4px 8px;border:1px solid #AAAAAA;background:#E0E7EA;border-left:0;border-right:0;font-family:Verdana, sans-serif;font-size:13pt;} .battle-log .chat {vertical-align:middle;padding:3px 0 3px 0;font-size:8pt;} .battle-log .chat strong {color:#40576A;} .battle-log .chat em {padding:1px 4px 1px 3px;color:#000000;font-style:normal;} .chat.mine {background:rgba(0,0,0,0.05);margin-left:-8px;margin-right:-8px;padding-left:8px;padding-right:8px;} .spoiler {color:#BBBBBB;background:#BBBBBB;padding:0px 3px;} .spoiler:hover, .spoiler:active, .spoiler-shown {color:#000000;background:#E2E2E2;padding:0px 3px;} .spoiler a {color:#BBBBBB;} .spoiler:hover a, .spoiler:active a, .spoiler-shown a {color:#2288CC;} .chat code, .chat .spoiler:hover code, .chat .spoiler:active code, .chat .spoiler-shown code {border:1px solid #C0C0C0;background:#EEEEEE;color:black;padding:0 2px;} .chat .spoiler code {border:1px solid #CCCCCC;background:#CCCCCC;color:#CCCCCC;} .battle-log .rated {padding:3px 4px;} .battle-log .rated strong {color:white;background:#89A;padding:1px 4px;border-radius:4px;} .spacer {margin-top:0.5em;} .message-announce {background:#6688AA;color:white;padding:1px 4px 2px;} .message-announce a, .broadcast-green a, .broadcast-blue a, .broadcast-red a {color:#DDEEFF;} .broadcast-green {background-color:#559955;color:white;padding:2px 4px;} .broadcast-blue {background-color:#6688AA;color:white;padding:2px 4px;} .infobox {border:1px solid #6688AA;padding:2px 4px;} .infobox-limited {max-height:200px;overflow:auto;overflow-x:hidden;} .broadcast-red {background-color:#AA5544;color:white;padding:2px 4px;} .message-learn-canlearn {font-weight:bold;color:#228822;text-decoration:underline;} .message-learn-cannotlearn {font-weight:bold;color:#CC2222;text-decoration:underline;} .message-effect-weak {font-weight:bold;color:#CC2222;} .message-effect-resist {font-weight:bold;color:#6688AA;} .message-effect-immune {font-weight:bold;color:#666666;} .message-learn-list {margin-top:0;margin-bottom:0;} .message-throttle-notice, .message-error {color:#992222;} .message-overflow, .chat small.message-overflow {font-size:0pt;} .message-overflow::before {font-size:9pt;content:'...';} .subtle {color:#3A4A66;}
</style>
<div class="wrapper replay-wrapper" style="max-width:1180px;margin:0 auto">
<input type="hidden" name="replayid" value="uu-578371826" />
<div class="battle"></div><div class="battle-log"></div><div class="replay-controls"></div><div class="replay-controls-2"></div>
<h1 style="font-weight:normal;text-align:center"><strong>UU</strong><br /><a href="http://pokemonshowdown.com/users/jakoborn" class="subtle" target="_blank">Jakoborn</a> vs. <a href="http://pokemonshowdown.com/users/treefnol" class="subtle" target="_blank">Treefnol</a></h1>
<script type="text/plain" class="battle-log-data">|j|Jakoborn
|j|Treefnol
|player|p1|Jakoborn|70
|teamsize|p1|6
|player|p2|Treefnol|217
|teamsize|p2|6
|gametype|singles
|gen|6
|tier|UU
|seed|28515,6910,24317,19632
|rule|Sleep Clause Mod: Limit one foe put to sleep
|rule|Species Clause: Limit one of each Pokémon
|rule|OHKO Clause: OHKO moves are banned
|rule|Moody Clause: Moody is banned
|rule|Evasion Moves Clause: Evasion moves are banned
|rule|Endless Battle Clause: Forcing endless battles is banned
|rule|HP Percentage Mod: HP is shown in percentages
|clearpoke
|poke|p1|Milotic, F|item
|poke|p1|Kyurem, shiny|item
|poke|p1|Sylveon, F, shiny|item
|poke|p1|Absol, F, shiny|item
|poke|p1|Celebi|item
|poke|p1|Arcanine, M, shiny|item
|poke|p2|Haxorus, F|item
|poke|p2|Rotom-Heat|item
|poke|p2|Beedrill, M|item
|poke|p2|Cobalion, shiny|item
|poke|p2|Whimsicott, M|item
|poke|p2|Crobat, F, shiny|item
|rule|Swagger Clause: Swagger is banned
|rule|Baton Pass Clause: Limit one Baton Passer, can't pass Spe and other stats simultaneously
|teampreview
|j|CarbonicWolf
|choice|team 4, team 2, team 3, team 1, team 5, team 6|team 4, team 2, team 3, team 1, team 5, team 6
|
|start
|switch|p1a: Absol|Absol, F, shiny|271\/271
|switch|p2a: Zender|Cobalion, shiny|324\/324
|turn|1
|choice|move superpower mega|move stealthrock
|
|detailschange|p1a: Absol|Absol-Mega, F, shiny
|-mega|p1a: Absol|Absol|Absolite
|move|p2a: Zender|Stealth Rock|p1a: Absol
|move|p1a: Absol|Stealth Rock|p2a: Zender|[from]Magic Bounce
|-sidestart|p2: Treefnol|move: Stealth Rock
|move|p1a: Absol|Superpower|p2a: Zender
|-supereffective|p2a: Zender
|-damage|p2a: Zender|58\/324
|-unboost|p1a: Absol|atk|1
|-unboost|p1a: Absol|def|1
|
|upkeep
|turn|2
|choice|move suckerpunch|move closecombat
|
|move|p1a: Absol|Sucker Punch|p2a: Zender
|-resisted|p2a: Zender
|-damage|p2a: Zender|16\/324
|-ability|p2a: Zender|Justified|boost
|-boost|p2a: Zender|atk|1
|move|p2a: Zender|Close Combat|p1a: Absol
|-supereffective|p1a: Absol
|-crit|p1a: Absol
|-damage|p1a: Absol|0 fnt
|-unboost|p2a: Zender|def|1
|-unboost|p2a: Zender|spd|1
|faint|p1a: Absol
|
|upkeep
|choice|switch 6|
|
|switch|p1a: Arcanine|Arcanine, M, shiny|383\/383
|-ability|p1a: Arcanine|Intimidate|boost
|-unboost|p2a: Zender|atk|1
|turn|3
|choice|move extremespeed|move stealthrock
|
|move|p1a: Arcanine|Extreme Speed|p2a: Zender
|-resisted|p2a: Zender
|-damage|p2a: Zender|0 fnt
|faint|p2a: Zender
|
|upkeep
|choice||switch 2
|
|switch|p2a: The Little Microwa|Rotom-Heat|303\/303
|-damage|p2a: The Little Microwa|228\/303|[from] stealthrock
|turn|4
|choice|switch 4|move thunderwave
|
|switch|p1a: Wallrus|Milotic, F|394\/394
|move|p2a: The Little Microwa|Thunder Wave|p1a: Wallrus
|-status|p1a: Wallrus|par
|
|-heal|p2a: The Little Microwa|246\/303|[from] item: Leftovers
|upkeep
|turn|5
|choice|move substitute|move voltswitch
|
|move|p2a: The Little Microwa|Volt Switch|p1a: Wallrus
|-supereffective|p1a: Wallrus
|-damage|p1a: Wallrus|238\/394 par
|choice||switch 3
|
|switch|p2a: Crusaderbee|Beedrill, M|271\/271
|-damage|p2a: Crusaderbee|204\/271|[from] stealthrock
|move|p1a: Wallrus|Substitute|p1a: Wallrus
|-start|p1a: Wallrus|Substitute
|-damage|p1a: Wallrus|140\/394 par
|
|-heal|p1a: Wallrus|164\/394 par|[from] item: Leftovers
|upkeep
|turn|6
|choice|move recover|move protect mega
|
|detailschange|p2a: Crusaderbee|Beedrill-Mega, M
|-mega|p2a: Crusaderbee|Beedrill|Beedrillite
|move|p2a: Crusaderbee|Protect|p2a: Crusaderbee
|-singleturn|p2a: Crusaderbee|Protect
|move|p1a: Wallrus|Recover|p1a: Wallrus
|-heal|p1a: Wallrus|361\/394 par
|
|-heal|p1a: Wallrus|385\/394 par|[from] item: Leftovers
|upkeep
|turn|7
|choice|move icebeam|move poisonjab
|
|move|p2a: Crusaderbee|Poison Jab|p1a: Wallrus
|-end|p1a: Wallrus|Substitute
|move|p1a: Wallrus|Ice Beam|p2a: Crusaderbee
|-damage|p2a: Crusaderbee|116\/271
|
|-heal|p1a: Wallrus|394\/394 par|[from] item: Leftovers
|upkeep
|turn|8
|choice|switch 4|move knockoff
|
|switch|p1a: Arcanine|Arcanine, M, shiny|383\/383
|-ability|p1a: Arcanine|Intimidate|boost
|-unboost|p2a: Crusaderbee|atk|1
|move|p2a: Crusaderbee|Knock Off|p1a: Arcanine
|-crit|p1a: Arcanine
|-damage|p1a: Arcanine|213\/383
|-enditem|p1a: Arcanine|Leftovers|[from] move: Knock Off|[of] p2a: Crusaderbee
|
|upkeep
|turn|9
|choice|move morningsun|move poisonjab
|
|move|p2a: Crusaderbee|Poison Jab|p1a: Arcanine
|-damage|p1a: Arcanine|97\/383
|move|p1a: Arcanine|Morning Sun|p1a: Arcanine
|-heal|p1a: Arcanine|288\/383
|
|upkeep
|turn|10
|choice|move flareblitz|move poisonjab
|
|move|p2a: Crusaderbee|Poison Jab|p1a: Arcanine
|-crit|p1a: Arcanine
|-damage|p1a: Arcanine|10\/383
|move|p1a: Arcanine|Flare Blitz|p2a: Crusaderbee
|-supereffective|p2a: Crusaderbee
|-damage|p2a: Crusaderbee|0 fnt
|-damage|p1a: Arcanine|0 fnt|[from] Recoil|[of] p2a: Crusaderbee
|faint|p2a: Crusaderbee
|faint|p1a: Arcanine
|
|upkeep
|choice|switch 5|switch 4
|
|switch|p2a: Axemdragon|Haxorus, F|293\/293
|switch|p1a: Celebi|Celebi|404\/404
|-damage|p2a: Axemdragon|257\/293|[from] stealthrock
|turn|11
|choice|move thunderwave|move dragondance
|
|move|p2a: Axemdragon|Dragon Dance|p2a: Axemdragon
|-boost|p2a: Axemdragon|atk|1
|-boost|p2a: Axemdragon|spe|1
|move|p1a: Celebi|Thunder Wave|p2a: Axemdragon
|-status|p2a: Axemdragon|par
|
|upkeep
|turn|12
|choice|move gigadrain|move poisonjab
|
|move|p1a: Celebi|Giga Drain|p2a: Axemdragon
|-resisted|p2a: Axemdragon
|-damage|p2a: Axemdragon|195\/293 par
|move|p2a: Axemdragon|Poison Jab|p1a: Celebi
|-supereffective|p1a: Celebi
|-damage|p1a: Celebi|45\/404
|-status|p1a: Celebi|psn
|-damage|p2a: Axemdragon|166\/293 par|[from] item: Life Orb
|
|-heal|p1a: Celebi|70\/404 psn|[from] item: Leftovers
|-damage|p1a: Celebi|20\/404 psn|[from] psn
|upkeep
|turn|13
|choice|switch 2|move poisonjab
|
|-curestatus|p1a: Celebi|psn|[from] ability: Natural Cure
|switch|p1a: Kyurem|Kyurem, shiny|391\/391
|-ability|p1a: Kyurem|Pressure
|move|p2a: Axemdragon|Poison Jab|p1a: Kyurem
|-damage|p1a: Kyurem|139\/391
|-damage|p2a: Axemdragon|137\/293 par|[from] item: Life Orb
|
|upkeep
|turn|14
|choice|move earthpower|switch 3
|
|switch|p2a: The Little Microwa|Rotom-Heat|246\/303
|-damage|p2a: The Little Microwa|171\/303|[from] stealthrock
|move|p1a: Kyurem|Earth Power|p2a: The Little Microwa
|-immune|p2a: The Little Microwa|[msg]|[from] ability: Levitate
|
|-heal|p2a: The Little Microwa|189\/303|[from] item: Leftovers
|upkeep
|turn|15
|choice|switch 3|move voltswitch
|
|switch|p1a: Dragon Slayer|Sylveon, F, shiny|394\/394
|move|p2a: The Little Microwa|Volt Switch|p1a: Dragon Slayer
|-damage|p1a: Dragon Slayer|340\/394
|choice||switch 6
|
|switch|p2a: Fatbat the Meme|Crobat, F, shiny|373\/373
|-damage|p2a: Fatbat the Meme|280\/373|[from] stealthrock
|
|-heal|p2a: Fatbat the Meme|303\/373|[from] item: Black Sludge
|-heal|p1a: Dragon Slayer|364\/394|[from] item: Leftovers
|upkeep
|turn|16
|choice|move calmmind|move toxic
|
|move|p2a: Fatbat the Meme|Toxic|p1a: Dragon Slayer
|-status|p1a: Dragon Slayer|tox
|move|p1a: Dragon Slayer|Calm Mind|p1a: Dragon Slayer
|-boost|p1a: Dragon Slayer|spa|1
|-boost|p1a: Dragon Slayer|spd|1
|
|-heal|p2a: Fatbat the Meme|326\/373|[from] item: Black Sludge
|-heal|p1a: Dragon Slayer|388\/394 tox|[from] item: Leftovers
|-damage|p1a: Dragon Slayer|364\/394 tox|[from] psn
|upkeep
|turn|17
|choice|move hypervoice|move bravebird
|
|move|p2a: Fatbat the Meme|Brave Bird|p1a: Dragon Slayer
|-damage|p1a: Dragon Slayer|195\/394 tox
|-damage|p2a: Fatbat the Meme|270\/373|[from] Recoil|[of] p1a: Dragon Slayer
|move|p1a: Dragon Slayer|Hyper Voice|p2a: Fatbat the Meme
|-resisted|p2a: Fatbat the Meme
|-damage|p2a: Fatbat the Meme|131\/373
|
|-heal|p2a: Fatbat the Meme|154\/373|[from] item: Black Sludge
|-heal|p1a: Dragon Slayer|219\/394 tox|[from] item: Leftovers
|-damage|p1a: Dragon Slayer|171\/394 tox|[from] psn
|upkeep
|turn|18
|choice|move drainingkiss|move roost
|
|move|p2a: Fatbat the Meme|Roost|p2a: Fatbat the Meme
|-heal|p2a: Fatbat the Meme|341\/373
|move|p1a: Dragon Slayer|Draining Kiss|p2a: Fatbat the Meme
|-resisted|p2a: Fatbat the Meme
|-damage|p2a: Fatbat the Meme|281\/373
|-heal|p1a: Dragon Slayer|216\/394 tox|[from] drain|[of] p2a: Fatbat the Meme
|
|-heal|p2a: Fatbat the Meme|304\/373|[from] item: Black Sludge
|-heal|p1a: Dragon Slayer|240\/394 tox|[from] item: Leftovers
|-damage|p1a: Dragon Slayer|168\/394 tox|[from] psn
|upkeep
|turn|19
|choice|switch 2|move defog
|
|switch|p1a: Celebi|Celebi|20\/404
|move|p2a: Fatbat the Meme|Defog|p1a: Celebi
|-unboost|p1a: Celebi|evasion|1
|-sideend|p2: Treefnol|stealthrock|[from] move: Defog|[of] p2a: Fatbat the Meme
|
|-heal|p2a: Fatbat the Meme|327\/373|[from] item: Black Sludge
|-heal|p1a: Celebi|45\/404|[from] item: Leftovers
|upkeep
|turn|20
|choice|move healingwish|move bravebird
|
|move|p2a: Fatbat the Meme|Brave Bird|p1a: Celebi
|-supereffective|p1a: Celebi
|-damage|p1a: Celebi|0 fnt
|-damage|p2a: Fatbat the Meme|312\/373|[from] Recoil|[of] p1a: Celebi
|faint|p1a: Celebi
|
|-heal|p2a: Fatbat the Meme|335\/373|[from] item: Black Sludge
|upkeep
|choice|switch 4|
|
|switch|p1a: Wallrus|Milotic, F|394\/394 par
|turn|21
|choice|move substitute|move bravebird
|
|move|p2a: Fatbat the Meme|Brave Bird|p1a: Wallrus
|-damage|p1a: Wallrus|292\/394 par
|-damage|p2a: Fatbat the Meme|301\/373|[from] Recoil|[of] p1a: Wallrus
|move|p1a: Wallrus|Substitute|p1a: Wallrus
|-start|p1a: Wallrus|Substitute
|-damage|p1a: Wallrus|194\/394 par
|
|-heal|p2a: Fatbat the Meme|324\/373|[from] item: Black Sludge
|-heal|p1a: Wallrus|218\/394 par|[from] item: Leftovers
|upkeep
|turn|22
|choice|move scald|move bravebird
|
|move|p2a: Fatbat the Meme|Brave Bird|p1a: Wallrus
|-damage|p1a: Wallrus|118\/394 par
|-damage|p2a: Fatbat the Meme|291\/373|[from] Recoil|[of] p1a: Wallrus
|move|p1a: Wallrus|Scald|p2a: Fatbat the Meme
|-damage|p2a: Fatbat the Meme|183\/373
|-status|p2a: Fatbat the Meme|brn
|
|-heal|p2a: Fatbat the Meme|206\/373 brn|[from] item: Black Sludge
|-heal|p1a: Wallrus|142\/394 par|[from] item: Leftovers
|-damage|p2a: Fatbat the Meme|160\/373 brn|[from] brn
|upkeep
|turn|23
|choice|move recover|move roost
|
|move|p2a: Fatbat the Meme|Roost|p2a: Fatbat the Meme
|-heal|p2a: Fatbat the Meme|347\/373 brn
|cant|p1a: Wallrus|par
|
|-heal|p2a: Fatbat the Meme|370\/373 brn|[from] item: Black Sludge
|-heal|p1a: Wallrus|166\/394 par|[from] item: Leftovers
|-damage|p2a: Fatbat the Meme|324\/373 brn|[from] brn
|upkeep
|turn|24
|choice|move recover|move bravebird
|
|move|p2a: Fatbat the Meme|Brave Bird|p1a: Wallrus
|-crit|p1a: Wallrus
|-damage|p1a: Wallrus|82\/394 par
|-damage|p2a: Fatbat the Meme|296\/373 brn|[from] Recoil|[of] p1a: Wallrus
|move|p1a: Wallrus|Recover|p1a: Wallrus
|-heal|p1a: Wallrus|279\/394 par
|
|-heal|p2a: Fatbat the Meme|319\/373 brn|[from] item: Black Sludge
|-heal|p1a: Wallrus|303\/394 par|[from] item: Leftovers
|-damage|p2a: Fatbat the Meme|273\/373 brn|[from] brn
|upkeep
|turn|25
|choice|move icebeam|move bravebird
|
|move|p2a: Fatbat the Meme|Brave Bird|p1a: Wallrus
|-damage|p1a: Wallrus|246\/394 par
|-damage|p2a: Fatbat the Meme|254\/373 brn|[from] Recoil|[of] p1a: Wallrus
|move|p1a: Wallrus|Ice Beam|p2a: Fatbat the Meme
|-supereffective|p2a: Fatbat the Meme
|-damage|p2a: Fatbat the Meme|80\/373 brn
|
|-heal|p2a: Fatbat the Meme|103\/373 brn|[from] item: Black Sludge
|-heal|p1a: Wallrus|270\/394 par|[from] item: Leftovers
|-damage|p2a: Fatbat the Meme|57\/373 brn|[from] brn
|upkeep
|turn|26
|choice|move icebeam|move roost
|
|move|p2a: Fatbat the Meme|Roost|p2a: Fatbat the Meme
|-heal|p2a: Fatbat the Meme|244\/373 brn
|move|p1a: Wallrus|Ice Beam|p2a: Fatbat the Meme
|-damage|p2a: Fatbat the Meme|162\/373 brn
|
|-heal|p2a: Fatbat the Meme|185\/373 brn|[from] item: Black Sludge
|-heal|p1a: Wallrus|294\/394 par|[from] item: Leftovers
|-damage|p2a: Fatbat the Meme|139\/373 brn|[from] brn
|upkeep
|turn|27
|choice|move icebeam|switch 5
|
|switch|p2a: Earthly Demon|Whimsicott, M|261\/261
|cant|p1a: Wallrus|par
|
|-heal|p1a: Wallrus|318\/394 par|[from] item: Leftovers
|upkeep
|turn|28
|choice|move icebeam|move gigadrain
|
|move|p2a: Earthly Demon|Giga Drain|p1a: Wallrus
|-supereffective|p1a: Wallrus
|-end|p1a: Wallrus|Substitute
|move|p1a: Wallrus|Ice Beam|p2a: Earthly Demon
|-supereffective|p2a: Earthly Demon
|-damage|p2a: Earthly Demon|83\/261
|
|-heal|p1a: Wallrus|342\/394 par|[from] item: Leftovers
|upkeep
|turn|29
|choice|move icebeam|move gigadrain
|
|move|p2a: Earthly Demon|Giga Drain|p1a: Wallrus
|-supereffective|p1a: Wallrus
|-damage|p1a: Wallrus|190\/394 par
|-heal|p2a: Earthly Demon|159\/261|[from] drain|[of] p1a: Wallrus
|move|p1a: Wallrus|Ice Beam|p2a: Earthly Demon
|-supereffective|p2a: Earthly Demon
|-damage|p2a: Earthly Demon|0 fnt
|faint|p2a: Earthly Demon
|
|-heal|p1a: Wallrus|214\/394 par|[from] item: Leftovers
|upkeep
|choice||switch 6
|
|switch|p2a: The Little Microwa|Rotom-Heat|189\/303
|turn|30
|choice|switch 3|move painsplit
|
|switch|p1a: Kyurem|Kyurem, shiny|139\/391
|-ability|p1a: Kyurem|Pressure
|move|p2a: The Little Microwa|Pain Split|p1a: Kyurem
|-sethp|p1a: Kyurem|164\/391|p2a: The Little Microwa|164\/303|[from] move: Pain Split
|
|-heal|p2a: The Little Microwa|182\/303|[from] item: Leftovers
|upkeep
|turn|31
|choice|move dracometeor|move overheat
|
|move|p1a: Kyurem|Draco Meteor|p2a: The Little Microwa
|-damage|p2a: The Little Microwa|0 fnt
|-unboost|p1a: Kyurem|spa|2
|faint|p2a: The Little Microwa
|
|upkeep
|choice||switch 5
|
|switch|p2a: Fatbat the Meme|Crobat, F, shiny|139\/373 brn
|turn|32
|choice|move dracometeor|move roost
|
|move|p2a: Fatbat the Meme|Roost|p2a: Fatbat the Meme
|-heal|p2a: Fatbat the Meme|326\/373 brn
|move|p1a: Kyurem|Draco Meteor|p2a: Fatbat the Meme
|-damage|p2a: Fatbat the Meme|110\/373 brn
|-unboost|p1a: Kyurem|spa|2
|
|-heal|p2a: Fatbat the Meme|133\/373 brn|[from] item: Black Sludge
|-damage|p2a: Fatbat the Meme|87\/373 brn|[from] brn
|upkeep
|turn|33
|choice|move dracometeor|move roost
|
|move|p2a: Fatbat the Meme|Roost|p2a: Fatbat the Meme
|-heal|p2a: Fatbat the Meme|274\/373 brn
|move|p1a: Kyurem|Draco Meteor|p2a: Fatbat the Meme
|-damage|p2a: Fatbat the Meme|147\/373 brn
|-unboost|p1a: Kyurem|spa|2
|
|-heal|p2a: Fatbat the Meme|170\/373 brn|[from] item: Black Sludge
|-damage|p2a: Fatbat the Meme|124\/373 brn|[from] brn
|upkeep
|turn|34
|choice|move dracometeor|move roost
|
|move|p2a: Fatbat the Meme|Roost|p2a: Fatbat the Meme
|-heal|p2a: Fatbat the Meme|311\/373 brn
|move|p1a: Kyurem|Draco Meteor|p2a: Fatbat the Meme
|-damage|p2a: Fatbat the Meme|200\/373 brn
|
|-heal|p2a: Fatbat the Meme|223\/373 brn|[from] item: Black Sludge
|-damage|p2a: Fatbat the Meme|177\/373 brn|[from] brn
|upkeep
|turn|35
|choice|move dracometeor|move toxic
|
|move|p2a: Fatbat the Meme|Toxic|p1a: Kyurem
|-status|p1a: Kyurem|tox
|move|p1a: Kyurem|Draco Meteor|p2a: Fatbat the Meme
|-damage|p2a: Fatbat the Meme|65\/373 brn
|
|-heal|p2a: Fatbat the Meme|88\/373 brn|[from] item: Black Sludge
|-damage|p2a: Fatbat the Meme|42\/373 brn|[from] brn
|-damage|p1a: Kyurem|140\/391 tox|[from] psn
|upkeep
|turn|36
|choice|move dracometeor|move roost
|
|move|p2a: Fatbat the Meme|Roost|p2a: Fatbat the Meme
|-heal|p2a: Fatbat the Meme|229\/373 brn
|move|p1a: Kyurem|Draco Meteor|p2a: Fatbat the Meme
|-damage|p2a: Fatbat the Meme|127\/373 brn
|
|-heal|p2a: Fatbat the Meme|150\/373 brn|[from] item: Black Sludge
|-damage|p2a: Fatbat the Meme|104\/373 brn|[from] brn
|-damage|p1a: Kyurem|92\/391 tox|[from] psn
|upkeep
|turn|37
|choice|move dracometeor|move roost
|
|move|p2a: Fatbat the Meme|Roost|p2a: Fatbat the Meme
|-heal|p2a: Fatbat the Meme|291\/373 brn
|move|p1a: Kyurem|Draco Meteor|p2a: Fatbat the Meme
|-damage|p2a: Fatbat the Meme|183\/373 brn
|
|-heal|p2a: Fatbat the Meme|206\/373 brn|[from] item: Black Sludge
|-damage|p2a: Fatbat the Meme|160\/373 brn|[from] brn
|-damage|p1a: Kyurem|20\/391 tox|[from] psn
|upkeep
|turn|38
|choice|move dracometeor|move roost
|
|move|p2a: Fatbat the Meme|Roost|p2a: Fatbat the Meme
|-heal|p2a: Fatbat the Meme|347\/373 brn
|move|p1a: Kyurem|Draco Meteor|p2a: Fatbat the Meme
|-damage|p2a: Fatbat the Meme|235\/373 brn
|
|-heal|p2a: Fatbat the Meme|258\/373 brn|[from] item: Black Sludge
|-damage|p2a: Fatbat the Meme|212\/373 brn|[from] brn
|-damage|p1a: Kyurem|0 fnt|[from] psn
|upkeep
|faint|p1a: Kyurem
|choice|switch 3|
|
|switch|p1a: Wallrus|Milotic, F|214\/394 par
|turn|39
|choice|move recover|switch 3
|
|switch|p2a: Axemdragon|Haxorus, F|137\/293 par
|cant|p1a: Wallrus|par
|
|-heal|p1a: Wallrus|238\/394 par|[from] item: Leftovers
|upkeep
|turn|40
|choice|move icebeam|move dragonclaw
|
|cant|p2a: Axemdragon|par
|cant|p1a: Wallrus|par
|
|-heal|p1a: Wallrus|262\/394 par|[from] item: Leftovers
|upkeep
|turn|41
|choice|switch 2|move dragonclaw
|
|switch|p1a: Dragon Slayer|Sylveon, F, shiny|168\/394 tox
|move|p2a: Axemdragon|Dragon Claw|p1a: Dragon Slayer
|-immune|p1a: Dragon Slayer|[msg]
|
|-heal|p1a: Dragon Slayer|192\/394 tox|[from] item: Leftovers
|-damage|p1a: Dragon Slayer|168\/394 tox|[from] psn
|upkeep
|turn|42
|choice|move hypervoice|move poisonjab
|
|move|p1a: Dragon Slayer|Hyper Voice|p2a: Axemdragon
|-supereffective|p2a: Axemdragon
|-damage|p2a: Axemdragon|0 fnt
|faint|p2a: Axemdragon
|
|-heal|p1a: Dragon Slayer|192\/394 tox|[from] item: Leftovers
|-damage|p1a: Dragon Slayer|144\/394 tox|[from] psn
|upkeep
|choice||switch 3
|
|switch|p2a: Fatbat the Meme|Crobat, F, shiny|212\/373 brn
|turn|43
|choice|move hypervoice|move bravebird
|
|move|p2a: Fatbat the Meme|Brave Bird|p1a: Dragon Slayer
|-damage|p1a: Dragon Slayer|54\/394 tox
|-damage|p2a: Fatbat the Meme|182\/373 brn|[from] Recoil|[of] p1a: Dragon Slayer
|move|p1a: Dragon Slayer|Hyper Voice|p2a: Fatbat the Meme
|-resisted|p2a: Fatbat the Meme
|-damage|p2a: Fatbat the Meme|83\/373 brn
|
|-heal|p2a: Fatbat the Meme|106\/373 brn|[from] item: Black Sludge
|-heal|p1a: Dragon Slayer|78\/394 tox|[from] item: Leftovers
|-damage|p2a: Fatbat the Meme|60\/373 brn|[from] brn
|-damage|p1a: Dragon Slayer|6\/394 tox|[from] psn
|upkeep
|turn|44
|choice|move hypervoice|move roost
|
|move|p2a: Fatbat the Meme|Roost|p2a: Fatbat the Meme
|-heal|p2a: Fatbat the Meme|247\/373 brn
|move|p1a: Dragon Slayer|Hyper Voice|p2a: Fatbat the Meme
|-resisted|p2a: Fatbat the Meme
|-damage|p2a: Fatbat the Meme|148\/373 brn
|
|-heal|p2a: Fatbat the Meme|171\/373 brn|[from] item: Black Sludge
|-heal|p1a: Dragon Slayer|30\/394 tox|[from] item: Leftovers
|-damage|p2a: Fatbat the Meme|125\/373 brn|[from] brn
|-damage|p1a: Dragon Slayer|0 fnt|[from] psn
|upkeep
|faint|p1a: Dragon Slayer
|choice|switch 2|
|
|switch|p1a: Wallrus|Milotic, F|262\/394 par
|turn|45
|choice|move recover|move bravebird
|
|move|p2a: Fatbat the Meme|Brave Bird|p1a: Wallrus
|-damage|p1a: Wallrus|211\/394 par
|-damage|p2a: Fatbat the Meme|108\/373 brn|[from] Recoil|[of] p1a: Wallrus
|move|p1a: Wallrus|Recover|p1a: Wallrus
|-heal|p1a: Wallrus|394\/394 par
|
|-heal|p2a: Fatbat the Meme|131\/373 brn|[from] item: Black Sludge
|-damage|p2a: Fatbat the Meme|85\/373 brn|[from] brn
|upkeep
|turn|46
|choice|move icebeam|move bravebird
|
|move|p2a: Fatbat the Meme|Brave Bird|p1a: Wallrus
|-crit|p1a: Wallrus
|-damage|p1a: Wallrus|313\/394 par
|-damage|p2a: Fatbat the Meme|58\/373 brn|[from] Recoil|[of] p1a: Wallrus
|move|p1a: Wallrus|Ice Beam|p2a: Fatbat the Meme
|-supereffective|p2a: Fatbat the Meme
|-damage|p2a: Fatbat the Meme|0 fnt
|faint|p2a: Fatbat the Meme
|
|win|Jakoborn
|l|CarbonicWolf</script>
</div>
<div class="battle-log battle-log-inline"><div class="inner"><div class="battle-options"></div><div class="inner"><div class="chat"><small>Jakoborn joined.</small></div><div class="chat"><small>Treefnol joined.</small></div><div class=""><small>Format:</small> <br><strong>UU</strong></div><div class=""><small><em>Sleep Clause Mod:</em> Limit one foe put to sleep</small></div><div class=""><small><em>Species Clause:</em> Limit one of each Pokémon</small></div><div class=""><small><em>OHKO Clause:</em> OHKO moves are banned</small></div><div class=""><small><em>Moody Clause:</em> Moody is banned</small></div><div class=""><small><em>Evasion Moves Clause:</em> Evasion moves are banned</small></div><div class=""><small><em>Endless Battle Clause:</em> Forcing endless battles is banned</small></div><div class=""><small><em>HP Percentage Mod:</em> HP is shown in percentages</small></div><div class=""><small><em>Swagger Clause:</em> Swagger is banned</small></div><div class=""><small><em>Baton Pass Clause:</em> Limit one Baton Passer, can't pass Spe and other stats simultaneously</small></div><div class="chat battle-history"><strong>Jakoborn's team:</strong> <em style="color:#445566;display:block;">Milotic / Kyurem / Sylveon / Absol / Celebi / Arcanine</em></div><div class="chat battle-history"><strong>Treefnol's team:</strong> <em style="color:#445566;display:block;">Haxorus / Rotom-Heat / Beedrill / Cobalion / Whimsicott / Crobat</em></div><div class="chat"><small>CarbonicWolf joined.</small></div><div class="spacer battle-history"><br></div><div class="battle-history">Battle started between Jakoborn and Treefnol!<br></div><div class="spacer battle-history"><br></div><div class="battle-history">Go! <strong>Absol</strong>!<br></div><div class="spacer battle-history"><br></div><div class="battle-history">Treefnol sent out Zender (<strong>Cobalion</strong>)!<br></div><div class="spacer battle-history"><br></div><h2 class="battle-history">Turn 1</h2><div class="spacer battle-history"><br></div><div class="battle-history"><small>Absol's Absolite is reacting to Jakoborn's Mega Bracelet!</small><br>Absol has Mega Evolved into Mega Absol!<br></div><div class="spacer battle-history"><br></div><div class="battle-history">The opposing Zender used <strong>Stealth Rock</strong>!<br></div><div class="spacer battle-history"><br></div><div class="battle-history"><small>[Absol's Magic Bounce]</small><br>Absol bounced the Stealth Rock back!<br></div><div class="battle-history"><small>Pointed stones float in the air around the opposing team!</small><br></div><div class="spacer battle-history"><br></div><div class="battle-history">Absol used <strong>Superpower</strong>!<br></div><div class="battle-history"><small>It's super effective!</small><br></div><div class="battle-history"><small>(The opposing Zender lost <abbr title="−266/324">82.1%</abbr> of its health!)</small><br></div><div class="battle-history"><small>Absol's Attack fell!</small><br></div><div class="battle-history"><small>Absol's Defense fell!</small><br></div><div class="spacer battle-history"><br></div><h2 class="battle-history">Turn 2</h2><div class="spacer battle-history"><br></div><div class="battle-history">Absol used <strong>Sucker Punch</strong>!<br></div><div class="battle-history"><small>It's not very effective...</small><br></div><div class="battle-history"><small>(The opposing Zender lost <abbr title="−42/324">13.0%</abbr> of its health!)</small><br></div><div class="battle-history"><small>[The opposing Zender's Justified]</small><br></div><div class="battle-history"><small>The opposing Zender's Attack rose!</small><br></div><div class="spacer battle-history"><br></div><div class="battle-history">The opposing Zender used <strong>Close Combat</strong>!<br></div><div class="battle-history"><small>It's super effective!</small><br></div><div class="battle-history"><small>A critical hit!</small><br></div><div class="battle-history"><small>(Absol lost <abbr title="−271/271">100%</abbr> of its health!)</small><br></div><div class="battle-history"><small>The opposing Zender's Defense fell!</small><br></div><div class="battle-history"><small>The opposing Zender's Special Defense fell!</small><br></div><div class="spacer battle-history"><br></div><div class="battle-history">Absol fainted!<br></div><div class="spacer battle-history"><br></div><div class="battle-history">Go! <strong>Arcanine</strong>!<br></div><div class="battle-history"><small>[Arcanine's Intimidate]</small><br></div><div class="battle-history"><small>The opposing Zender's Attack fell!</small><br></div><div class="spacer battle-history"><br></div><h2 class="battle-history">Turn 3</h2><div class="spacer battle-history"><br></div><div class="battle-history">Arcanine used <strong>Extreme Speed</strong>!<br></div><div class="battle-history"><small>It's not very effective...</small><br></div><div class="battle-history"><small>(The opposing Zender lost <abbr title="−16/324">4.9%</abbr> of its health!)</small><br></div><div class="spacer battle-history"><br></div><div class="battle-history">The opposing Zender fainted!<br></div><div class="spacer battle-history"><br></div><div class="battle-history">Treefnol sent out The Little Microwa (<strong>Rotom-Heat</strong>)!<br></div><div class="battle-history"><small>Pointed stones dug into the opposing The Little Microwa!</small><br></div><div class="spacer battle-history"><br></div><h2 class="battle-history">Turn 4</h2><div class="spacer battle-history"><br></div><div class="battle-history">Arcanine, come back!<br></div><div class="battle-history">Go! Wallrus (<strong>Milotic</strong>)!<br></div><div class="spacer battle-history"><br></div><div class="battle-history">The opposing The Little Microwa used <strong>Thunder Wave</strong>!<br></div><div class="battle-history"><small>Wallrus is paralyzed! It may be unable to move!</small><br></div><div class="spacer battle-history"><br></div><div class="battle-history"><small>The opposing The Little Microwa restored a little HP using its Leftovers!</small><br></div><div class="spacer battle-history"><br></div><h2 class="battle-history">Turn 5</h2><div class="spacer battle-history"><br></div><div class="battle-history">The opposing The Little Microwa used <strong>Volt Switch</strong>!<br></div><div class="battle-history"><small>It's super effective!</small><br></div><div class="battle-history"><small>(Wallrus lost <abbr title="−156/394">39.6%</abbr> of its health!)</small><br></div><div class="spacer battle-history"><br></div><div class="battle-history">The opposing The Little Microwa went back to Treefnol!<br></div><div class="battle-history">Treefnol sent out Crusaderbee (<strong>Beedrill</strong>)!<br></div><div class="battle-history"><small>Pointed stones dug into the opposing Crusaderbee!</small><br></div><div class="spacer battle-history"><br></div><div class="battle-history">Wallrus used <strong>Substitute</strong>!<br></div><div class="battle-history"><small>Wallrus put in a substitute!</small><br></div><div class="battle-history"><small>(Wallrus lost <abbr title="−98/394">24.9%</abbr> of its health!)</small><br></div><div class="spacer battle-history"><br></div><div class="battle-history"><small>Wallrus restored a little HP using its Leftovers!</small><br></div><div class="spacer battle-history"><br></div><h2 class="battle-history">Turn 6</h2><div class="spacer battle-history"><br></div><div class="battle-history"><small>The opposing Crusaderbee's Beedrillite is reacting to Treefnol's Mega Bracelet!</small><br>The opposing Crusaderbee has Mega Evolved into Mega Beedrill!<br></div><div class="spacer battle-history"><br></div><div class="battle-history">The opposing Crusaderbee used <strong>Protect</strong>!<br></div><div class="battle-history"><small>The opposing Crusaderbee protected itself!</small><br></div><div class="spacer battle-history"><br></div><div class="battle-history">Wallrus used <strong>Recover</strong>!<br></div><div class="battle-history"><small>Wallrus restored its HP.</small><br></div><div class="spacer battle-history"><br></div><div class="battle-history"><small>Wallrus restored a little HP using its Leftovers!</small><br></div><div class="spacer battle-history"><br></div><h2 class="battle-history">Turn 7</h2><div class="spacer battle-history"><br></div><div class="battle-history">The opposing Crusaderbee used <strong>Poison Jab</strong>!<br></div><div class="battle-history"><small>Wallrus's substitute faded!</small><br></div><div class="spacer battle-history"><br></div><div class="battle-history">Wallrus used <strong>Ice Beam</strong>!<br></div><div class="battle-history"><small>(The opposing Crusaderbee lost <abbr title="−88/271">32.5%</abbr> of its health!)</small><br></div><div class="spacer battle-history"><br></div><div class="battle-history"><small>Wallrus restored a little HP using its Leftovers!</small><br></div><div class="spacer battle-history"><br></div><h2 class="battle-history">Turn 8</h2><div class="spacer battle-history"><br></div><div class="battle-history">Wallrus, come back!<br></div><div class="battle-history">Go! <strong>Arcanine</strong>!<br></div><div class="battle-history"><small>[Arcanine's Intimidate]</small><br></div><div class="battle-history"><small>The opposing Crusaderbee's Attack fell!</small><br></div><div class="spacer battle-history"><br></div><div class="battle-history">The opposing Crusaderbee used <strong>Knock Off</strong>!<br></div><div class="battle-history"><small>A critical hit!</small><br></div><div class="battle-history"><small>(Arcanine lost <abbr title="−170/383">44.4%</abbr> of its health!)</small><br></div><div class="battle-history"><small>The opposing Crusaderbee knocked off Arcanine's Leftovers!</small><br></div><div class="spacer battle-history"><br></div><h2 class="battle-history">Turn 9</h2><div class="spacer battle-history"><br></div><div class="battle-history">The opposing Crusaderbee used <strong>Poison Jab</strong>!<br></div><div class="battle-history"><small>(Arcanine lost <abbr title="−116/383">30.3%</abbr> of its health!)</small><br></div><div class="spacer battle-history"><br></div><div class="battle-history">Arcanine used <strong>Morning Sun</strong>!<br></div><div class="battle-history"><small>Arcanine restored its HP.</small><br></div><div class="spacer battle-history"><br></div><h2 class="battle-history">Turn 10</h2><div class="spacer battle-history"><br></div><div class="battle-history">The opposing Crusaderbee used <strong>Poison Jab</strong>!<br></div><div class="battle-history"><small>A critical hit!</small><br></div><div class="battle-history"><small>(Arcanine lost <abbr title="−278/383">72.6%</abbr> of its health!)</small><br></div><div class="spacer battle-history"><br></div><div class="battle-history">Arcanine used <strong>Flare Blitz</strong>!<br></div><div class="battle-history"><small>It's super effective!</small><br></div><div class="battle-history"><small>(The opposing Crusaderbee lost <abbr title="−116/271">42.8%</abbr> of its health!)</small><br></div><div class="battle-history"><small>Arcanine is damaged by the recoil!</small><br></div><div class="spacer battle-history"><br></div><div class="battle-history">The opposing Crusaderbee fainted!<br></div><div class="battle-history">Arcanine fainted!<br></div><div class="spacer battle-history"><br></div><div class="battle-history">Treefnol sent out Axemdragon (<strong>Haxorus</strong>)!<br></div><div class="spacer battle-history"><br></div><div class="battle-history">Go! <strong>Celebi</strong>!<br></div><div class="battle-history"><small>Pointed stones dug into the opposing Axemdragon!</small><br></div><div class="spacer battle-history"><br></div><h2 class="battle-history">Turn 11</h2><div class="spacer battle-history"><br></div><div class="battle-history">The opposing Axemdragon used <strong>Dragon Dance</strong>!<br></div><div class="battle-history"><small>The opposing Axemdragon's Attack rose!</small><br></div><div class="battle-history"><small>The opposing Axemdragon's Speed rose!</small><br></div><div class="spacer battle-history"><br></div><div class="battle-history">Celebi used <strong>Thunder Wave</strong>!<br></div><div class="battle-history"><small>The opposing Axemdragon is paralyzed! It may be unable to move!</small><br></div><div class="spacer battle-history"><br></div><h2 class="battle-history">Turn 12</h2><div class="spacer battle-history"><br></div><div class="battle-history">Celebi used <strong>Giga Drain</strong>!<br></div><div class="battle-history"><small>It's not very effective...</small><br></div><div class="battle-history"><small>(The opposing Axemdragon lost <abbr title="−62/293">21.2%</abbr> of its health!)</small><br></div><div class="spacer battle-history"><br></div><div class="battle-history">The opposing Axemdragon used <strong>Poison Jab</strong>!<br></div><div class="battle-history"><small>It's super effective!</small><br></div><div class="battle-history"><small>(Celebi lost <abbr title="−359/404">88.9%</abbr> of its health!)</small><br></div><div class="battle-history"><small>Celebi was poisoned!</small><br></div><div class="battle-history"><small>The opposing Axemdragon lost some of its HP!</small><br></div><div class="spacer battle-history"><br></div><div class="battle-history"><small>Celebi restored a little HP using its Leftovers!</small><br></div><div class="battle-history"><small>Celebi was hurt by poison!</small><br></div><div class="spacer battle-history"><br></div><h2 class="battle-history">Turn 13</h2><div class="spacer battle-history"><br></div><div class="battle-history"><small>(Celebi is cured by its Natural Cure!)</small><br></div><div class="battle-history">Celebi, come back!<br></div><div class="battle-history">Go! <strong>Kyurem</strong>!<br></div><div class="battle-history"><small>[Kyurem's Pressure]</small><br><small>Kyurem is exerting its pressure!</small><br></div><div class="spacer battle-history"><br></div><div class="battle-history">The opposing Axemdragon used <strong>Poison Jab</strong>!<br></div><div class="battle-history"><small>(Kyurem lost <abbr title="−252/391">64.5%</abbr> of its health!)</small><br></div><div class="battle-history"><small>The opposing Axemdragon lost some of its HP!</small><br></div><div class="spacer battle-history"><br></div><h2 class="battle-history">Turn 14</h2><div class="spacer battle-history"><br></div><div class="battle-history">Treefnol withdrew Axemdragon!<br></div><div class="battle-history">Treefnol sent out The Little Microwa (<strong>Rotom-Heat</strong>)!<br></div><div class="battle-history"><small>Pointed stones dug into the opposing The Little Microwa!</small><br></div><div class="spacer battle-history"><br></div><div class="battle-history">Kyurem used <strong>Earth Power</strong>!<br></div><div class="battle-history"><small>[The opposing The Little Microwa's Levitate]</small><br><small>It doesn't affect the opposing The Little Microwa...</small><br></div><div class="spacer battle-history"><br></div><div class="battle-history"><small>The opposing The Little Microwa restored a little HP using its Leftovers!</small><br></div><div class="spacer battle-history"><br></div><h2 class="battle-history">Turn 15</h2><div class="spacer battle-history"><br></div><div class="battle-history">Kyurem, come back!<br></div><div class="battle-history">Go! Dragon Slayer (<strong>Sylveon</strong>)!<br></div><div class="spacer battle-history"><br></div><div class="battle-history">The opposing The Little Microwa used <strong>Volt Switch</strong>!<br></div><div class="battle-history"><small>(Dragon Slayer lost <abbr title="−54/394">13.7%</abbr> of its health!)</small><br></div><div class="spacer battle-history"><br></div><div class="battle-history">The opposing The Little Microwa went back to Treefnol!<br></div><div class="battle-history">Treefnol sent out Fatbat the Meme (<strong>Crobat</strong>)!<br></div><div class="battle-history"><small>Pointed stones dug into the opposing Fatbat the Meme!</small><br></div><div class="spacer battle-history"><br></div><div class="battle-history"><small>The opposing Fatbat the Meme restored a little HP using its Black Sludge!</small><br></div><div class="battle-history"><small>Dragon Slayer restored a little HP using its Leftovers!</small><br></div><div class="spacer battle-history"><br></div><h2 class="battle-history">Turn 16</h2><div class="spacer battle-history"><br></div><div class="battle-history">The opposing Fatbat the Meme used <strong>Toxic</strong>!<br></div><div class="battle-history"><small>Dragon Slayer was badly poisoned!</small><br></div><div class="spacer battle-history"><br></div><div class="battle-history">Dragon Slayer used <strong>Calm Mind</strong>!<br></div><div class="battle-history"><small>Dragon Slayer's Special Attack rose!</small><br></div><div class="battle-history"><small>Dragon Slayer's Special Defense rose!</small><br></div><div class="spacer battle-history"><br></div><div class="battle-history"><small>The opposing Fatbat the Meme restored a little HP using its Black Sludge!</small><br></div><div class="battle-history"><small>Dragon Slayer restored a little HP using its Leftovers!</small><br></div><div class="battle-history"><small>Dragon Slayer was hurt by poison!</small><br></div><div class="spacer battle-history"><br></div><h2 class="battle-history">Turn 17</h2><div class="spacer battle-history"><br></div><div class="battle-history">The opposing Fatbat the Meme used <strong>Brave Bird</strong>!<br></div><div class="battle-history"><small>(Dragon Slayer lost <abbr title="−169/394">42.9%</abbr> of its health!)</small><br></div><div class="battle-history"><small>The opposing Fatbat the Meme is damaged by the recoil!</small><br></div><div class="spacer battle-history"><br></div><div class="battle-history">Dragon Slayer used <strong>Hyper Voice</strong>!<br></div><div class="battle-history"><small>It's not very effective...</small><br></div><div class="battle-history"><small>(The opposing Fatbat the Meme lost <abbr title="−139/373">37.3%</abbr> of its health!)</small><br></div><div class="spacer battle-history"><br></div><div class="battle-history"><small>The opposing Fatbat the Meme restored a little HP using its Black Sludge!</small><br></div><div class="battle-history"><small>Dragon Slayer restored a little HP using its Leftovers!</small><br></div><div class="battle-history"><small>Dragon Slayer was hurt by poison!</small><br></div><div class="spacer battle-history"><br></div><h2 class="battle-history">Turn 18</h2><div class="spacer battle-history"><br></div><div class="battle-history">The opposing Fatbat the Meme used <strong>Roost</strong>!<br></div><div class="battle-history"><small>The opposing Fatbat the Meme restored its HP.</small><br></div><div class="spacer battle-history"><br></div><div class="battle-history">Dragon Slayer used <strong>Draining Kiss</strong>!<br></div><div class="battle-history"><small>It's not very effective...</small><br></div><div class="battle-history"><small>(The opposing Fatbat the Meme lost <abbr title="−60/373">16.1%</abbr> of its health!)</small><br></div><div class="battle-history"><small>The opposing Fatbat the Meme had its energy drained!</small><br></div><div class="spacer battle-history"><br></div><div class="battle-history"><small>The opposing Fatbat the Meme restored a little HP using its Black Sludge!</small><br></div><div class="battle-history"><small>Dragon Slayer restored a little HP using its Leftovers!</small><br></div><div class="battle-history"><small>Dragon Slayer was hurt by poison!</small><br></div><div class="spacer battle-history"><br></div><h2 class="battle-history">Turn 19</h2><div class="spacer battle-history"><br></div><div class="battle-history">Dragon Slayer, come back!<br></div><div class="battle-history">Go! <strong>Celebi</strong>!<br></div><div class="spacer battle-history"><br></div><div class="battle-history">The opposing Fatbat the Meme used <strong>Defog</strong>!<br></div><div class="battle-history"><small>Celebi's evasiveness fell!</small><br></div><div class="battle-history"><small>The pointed stones disappeared from around the opposing team!</small><br></div><div class="spacer battle-history"><br></div><div class="battle-history"><small>The opposing Fatbat the Meme restored a little HP using its Black Sludge!</small><br></div><div class="battle-history"><small>Celebi restored a little HP using its Leftovers!</small><br></div><div class="spacer battle-history"><br></div><h2 class="battle-history">Turn 20</h2><div class="spacer battle-history"><br></div><div class="battle-history">The opposing Fatbat the Meme used <strong>Brave Bird</strong>!<br></div><div class="battle-history"><small>It's super effective!</small><br></div><div class="battle-history"><small>(Celebi lost <abbr title="−45/404">11.1%</abbr> of its health!)</small><br></div><div class="battle-history"><small>The opposing Fatbat the Meme is damaged by the recoil!</small><br></div><div class="spacer battle-history"><br></div><div class="battle-history">Celebi fainted!<br></div><div class="spacer battle-history"><br></div><div class="battle-history"><small>The opposing Fatbat the Meme restored a little HP using its Black Sludge!</small><br></div><div class="spacer battle-history"><br></div><div class="battle-history">Go! Wallrus (<strong>Milotic</strong>)!<br></div><div class="spacer battle-history"><br></div><h2 class="battle-history">Turn 21</h2><div class="spacer battle-history"><br></div><div class="battle-history">The opposing Fatbat the Meme used <strong>Brave Bird</strong>!<br></div><div class="battle-history"><small>(Wallrus lost <abbr title="−102/394">25.9%</abbr> of its health!)</small><br></div><div class="battle-history"><small>The opposing Fatbat the Meme is damaged by the recoil!</small><br></div><div class="spacer battle-history"><br></div><div class="battle-history">Wallrus used <strong>Substitute</strong>!<br></div><div class="battle-history"><small>Wallrus put in a substitute!</small><br></div><div class="battle-history"><small>(Wallrus lost <abbr title="−98/394">24.9%</abbr> of its health!)</small><br></div><div class="spacer battle-history"><br></div><div class="battle-history"><small>The opposing Fatbat the Meme restored a little HP using its Black Sludge!</small><br></div><div class="battle-history"><small>Wallrus restored a little HP using its Leftovers!</small><br></div><div class="spacer battle-history"><br></div><h2 class="battle-history">Turn 22</h2><div class="spacer battle-history"><br></div><div class="battle-history">The opposing Fatbat the Meme used <strong>Brave Bird</strong>!<br></div><div class="battle-history"><small>(Wallrus lost <abbr title="−100/394">25.4%</abbr> of its health!)</small><br></div><div class="battle-history"><small>The opposing Fatbat the Meme is damaged by the recoil!</small><br></div><div class="spacer battle-history"><br></div><div class="battle-history">Wallrus used <strong>Scald</strong>!<br></div><div class="battle-history"><small>(The opposing Fatbat the Meme lost <abbr title="−108/373">29.0%</abbr> of its health!)</small><br></div><div class="battle-history"><small>The opposing Fatbat the Meme was burned!</small><br></div><div class="spacer battle-history"><br></div><div class="battle-history"><small>The opposing Fatbat the Meme restored a little HP using its Black Sludge!</small><br></div><div class="battle-history"><small>Wallrus restored a little HP using its Leftovers!</small><br></div><div class="battle-history"><small>The opposing Fatbat the Meme was hurt by its burn!</small><br></div><div class="spacer battle-history"><br></div><h2 class="battle-history">Turn 23</h2><div class="spacer battle-history"><br></div><div class="battle-history">The opposing Fatbat the Meme used <strong>Roost</strong>!<br></div><div class="battle-history"><small>The opposing Fatbat the Meme restored its HP.</small><br></div><div class="spacer battle-history"><br></div><div class="battle-history">Wallrus is paralyzed! It can't move!<br></div><div class="spacer battle-history"><br></div><div class="battle-history"><small>The opposing Fatbat the Meme restored a little HP using its Black Sludge!</small><br></div><div class="battle-history"><small>Wallrus restored a little HP using its Leftovers!</small><br></div><div class="battle-history"><small>The opposing Fatbat the Meme was hurt by its burn!</small><br></div><div class="spacer battle-history"><br></div><h2 class="battle-history">Turn 24</h2><div class="spacer battle-history"><br></div><div class="battle-history">The opposing Fatbat the Meme used <strong>Brave Bird</strong>!<br></div><div class="battle-history"><small>A critical hit!</small><br></div><div class="battle-history"><small>(Wallrus lost <abbr title="−84/394">21.3%</abbr> of its health!)</small><br></div><div class="battle-history"><small>The opposing Fatbat the Meme is damaged by the recoil!</small><br></div><div class="spacer battle-history"><br></div><div class="battle-history">Wallrus used <strong>Recover</strong>!<br></div><div class="battle-history"><small>Wallrus restored its HP.</small><br></div><div class="spacer battle-history"><br></div><div class="battle-history"><small>The opposing Fatbat the Meme restored a little HP using its Black Sludge!</small><br></div><div class="battle-history"><small>Wallrus restored a little HP using its Leftovers!</small><br></div><div class="battle-history"><small>The opposing Fatbat the Meme was hurt by its burn!</small><br></div><div class="spacer battle-history"><br></div><h2 class="battle-history">Turn 25</h2><div class="spacer battle-history"><br></div><div class="battle-history">The opposing Fatbat the Meme used <strong>Brave Bird</strong>!<br></div><div class="battle-history"><small>(Wallrus lost <abbr title="−57/394">14.5%</abbr> of its health!)</small><br></div><div class="battle-history"><small>The opposing Fatbat the Meme is damaged by the recoil!</small><br></div><div class="spacer battle-history"><br></div><div class="battle-history">Wallrus used <strong>Ice Beam</strong>!<br></div><div class="battle-history"><small>It's super effective!</small><br></div><div class="battle-history"><small>(The opposing Fatbat the Meme lost <abbr title="−174/373">46.6%</abbr> of its health!)</small><br></div><div class="spacer battle-history"><br></div><div class="battle-history"><small>The opposing Fatbat the Meme restored a little HP using its Black Sludge!</small><br></div><div class="battle-history"><small>Wallrus restored a little HP using its Leftovers!</small><br></div><div class="battle-history"><small>The opposing Fatbat the Meme was hurt by its burn!</small><br></div><div class="spacer battle-history"><br></div><h2 class="battle-history">Turn 26</h2><div class="spacer battle-history"><br></div><div class="battle-history">The opposing Fatbat the Meme used <strong>Roost</strong>!<br></div><div class="battle-history"><small>The opposing Fatbat the Meme restored its HP.</small><br></div><div class="spacer battle-history"><br></div><div class="battle-history">Wallrus used <strong>Ice Beam</strong>!<br></div><div class="battle-history"><small>(The opposing Fatbat the Meme lost <abbr title="−82/373">22.0%</abbr> of its health!)</small><br></div><div class="spacer battle-history"><br></div><div class="battle-history"><small>The opposing Fatbat the Meme restored a little HP using its Black Sludge!</small><br></div><div class="battle-history"><small>Wallrus restored a little HP using its Leftovers!</small><br></div><div class="battle-history"><small>The opposing Fatbat the Meme was hurt by its burn!</small><br></div><div class="spacer battle-history"><br></div><h2 class="battle-history">Turn 27</h2><div class="spacer battle-history"><br></div><div class="battle-history">Treefnol withdrew Fatbat the Meme!<br></div><div class="battle-history">Treefnol sent out Earthly Demon (<strong>Whimsicott</strong>)!<br></div><div class="spacer battle-history"><br></div><div class="battle-history">Wallrus is paralyzed! It can't move!<br></div><div class="spacer battle-history"><br></div><div class="battle-history"><small>Wallrus restored a little HP using its Leftovers!</small><br></div><div class="spacer battle-history"><br></div><h2 class="battle-history">Turn 28</h2><div class="spacer battle-history"><br></div><div class="battle-history">The opposing Earthly Demon used <strong>Giga Drain</strong>!<br></div><div class="battle-history"><small>It's super effective!</small><br></div><div class="battle-history"><small>Wallrus's substitute faded!</small><br></div><div class="spacer battle-history"><br></div><div class="battle-history">Wallrus used <strong>Ice Beam</strong>!<br></div><div class="battle-history"><small>It's super effective!</small><br></div><div class="battle-history"><small>(The opposing Earthly Demon lost <abbr title="−178/261">68.2%</abbr> of its health!)</small><br></div><div class="spacer battle-history"><br></div><div class="battle-history"><small>Wallrus restored a little HP using its Leftovers!</small><br></div><div class="spacer battle-history"><br></div><h2 class="battle-history">Turn 29</h2><div class="spacer battle-history"><br></div><div class="battle-history">The opposing Earthly Demon used <strong>Giga Drain</strong>!<br></div><div class="battle-history"><small>It's super effective!</small><br></div><div class="battle-history"><small>(Wallrus lost <abbr title="−152/394">38.6%</abbr> of its health!)</small><br></div><div class="battle-history"><small>Wallrus had its energy drained!</small><br></div><div class="spacer battle-history"><br></div><div class="battle-history">Wallrus used <strong>Ice Beam</strong>!<br></div><div class="battle-history"><small>It's super effective!</small><br></div><div class="battle-history"><small>(The opposing Earthly Demon lost <abbr title="−159/261">60.9%</abbr> of its health!)</small><br></div><div class="spacer battle-history"><br></div><div class="battle-history">The opposing Earthly Demon fainted!<br></div><div class="spacer battle-history"><br></div><div class="battle-history"><small>Wallrus restored a little HP using its Leftovers!</small><br></div><div class="spacer battle-history"><br></div><div class="battle-history">Treefnol sent out The Little Microwa (<strong>Rotom-Heat</strong>)!<br></div><div class="spacer battle-history"><br></div><h2 class="battle-history">Turn 30</h2><div class="spacer battle-history"><br></div><div class="battle-history">Wallrus, come back!<br></div><div class="battle-history">Go! <strong>Kyurem</strong>!<br></div><div class="battle-history"><small>[Kyurem's Pressure]</small><br><small>Kyurem is exerting its pressure!</small><br></div><div class="spacer battle-history"><br></div><div class="battle-history">The opposing The Little Microwa used <strong>Pain Split</strong>!<br></div><div class="battle-history"><small>The battlers shared their pain!</small><br></div><div class="spacer battle-history"><br></div><div class="battle-history"><small>The opposing The Little Microwa restored a little HP using its Leftovers!</small><br></div><div class="spacer battle-history"><br></div><h2 class="battle-history">Turn 31</h2><div class="spacer battle-history"><br></div><div class="battle-history">Kyurem used <strong>Draco Meteor</strong>!<br></div><div class="battle-history"><small>(The opposing The Little Microwa lost <abbr title="−182/303">60.1%</abbr> of its health!)</small><br></div><div class="battle-history"><small>Kyurem's Special Attack fell harshly!</small><br></div><div class="spacer battle-history"><br></div><div class="battle-history">The opposing The Little Microwa fainted!<br></div><div class="spacer battle-history"><br></div><div class="battle-history">Treefnol sent out Fatbat the Meme (<strong>Crobat</strong>)!<br></div><div class="spacer battle-history"><br></div><h2 class="battle-history">Turn 32</h2><div class="spacer battle-history"><br></div><div class="battle-history">The opposing Fatbat the Meme used <strong>Roost</strong>!<br></div><div class="battle-history"><small>The opposing Fatbat the Meme restored its HP.</small><br></div><div class="spacer battle-history"><br></div><div class="battle-history">Kyurem used <strong>Draco Meteor</strong>!<br></div><div class="battle-history"><small>(The opposing Fatbat the Meme lost <abbr title="−216/373">57.9%</abbr> of its health!)</small><br></div><div class="battle-history"><small>Kyurem's Special Attack fell harshly!</small><br></div><div class="spacer battle-history"><br></div><div class="battle-history"><small>The opposing Fatbat the Meme restored a little HP using its Black Sludge!</small><br></div><div class="battle-history"><small>The opposing Fatbat the Meme was hurt by its burn!</small><br></div><div class="spacer battle-history"><br></div><h2 class="battle-history">Turn 33</h2><div class="spacer battle-history"><br></div><div class="battle-history">The opposing Fatbat the Meme used <strong>Roost</strong>!<br></div><div class="battle-history"><small>The opposing Fatbat the Meme restored its HP.</small><br></div><div class="spacer battle-history"><br></div><div class="battle-history">Kyurem used <strong>Draco Meteor</strong>!<br></div><div class="battle-history"><small>(The opposing Fatbat the Meme lost <abbr title="−127/373">34.0%</abbr> of its health!)</small><br></div><div class="battle-history"><small>Kyurem's Special Attack fell harshly!</small><br></div><div class="spacer battle-history"><br></div><div class="battle-history"><small>The opposing Fatbat the Meme restored a little HP using its Black Sludge!</small><br></div><div class="battle-history"><small>The opposing Fatbat the Meme was hurt by its burn!</small><br></div><div class="spacer battle-history"><br></div><h2 class="battle-history">Turn 34</h2><div class="spacer battle-history"><br></div><div class="battle-history">The opposing Fatbat the Meme used <strong>Roost</strong>!<br></div><div class="battle-history"><small>The opposing Fatbat the Meme restored its HP.</small><br></div><div class="spacer battle-history"><br></div><div class="battle-history">Kyurem used <strong>Draco Meteor</strong>!<br></div><div class="battle-history"><small>(The opposing Fatbat the Meme lost <abbr title="−111/373">29.8%</abbr> of its health!)</small><br></div><div class="spacer battle-history"><br></div><div class="battle-history"><small>The opposing Fatbat the Meme restored a little HP using its Black Sludge!</small><br></div><div class="battle-history"><small>The opposing Fatbat the Meme was hurt by its burn!</small><br></div><div class="spacer battle-history"><br></div><h2 class="battle-history">Turn 35</h2><div class="spacer battle-history"><br></div><div class="battle-history">The opposing Fatbat the Meme used <strong>Toxic</strong>!<br></div><div class="battle-history"><small>Kyurem was badly poisoned!</small><br></div><div class="spacer battle-history"><br></div><div class="battle-history">Kyurem used <strong>Draco Meteor</strong>!<br></div><div class="battle-history"><small>(The opposing Fatbat the Meme lost <abbr title="−112/373">30.0%</abbr> of its health!)</small><br></div><div class="spacer battle-history"><br></div><div class="battle-history"><small>The opposing Fatbat the Meme restored a little HP using its Black Sludge!</small><br></div><div class="battle-history"><small>The opposing Fatbat the Meme was hurt by its burn!</small><br></div><div class="battle-history"><small>Kyurem was hurt by poison!</small><br></div><div class="spacer battle-history"><br></div><h2 class="battle-history">Turn 36</h2><div class="spacer battle-history"><br></div><div class="battle-history">The opposing Fatbat the Meme used <strong>Roost</strong>!<br></div><div class="battle-history"><small>The opposing Fatbat the Meme restored its HP.</small><br></div><div class="spacer battle-history"><br></div><div class="battle-history">Kyurem used <strong>Draco Meteor</strong>!<br></div><div class="battle-history"><small>(The opposing Fatbat the Meme lost <abbr title="−102/373">27.3%</abbr> of its health!)</small><br></div><div class="spacer battle-history"><br></div><div class="battle-history"><small>The opposing Fatbat the Meme restored a little HP using its Black Sludge!</small><br></div><div class="battle-history"><small>The opposing Fatbat the Meme was hurt by its burn!</small><br></div><div class="battle-history"><small>Kyurem was hurt by poison!</small><br></div><div class="spacer battle-history"><br></div><h2 class="battle-history">Turn 37</h2><div class="spacer battle-history"><br></div><div class="battle-history">The opposing Fatbat the Meme used <strong>Roost</strong>!<br></div><div class="battle-history"><small>The opposing Fatbat the Meme restored its HP.</small><br></div><div class="spacer battle-history"><br></div><div class="battle-history">Kyurem used <strong>Draco Meteor</strong>!<br></div><div class="battle-history"><small>(The opposing Fatbat the Meme lost <abbr title="−108/373">29.0%</abbr> of its health!)</small><br></div><div class="spacer battle-history"><br></div><div class="battle-history"><small>The opposing Fatbat the Meme restored a little HP using its Black Sludge!</small><br></div><div class="battle-history"><small>The opposing Fatbat the Meme was hurt by its burn!</small><br></div><div class="battle-history"><small>Kyurem was hurt by poison!</small><br></div><div class="spacer battle-history"><br></div><h2 class="battle-history">Turn 38</h2><div class="spacer battle-history"><br></div><div class="battle-history">The opposing Fatbat the Meme used <strong>Roost</strong>!<br></div><div class="battle-history"><small>The opposing Fatbat the Meme restored its HP.</small><br></div><div class="spacer battle-history"><br></div><div class="battle-history">Kyurem used <strong>Draco Meteor</strong>!<br></div><div class="battle-history"><small>(The opposing Fatbat the Meme lost <abbr title="−112/373">30.0%</abbr> of its health!)</small><br></div><div class="spacer battle-history"><br></div><div class="battle-history"><small>The opposing Fatbat the Meme restored a little HP using its Black Sludge!</small><br></div><div class="battle-history"><small>The opposing Fatbat the Meme was hurt by its burn!</small><br></div><div class="battle-history"><small>Kyurem was hurt by poison!</small><br></div><div class="spacer battle-history"><br></div><div class="battle-history">Kyurem fainted!<br></div><div class="spacer battle-history"><br></div><div class="battle-history">Go! Wallrus (<strong>Milotic</strong>)!<br></div><div class="spacer battle-history"><br></div><h2 class="battle-history">Turn 39</h2><div class="spacer battle-history"><br></div><div class="battle-history">Treefnol withdrew Fatbat the Meme!<br></div><div class="battle-history">Treefnol sent out Axemdragon (<strong>Haxorus</strong>)!<br></div><div class="spacer battle-history"><br></div><div class="battle-history">Wallrus is paralyzed! It can't move!<br></div><div class="spacer battle-history"><br></div><div class="battle-history"><small>Wallrus restored a little HP using its Leftovers!</small><br></div><div class="spacer battle-history"><br></div><h2 class="battle-history">Turn 40</h2><div class="spacer battle-history"><br></div><div class="battle-history">The opposing Axemdragon is paralyzed! It can't move!<br></div><div class="spacer battle-history"><br></div><div class="battle-history">Wallrus is paralyzed! It can't move!<br></div><div class="spacer battle-history"><br></div><div class="battle-history"><small>Wallrus restored a little HP using its Leftovers!</small><br></div><div class="spacer battle-history"><br></div><h2 class="battle-history">Turn 41</h2><div class="spacer battle-history"><br></div><div class="battle-history">Wallrus, come back!<br></div><div class="battle-history">Go! Dragon Slayer (<strong>Sylveon</strong>)!<br></div><div class="spacer battle-history"><br></div><div class="battle-history">The opposing Axemdragon used <strong>Dragon Claw</strong>!<br></div><div class="battle-history"><small>It doesn't affect Dragon Slayer...</small><br></div><div class="spacer battle-history"><br></div><div class="battle-history"><small>Dragon Slayer restored a little HP using its Leftovers!</small><br></div><div class="battle-history"><small>Dragon Slayer was hurt by poison!</small><br></div><div class="spacer battle-history"><br></div><h2 class="battle-history">Turn 42</h2><div class="spacer battle-history"><br></div><div class="battle-history">Dragon Slayer used <strong>Hyper Voice</strong>!<br></div><div class="battle-history"><small>It's super effective!</small><br></div><div class="battle-history"><small>(The opposing Axemdragon lost <abbr title="−137/293">46.8%</abbr> of its health!)</small><br></div><div class="spacer battle-history"><br></div><div class="battle-history">The opposing Axemdragon fainted!<br></div><div class="spacer battle-history"><br></div><div class="battle-history"><small>Dragon Slayer restored a little HP using its Leftovers!</small><br></div><div class="battle-history"><small>Dragon Slayer was hurt by poison!</small><br></div><div class="spacer battle-history"><br></div><div class="battle-history">Treefnol sent out Fatbat the Meme (<strong>Crobat</strong>)!<br></div><div class="spacer battle-history"><br></div><h2 class="battle-history">Turn 43</h2><div class="spacer battle-history"><br></div><div class="battle-history">The opposing Fatbat the Meme used <strong>Brave Bird</strong>!<br></div><div class="battle-history"><small>(Dragon Slayer lost <abbr title="−90/394">22.8%</abbr> of its health!)</small><br></div><div class="battle-history"><small>The opposing Fatbat the Meme is damaged by the recoil!</small><br></div><div class="spacer battle-history"><br></div><div class="battle-history">Dragon Slayer used <strong>Hyper Voice</strong>!<br></div><div class="battle-history"><small>It's not very effective...</small><br></div><div class="battle-history"><small>(The opposing Fatbat the Meme lost <abbr title="−99/373">26.5%</abbr> of its health!)</small><br></div><div class="spacer battle-history"><br></div><div class="battle-history"><small>The opposing Fatbat the Meme restored a little HP using its Black Sludge!</small><br></div><div class="battle-history"><small>Dragon Slayer restored a little HP using its Leftovers!</small><br></div><div class="battle-history"><small>The opposing Fatbat the Meme was hurt by its burn!</small><br></div><div class="battle-history"><small>Dragon Slayer was hurt by poison!</small><br></div><div class="spacer battle-history"><br></div><h2 class="battle-history">Turn 44</h2><div class="spacer battle-history"><br></div><div class="battle-history">The opposing Fatbat the Meme used <strong>Roost</strong>!<br></div><div class="battle-history"><small>The opposing Fatbat the Meme restored its HP.</small><br></div><div class="spacer battle-history"><br></div><div class="battle-history">Dragon Slayer used <strong>Hyper Voice</strong>!<br></div><div class="battle-history"><small>It's not very effective...</small><br></div><div class="battle-history"><small>(The opposing Fatbat the Meme lost <abbr title="−99/373">26.5%</abbr> of its health!)</small><br></div><div class="spacer battle-history"><br></div><div class="battle-history"><small>The opposing Fatbat the Meme restored a little HP using its Black Sludge!</small><br></div><div class="battle-history"><small>Dragon Slayer restored a little HP using its Leftovers!</small><br></div><div class="battle-history"><small>The opposing Fatbat the Meme was hurt by its burn!</small><br></div><div class="battle-history"><small>Dragon Slayer was hurt by poison!</small><br></div><div class="spacer battle-history"><br></div><div class="battle-history">Dragon Slayer fainted!<br></div><div class="spacer battle-history"><br></div><div class="battle-history">Go! Wallrus (<strong>Milotic</strong>)!<br></div><div class="spacer battle-history"><br></div><h2 class="battle-history">Turn 45</h2><div class="spacer battle-history"><br></div><div class="battle-history">The opposing Fatbat the Meme used <strong>Brave Bird</strong>!<br></div><div class="battle-history"><small>(Wallrus lost <abbr title="−51/394">12.9%</abbr> of its health!)</small><br></div><div class="battle-history"><small>The opposing Fatbat the Meme is damaged by the recoil!</small><br></div><div class="spacer battle-history"><br></div><div class="battle-history">Wallrus used <strong>Recover</strong>!<br></div><div class="battle-history"><small>Wallrus restored its HP.</small><br></div><div class="spacer battle-history"><br></div><div class="battle-history"><small>The opposing Fatbat the Meme restored a little HP using its Black Sludge!</small><br></div><div class="battle-history"><small>The opposing Fatbat the Meme was hurt by its burn!</small><br></div><div class="spacer battle-history"><br></div><h2 class="battle-history">Turn 46</h2><div class="spacer battle-history"><br></div><div class="battle-history">The opposing Fatbat the Meme used <strong>Brave Bird</strong>!<br></div><div class="battle-history"><small>A critical hit!</small><br></div><div class="battle-history"><small>(Wallrus lost <abbr title="−81/394">20.6%</abbr> of its health!)</small><br></div><div class="battle-history"><small>The opposing Fatbat the Meme is damaged by the recoil!</small><br></div><div class="spacer battle-history"><br></div><div class="battle-history">Wallrus used <strong>Ice Beam</strong>!<br></div><div class="battle-history"><small>It's super effective!</small><br></div><div class="battle-history"><small>(The opposing Fatbat the Meme lost <abbr title="−58/373">15.5%</abbr> of its health!)</small><br></div><div class="spacer battle-history"><br></div><div class="battle-history">The opposing Fatbat the Meme fainted!<br></div><div class="spacer battle-history"><br></div><div class="battle-history"><strong>Jakoborn</strong> won the battle!<br></div><div class="chat"><small>CarbonicWolf left.</small></div></div><div class="inner-preempt"></div></div></div>
</div>
<script>
let daily = Math.floor(Date.now()/1000/60/60/24);document.write('<script src="https://play.pokemonshowdown.com/js/replay-embed.js?version'+daily+'"></'+'script>');
</script>
