<!DOCTYPE html>
<meta charset="utf-8" />
<!-- version 1 -->
<title>UU replay: ANA TRAINER vs. That Typhlosion</title>
<style>
html,body {font-family:Verdana, sans-serif;font-size:10pt;margin:0;padding:0;}body{padding:12px 0;} .battle-log {font-family:Verdana, sans-serif;font-size:10pt;} .battle-log-inline {border:1px solid #AAAAAA;background:#EEF2F5;color:black;max-width:640px;margin:0 auto 80px;padding-bottom:5px;} .battle-log .inner {padding:4px 8px 0px 8px;} .battle-log .inner-preempt {padding:0 8px 4px 8px;} .battle-log .inner-after {margin-top:0.5em;} .battle-log h2 {margin:0.5em -8px;padding:4px 8px;border:1px solid #AAAAAA;background:#E0E7EA;border-left:0;border-right:0;font-family:Verdana, sans-serif;font-size:13pt;} .battle-log .chat {vertical-align:middle;padding:3px 0 3px 0;font-size:8pt;} .battle-log .chat strong {color:#40576A;} .battle-log .chat em {padding:1px 4px 1px 3px;color:#000000;font-style:normal;} .chat.mine {background:rgba(0,0,0,0.05);margin-left:-8px;margin-right:-8px;padding-left:8px;padding-right:8px;} .spoiler {color:#BBBBBB;background:#BBBBBB;padding:0px 3px;} .spoiler:hover, .spoiler:active, .spoiler-shown {color:#000000;background:#E2E2E2;padding:0px 3px;} .spoiler a {color:#BBBBBB;} .spoiler:hover a, .spoiler:active a, .spoiler-shown a {color:#2288CC;} .chat code, .chat .spoiler:hover code, .chat .spoiler:active code, .chat .spoiler-shown code {border:1px solid #C0C0C0;background:#EEEEEE;color:black;padding:0 2px;} .chat .spoiler code {border:1px solid #CCCCCC;background:#CCCCCC;color:#CCCCCC;} .battle-log .rated {padding:3px 4px;} .battle-log .rated strong {color:white;background:#89A;padding:1px 4px;border-radius:4px;} .spacer {margin-top:0.5em;} .message-announce {background:#6688AA;color:white;padding:1px 4px 2px;} .message-announce a, .broadcast-green a, .broadcast-blue a, .broadcast-red a {color:#DDEEFF;} .broadcast-green {background-color:#559955;color:white;padding:2px 4px;} .broadcast-blue {background-color:#6688AA;color:white;padding:2px 4px;} .infobox {border:1px solid #6688AA;padding:2px 4px;} .infobox-limited {max-height:200px;overflow:auto;overflow-x:hidden;} .broadcast-red {background-color:#AA5544;color:white;padding:2px 4px;} .message-learn-canlearn {font-weight:bold;color:#228822;text-decoration:underline;} .message-learn-cannotlearn {font-weight:bold;color:#CC2222;text-decoration:underline;} .message-effect-weak {font-weight:bold;color:#CC2222;} .message-effect-resist {font-weight:bold;color:#6688AA;} .message-effect-immune {font-weight:bold;color:#666666;} .message-learn-list {margin-top:0;margin-bottom:0;} .message-throttle-notice, .message-error {color:#992222;} .message-overflow, .chat small.message-overflow {font-size:0pt;} .message-overflow::before {font-size:9pt;content:'...';} .subtle {color:#3A4A66;}
</style>
<div class="wrapper replay-wrapper" style="max-width:1180px;margin:0 auto">
<input type="hidden" name="replayid" value="uu-593495334" />
<div class="battle"></div><div class="battle-log"></div><div class="replay-controls"></div><div class="replay-controls-2"></div>
<h1 style="font-weight:normal;text-align:center"><strong>UU</strong><br /><a href="http://pokemonshowdown.com/users/anatrainer" class="subtle" target="_blank">ANA TRAINER</a> vs. <a href="http://pokemonshowdown.com/users/thattyphlosion" class="subtle" target="_blank">That Typhlosion</a></h1>
<script type="text/plain" class="battle-log-data">|j|ANA TRAINER
|j|That Typhlosion
|player|p1|ANA TRAINER|217
|teamsize|p1|6
|player|p2|That Typhlosion|66
|teamsize|p2|6
|gametype|singles
|gen|6
|tier|UU
|seed|39525,6620,62800,31313
|rule|Sleep Clause Mod: Limit one foe put to sleep
|rule|Species Clause: Limit one of each Pokémon
|rule|OHKO Clause: OHKO moves are banned
|rule|Moody Clause: Moody is banned
|rule|Evasion Moves Clause: Evasion moves are banned
|rule|Endless Battle Clause: Forcing endless battles is banned
|rule|HP Percentage Mod: HP is shown in percentages
|clearpoke
|poke|p1|Chandelure, F, shiny|item
|poke|p1|Rotom-Mow|item
|poke|p1|Cobalion, shiny|item
|poke|p1|Donphan, F, shiny|item
|poke|p1|Milotic, F|item
|poke|p1|Crawdaunt, F|item
|poke|p2|Venusaur, M|item
|poke|p2|Typhlosion, F|item
|poke|p2|Cradily, M|item
|poke|p2|Houndoom, M|item
|poke|p2|Crobat, F|item
|poke|p2|Snorlax, M|item
|rule|Swagger Clause: Swagger is banned
|rule|Baton Pass Clause: Limit one Baton Passer, can't pass Spe and other stats simultaneously
|teampreview
|choice|team 2, team 1, team 3, team 4, team 5, team 6|team 5, team 2, team 3, team 4, team 1, team 6
|
|start
|switch|p1a: Rotom|Rotom-Mow|241\/241
|switch|p2a: Crobat|Crobat, F|373\/373
|turn|1
|choice|move voltswitch|move sunnyday
|
|move|p1a: Rotom|Volt Switch|p2a: Crobat
|-supereffective|p2a: Crobat
|-damage|p2a: Crobat|119\/373
|choice|switch 3|
|
|switch|p1a: Cobalion|Cobalion, shiny|324\/324
|move|p2a: Crobat|Sunny Day|p2a: Crobat
|-weather|SunnyDay
|
|-weather|SunnyDay|[upkeep]
|upkeep
|turn|2
|choice|move stoneedge|move superfang
|
|move|p2a: Crobat|Super Fang|p1a: Cobalion
|-damage|p1a: Cobalion|162\/324
|move|p1a: Cobalion|Stone Edge|p2a: Crobat|[miss]
|-miss|p1a: Cobalion|p2a: Crobat
|
|-weather|SunnyDay|[upkeep]
|-heal|p1a: Cobalion|182\/324|[from] item: Leftovers
|upkeep
|turn|3
|choice|switch 5|move bravebird
|
|switch|p1a: Milotic|Milotic, F|394\/394
|move|p2a: Crobat|Brave Bird|p1a: Milotic
|-damage|p1a: Milotic|286\/394
|-damage|p2a: Crobat|83\/373|[from] Recoil|[of] p1a: Milotic
|
|-weather|SunnyDay|[upkeep]
|-heal|p1a: Milotic|310\/394|[from] item: Leftovers
|upkeep
|turn|4
|choice|switch 2|move superfang
|
|switch|p1a: Chandelure|Chandelure, F, shiny|261\/261
|move|p2a: Crobat|Super Fang|p1a: Chandelure
|-immune|p1a: Chandelure|[msg]
|
|-weather|SunnyDay|[upkeep]
|upkeep
|turn|5
|choice|move flamethrower|move bravebird
|
|move|p2a: Crobat|Brave Bird|p1a: Chandelure
|-damage|p1a: Chandelure|107\/261
|-damage|p2a: Crobat|32\/373|[from] Recoil|[of] p1a: Chandelure
|move|p1a: Chandelure|Flamethrower|p2a: Crobat
|-damage|p2a: Crobat|0 fnt
|faint|p2a: Crobat
|
|-weather|SunnyDay|[upkeep]
|upkeep
|j|User da blast >_>
|choice||switch 4
|
|switch|p2a: Houndoom|Houndoom, M|291\/291
|turn|6
|choice|switch 6|move nastyplot mega
|
|switch|p1a: Crawdaunt|Crawdaunt, F|267\/267
|detailschange|p2a: Houndoom|Houndoom-Mega, M
|-mega|p2a: Houndoom|Houndoom|Houndoominite
|move|p2a: Houndoom|Nasty Plot|p2a: Houndoom
|-boost|p2a: Houndoom|spa|2
|
|-weather|SunnyDay|[upkeep]
|-damage|p2a: Houndoom|255\/291|[from] ability: Solar Power|[of] p2a: Houndoom
|upkeep
|turn|7
|choice|move crabhammer|move fireblast
|
|move|p2a: Houndoom|Fire Blast|p1a: Crawdaunt
|-resisted|p1a: Crawdaunt
|-damage|p1a: Crawdaunt|0 fnt
|faint|p1a: Crawdaunt
|
|-weather|SunnyDay|[upkeep]
|-damage|p2a: Houndoom|219\/291|[from] ability: Solar Power|[of] p2a: Houndoom
|upkeep
|j|Tikarah
|choice|switch 4|
|
|switch|p1a: Donphan|Donphan, F, shiny|321\/321
|turn|8
|choice|move earthquake|switch 6
|
|switch|p2a: Snorlax|Snorlax, M|523\/523
|move|p1a: Donphan|Earthquake|p2a: Snorlax
|-damage|p2a: Snorlax|283\/523
|
|-weather|none
|upkeep
|turn|9
|choice|move knockoff|move bodyslam
|
|move|p1a: Donphan|Knock Off|p2a: Snorlax
|-damage|p2a: Snorlax|133\/523
|-enditem|p2a: Snorlax|Choice Band|[from] move: Knock Off|[of] p1a: Donphan
|move|p2a: Snorlax|Body Slam|p1a: Donphan
|-damage|p1a: Donphan|230\/321
|
|upkeep
|turn|10
|choice|move earthquake|move bodyslam
|
|move|p1a: Donphan|Earthquake|p2a: Snorlax
|-damage|p2a: Snorlax|0 fnt
|faint|p2a: Snorlax
|
|upkeep
|choice||switch 2
|
|switch|p2a: Typhlosion|Typhlosion, F|297\/297
|turn|11
|j|dess3000
|choice|move stealthrock|switch 3
|
|switch|p2a: Cradily|Cradily, M|375\/375
|move|p1a: Donphan|Stealth Rock|p2a: Cradily
|-sidestart|p2: That Typhlosion|move: Stealth Rock
|
|upkeep
|turn|12
|choice|move earthquake|move stealthrock
|
|move|p1a: Donphan|Earthquake|p2a: Cradily
|-damage|p2a: Cradily|203\/375
|move|p2a: Cradily|Stealth Rock|p1a: Donphan
|-sidestart|p1: ANA TRAINER|move: Stealth Rock
|
|upkeep
|turn|13
|l|User da blast >_>
|choice|move rapidspin|move sunnyday
|
|move|p1a: Donphan|Rapid Spin|p2a: Cradily
|-resisted|p2a: Cradily
|-damage|p2a: Cradily|192\/375
|-sideend|p1: ANA TRAINER|Stealth Rock|[from] move: Rapid Spin|[of] p1a: Donphan
|move|p2a: Cradily|Sunny Day|p2a: Cradily
|-weather|SunnyDay
|
|-weather|SunnyDay|[upkeep]
|upkeep
|turn|14
|choice|move earthquake|move gigadrain
|
|move|p1a: Donphan|Earthquake|p2a: Cradily
|-damage|p2a: Cradily|5\/375
|move|p2a: Cradily|Giga Drain|p1a: Donphan
|-supereffective|p1a: Donphan
|-damage|p1a: Donphan|0 fnt
|-heal|p2a: Cradily|120\/375|[from] drain|[of] p1a: Donphan
|faint|p1a: Donphan
|
|-weather|SunnyDay|[upkeep]
|upkeep
|j|Cocoon Evolution
|choice|switch 5|
|
|switch|p1a: Cobalion|Cobalion, shiny|182\/324
|turn|15
|choice|move ironhead|move stealthrock
|
|move|p1a: Cobalion|Iron Head|p2a: Cradily
|-supereffective|p2a: Cradily
|-damage|p2a: Cradily|0 fnt
|faint|p2a: Cradily
|
|-weather|SunnyDay|[upkeep]
|-heal|p1a: Cobalion|202\/324|[from] item: Leftovers
|upkeep
|choice||switch 6
|
|switch|p2a: Houndoom|Houndoom-Mega, M|219\/291
|-damage|p2a: Houndoom|147\/291|[from] Stealth Rock
|turn|16
|choice|move stoneedge|move fireblast
|
|move|p2a: Houndoom|Fire Blast|p1a: Cobalion
|-supereffective|p1a: Cobalion
|-damage|p1a: Cobalion|0 fnt
|faint|p1a: Cobalion
|
|-weather|SunnyDay|[upkeep]
|-damage|p2a: Houndoom|111\/291|[from] ability: Solar Power|[of] p2a: Houndoom
|upkeep
|choice|switch 3|
|
|switch|p1a: Rotom|Rotom-Mow|241\/241
|turn|17
|choice|move thunderbolt|move darkpulse
|
|move|p1a: Rotom|Thunderbolt|p2a: Houndoom
|-damage|p2a: Houndoom|0 fnt
|faint|p2a: Houndoom
|
|-weather|SunnyDay|[upkeep]
|upkeep
|choice||switch 5
|
|switch|p2a: Venusaur|Venusaur, M|301\/301
|-damage|p2a: Venusaur|264\/301|[from] Stealth Rock
|turn|18
|j|arthur101
|choice|move thunderbolt|move growth
|
|move|p2a: Venusaur|Growth|p2a: Venusaur
|-boost|p2a: Venusaur|atk|2
|-boost|p2a: Venusaur|spa|2
|move|p1a: Rotom|Thunderbolt|p2a: Venusaur
|-resisted|p2a: Venusaur
|-damage|p2a: Venusaur|195\/301
|
|-weather|SunnyDay|[upkeep]
|upkeep
|turn|19
|choice|move thunderbolt|move sludgebomb
|
|move|p2a: Venusaur|Sludge Bomb|p1a: Rotom
|-supereffective|p1a: Rotom
|-damage|p1a: Rotom|0 fnt
|-damage|p2a: Venusaur|165\/301|[from] item: Life Orb
|faint|p1a: Rotom
|
|-weather|SunnyDay|[upkeep]
|upkeep
|choice|switch 6|
|
|switch|p1a: Chandelure|Chandelure, F, shiny|107\/261
|turn|20
|c| arthur101|vai ana
|choice|move shadowball|move earthquake
|
|move|p2a: Venusaur|Earthquake|p1a: Chandelure
|-supereffective|p1a: Chandelure
|-damage|p1a: Chandelure|0 fnt
|-damage|p2a: Venusaur|135\/301|[from] item: Life Orb
|faint|p1a: Chandelure
|
|-weather|none
|upkeep
|choice|switch 2|
|
|switch|p1a: Milotic|Milotic, F|310\/394
|turn|21
|l|arthur101
|c|☆ANA TRAINER|vc venceu
|c|☆ANA TRAINER|vc é superior a mim
|choice|move scald|move gigadrain
|
|move|p2a: Venusaur|Giga Drain|p1a: Milotic
|-supereffective|p1a: Milotic
|-damage|p1a: Milotic|0 fnt
|-heal|p2a: Venusaur|290\/301|[from] drain|[of] p1a: Milotic
|-damage|p2a: Venusaur|260\/301|[from] item: Life Orb
|faint|p1a: Milotic
|
|win|That Typhlosion
|l|That Typhlosion
|l|Cocoon Evolution
|l|ANA TRAINER</script>
</div>
<div class="battle-log battle-log-inline"><div class="inner"><div class="battle-options"></div><div class="inner"><div class="chat"><small>ANA TRAINER joined.</small></div><div class="chat"><small>That Typhlosion joined.</small></div><div class=""><small>Format:</small> <br><strong>UU</strong></div><div class=""><small><em>Sleep Clause Mod:</em> Limit one foe put to sleep</small></div><div class=""><small><em>Species Clause:</em> Limit one of each Pokémon</small></div><div class=""><small><em>OHKO Clause:</em> OHKO moves are banned</small></div><div class=""><small><em>Moody Clause:</em> Moody is banned</small></div><div class=""><small><em>Evasion Moves Clause:</em> Evasion moves are banned</small></div><div class=""><small><em>Endless Battle Clause:</em> Forcing endless battles is banned</small></div><div class=""><small><em>HP Percentage Mod:</em> HP is shown in percentages</small></div><div class=""><small><em>Swagger Clause:</em> Swagger is banned</small></div><div class=""><small><em>Baton Pass Clause:</em> Limit one Baton Passer, can't pass Spe and other stats simultaneously</small></div><div class="chat battle-history"><strong>ANA TRAINER's team:</strong> <em style="color:#445566;display:block;">Chandelure / Rotom-Mow / Cobalion / Donphan / Milotic / Crawdaunt</em></div><div class="chat battle-history"><strong>That Typhlosion's team:</strong> <em style="color:#445566;display:block;">Venusaur / Typhlosion / Cradily / Houndoom / Crobat / Snorlax</em></div><div class="spacer battle-history"><br></div><div class="battle-history">Battle started between ANA TRAINER and That Typhlosion!<br></div><div class="spacer battle-history"><br></div><div class="battle-history">Go! Rotom (<strong>Rotom-Mow</strong>)!<br></div><div class="spacer battle-history"><br></div><div class="battle-history">That Typhlosion sent out <strong>Crobat</strong>!<br></div><div class="spacer battle-history"><br></div><h2 class="battle-history">Turn 1</h2><div class="spacer battle-history"><br></div><div class="battle-history">Rotom used <strong>Volt Switch</strong>!<br></div><div class="battle-history"><small>It's super effective!</small><br></div><div class="battle-history"><small>(The opposing Crobat lost <abbr title="−254/373">68.1%</abbr> of its health!)</small><br></div><div class="spacer battle-history"><br></div><div class="battle-history">Rotom went back to ANA TRAINER!<br></div><div class="battle-history">Go! <strong>Cobalion</strong>!<br></div><div class="spacer battle-history"><br></div><div class="battle-history">The opposing Crobat used <strong>Sunny Day</strong>!<br></div><div class="battle-history"><small>The sunlight turned harsh!</small><br></div><div class="spacer battle-history"><br></div><div class="battle-history"><small>(The sunlight is strong!)</small><br></div><div class="spacer battle-history"><br></div><h2 class="battle-history">Turn 2</h2><div class="spacer battle-history"><br></div><div class="battle-history">The opposing Crobat used <strong>Super Fang</strong>!<br></div><div class="battle-history"><small>(Cobalion lost <abbr title="−162/324">50%</abbr> of its health!)</small><br></div><div class="spacer battle-history"><br></div><div class="battle-history">Cobalion used <strong>Stone Edge</strong>!<br></div><div class="battle-history"><small>The opposing Crobat avoided the attack!</small><br></div><div class="spacer battle-history"><br></div><div class="battle-history"><small>(The sunlight is strong!)</small><br></div><div class="battle-history"><small>Cobalion restored a little HP using its Leftovers!</small><br></div><div class="spacer battle-history"><br></div><h2 class="battle-history">Turn 3</h2><div class="spacer battle-history"><br></div><div class="battle-history">Cobalion, come back!<br></div><div class="battle-history">Go! <strong>Milotic</strong>!<br></div><div class="spacer battle-history"><br></div><div class="battle-history">The opposing Crobat used <strong>Brave Bird</strong>!<br></div><div class="battle-history"><small>(Milotic lost <abbr title="−108/394">27.4%</abbr> of its health!)</small><br></div><div class="battle-history"><small>The opposing Crobat is damaged by the recoil!</small><br></div><div class="spacer battle-history"><br></div><div class="battle-history"><small>(The sunlight is strong!)</small><br></div><div class="battle-history"><small>Milotic restored a little HP using its Leftovers!</small><br></div><div class="spacer battle-history"><br></div><h2 class="battle-history">Turn 4</h2><div class="spacer battle-history"><br></div><div class="battle-history">Milotic, come back!<br></div><div class="battle-history">Go! <strong>Chandelure</strong>!<br></div><div class="spacer battle-history"><br></div><div class="battle-history">The opposing Crobat used <strong>Super Fang</strong>!<br></div><div class="battle-history"><small>It doesn't affect Chandelure...</small><br></div><div class="spacer battle-history"><br></div><div class="battle-history"><small>(The sunlight is strong!)</small><br></div><div class="spacer battle-history"><br></div><h2 class="battle-history">Turn 5</h2><div class="spacer battle-history"><br></div><div class="battle-history">The opposing Crobat used <strong>Brave Bird</strong>!<br></div><div class="battle-history"><small>(Chandelure lost <abbr title="−154/261">59.0%</abbr> of its health!)</small><br></div><div class="battle-history"><small>The opposing Crobat is damaged by the recoil!</small><br></div><div class="spacer battle-history"><br></div><div class="battle-history">Chandelure used <strong>Flamethrower</strong>!<br></div><div class="battle-history"><small>(The opposing Crobat lost <abbr title="−32/373">8.6%</abbr> of its health!)</small><br></div><div class="spacer battle-history"><br></div><div class="battle-history">The opposing Crobat fainted!<br></div><div class="spacer battle-history"><br></div><div class="battle-history"><small>(The sunlight is strong!)</small><br></div><div class="chat"><small>User da blast &gt;_&gt; joined.</small></div><div class="spacer battle-history"><br></div><div class="battle-history">That Typhlosion sent out <strong>Houndoom</strong>!<br></div><div class="spacer battle-history"><br></div><h2 class="battle-history">Turn 6</h2><div class="spacer battle-history"><br></div><div class="battle-history">Chandelure, come back!<br></div><div class="battle-history">Go! <strong>Crawdaunt</strong>!<br></div><div class="spacer battle-history"><br></div><div class="battle-history"><small>The opposing Houndoom's Houndoominite is reacting to That Typhlosion's Mega Bracelet!</small><br>The opposing Houndoom has Mega Evolved into Mega Houndoom!<br></div><div class="spacer battle-history"><br></div><div class="battle-history">The opposing Houndoom used <strong>Nasty Plot</strong>!<br></div><div class="battle-history"><small>The opposing Houndoom's Special Attack rose sharply!</small><br></div><div class="spacer battle-history"><br></div><div class="battle-history"><small>(The sunlight is strong!)</small><br></div><div class="battle-history"><small>[The opposing Houndoom's Solar Power]</small><br><small>(The opposing Houndoom was hurt by its Solar Power.)</small><br></div><div class="spacer battle-history"><br></div><h2 class="battle-history">Turn 7</h2><div class="spacer battle-history"><br></div><div class="battle-history">The opposing Houndoom used <strong>Fire Blast</strong>!<br></div><div class="battle-history"><small>It's not very effective...</small><br></div><div class="battle-history"><small>(Crawdaunt lost <abbr title="−267/267">100%</abbr> of its health!)</small><br></div><div class="spacer battle-history"><br></div><div class="battle-history">Crawdaunt fainted!<br></div><div class="spacer battle-history"><br></div><div class="battle-history"><small>(The sunlight is strong!)</small><br></div><div class="battle-history"><small>[The opposing Houndoom's Solar Power]</small><br><small>(The opposing Houndoom was hurt by its Solar Power.)</small><br></div><div class="chat"><small>Tikarah joined.</small></div><div class="spacer battle-history"><br></div><div class="battle-history">Go! <strong>Donphan</strong>!<br></div><div class="spacer battle-history"><br></div><h2 class="battle-history">Turn 8</h2><div class="spacer battle-history"><br></div><div class="battle-history">That Typhlosion withdrew Houndoom!<br></div><div class="battle-history">That Typhlosion sent out <strong>Snorlax</strong>!<br></div><div class="spacer battle-history"><br></div><div class="battle-history">Donphan used <strong>Earthquake</strong>!<br></div><div class="battle-history"><small>(The opposing Snorlax lost <abbr title="−240/523">45.9%</abbr> of its health!)</small><br></div><div class="spacer battle-history"><br></div><div class="battle-history"><small>The sunlight faded.</small><br></div><div class="spacer battle-history"><br></div><h2 class="battle-history">Turn 9</h2><div class="spacer battle-history"><br></div><div class="battle-history">Donphan used <strong>Knock Off</strong>!<br></div><div class="battle-history"><small>(The opposing Snorlax lost <abbr title="−150/523">28.7%</abbr> of its health!)</small><br></div><div class="battle-history"><small>Donphan knocked off the opposing Snorlax's Choice Band!</small><br></div><div class="spacer battle-history"><br></div><div class="battle-history">The opposing Snorlax used <strong>Body Slam</strong>!<br></div><div class="battle-history"><small>(Donphan lost <abbr title="−91/321">28.3%</abbr> of its health!)</small><br></div><div class="spacer battle-history"><br></div><h2 class="battle-history">Turn 10</h2><div class="spacer battle-history"><br></div><div class="battle-history">Donphan used <strong>Earthquake</strong>!<br></div><div class="battle-history"><small>(The opposing Snorlax lost <abbr title="−133/523">25.4%</abbr> of its health!)</small><br></div><div class="spacer battle-history"><br></div><div class="battle-history">The opposing Snorlax fainted!<br></div><div class="spacer battle-history"><br></div><div class="battle-history">That Typhlosion sent out <strong>Typhlosion</strong>!<br></div><div class="spacer battle-history"><br></div><h2 class="battle-history">Turn 11</h2><div class="chat"><small>dess3000 joined.</small></div><div class="spacer battle-history"><br></div><div class="battle-history">That Typhlosion withdrew Typhlosion!<br></div><div class="battle-history">That Typhlosion sent out <strong>Cradily</strong>!<br></div><div class="spacer battle-history"><br></div><div class="battle-history">Donphan used <strong>Stealth Rock</strong>!<br></div><div class="battle-history"><small>Pointed stones float in the air around the opposing team!</small><br></div><div class="spacer battle-history"><br></div><h2 class="battle-history">Turn 12</h2><div class="spacer battle-history"><br></div><div class="battle-history">Donphan used <strong>Earthquake</strong>!<br></div><div class="battle-history"><small>(The opposing Cradily lost <abbr title="−172/375">45.9%</abbr> of its health!)</small><br></div><div class="spacer battle-history"><br></div><div class="battle-history">The opposing Cradily used <strong>Stealth Rock</strong>!<br></div><div class="battle-history"><small>Pointed stones float in the air around your team!</small><br></div><div class="spacer battle-history"><br></div><h2 class="battle-history">Turn 13</h2><div class="chat"><small>User da blast &gt;_&gt; left.</small></div><div class="spacer battle-history"><br></div><div class="battle-history">Donphan used <strong>Rapid Spin</strong>!<br></div><div class="battle-history"><small>It's not very effective...</small><br></div><div class="battle-history"><small>(The opposing Cradily lost <abbr title="−11/375">2.9%</abbr> of its health!)</small><br></div><div class="battle-history"><small>The pointed stones disappeared from around your team!</small><br></div><div class="spacer battle-history"><br></div><div class="battle-history">The opposing Cradily used <strong>Sunny Day</strong>!<br></div><div class="battle-history"><small>The sunlight turned harsh!</small><br></div><div class="spacer battle-history"><br></div><div class="battle-history"><small>(The sunlight is strong!)</small><br></div><div class="spacer battle-history"><br></div><h2 class="battle-history">Turn 14</h2><div class="spacer battle-history"><br></div><div class="battle-history">Donphan used <strong>Earthquake</strong>!<br></div><div class="battle-history"><small>(The opposing Cradily lost <abbr title="−187/375">49.9%</abbr> of its health!)</small><br></div><div class="spacer battle-history"><br></div><div class="battle-history">The opposing Cradily used <strong>Giga Drain</strong>!<br></div><div class="battle-history"><small>It's super effective!</small><br></div><div class="battle-history"><small>(Donphan lost <abbr title="−230/321">71.7%</abbr> of its health!)</small><br></div><div class="battle-history"><small>Donphan had its energy drained!</small><br></div><div class="spacer battle-history"><br></div><div class="battle-history">Donphan fainted!<br></div><div class="spacer battle-history"><br></div><div class="battle-history"><small>(The sunlight is strong!)</small><br></div><div class="chat"><small>Cocoon Evolution joined.</small></div><div class="spacer battle-history"><br></div><div class="battle-history">Go! <strong>Cobalion</strong>!<br></div><div class="spacer battle-history"><br></div><h2 class="battle-history">Turn 15</h2><div class="spacer battle-history"><br></div><div class="battle-history">Cobalion used <strong>Iron Head</strong>!<br></div><div class="battle-history"><small>It's super effective!</small><br></div><div class="battle-history"><small>(The opposing Cradily lost <abbr title="−120/375">32%</abbr> of its health!)</small><br></div><div class="spacer battle-history"><br></div><div class="battle-history">The opposing Cradily fainted!<br></div><div class="spacer battle-history"><br></div><div class="battle-history"><small>(The sunlight is strong!)</small><br></div><div class="battle-history"><small>Cobalion restored a little HP using its Leftovers!</small><br></div><div class="spacer battle-history"><br></div><div class="battle-history">That Typhlosion sent out Houndoom (<strong>Houndoom-Mega</strong>)!<br></div><div class="battle-history"><small>Pointed stones dug into the opposing Houndoom!</small><br></div><div class="spacer battle-history"><br></div><h2 class="battle-history">Turn 16</h2><div class="spacer battle-history"><br></div><div class="battle-history">The opposing Houndoom used <strong>Fire Blast</strong>!<br></div><div class="battle-history"><small>It's super effective!</small><br></div><div class="battle-history"><small>(Cobalion lost <abbr title="−202/324">62.3%</abbr> of its health!)</small><br></div><div class="spacer battle-history"><br></div><div class="battle-history">Cobalion fainted!<br></div><div class="spacer battle-history"><br></div><div class="battle-history"><small>(The sunlight is strong!)</small><br></div><div class="battle-history"><small>[The opposing Houndoom's Solar Power]</small><br><small>(The opposing Houndoom was hurt by its Solar Power.)</small><br></div><div class="spacer battle-history"><br></div><div class="battle-history">Go! Rotom (<strong>Rotom-Mow</strong>)!<br></div><div class="spacer battle-history"><br></div><h2 class="battle-history">Turn 17</h2><div class="spacer battle-history"><br></div><div class="battle-history">Rotom used <strong>Thunderbolt</strong>!<br></div><div class="battle-history"><small>(The opposing Houndoom lost <abbr title="−111/291">38.1%</abbr> of its health!)</small><br></div><div class="spacer battle-history"><br></div><div class="battle-history">The opposing Houndoom fainted!<br></div><div class="spacer battle-history"><br></div><div class="battle-history"><small>(The sunlight is strong!)</small><br></div><div class="spacer battle-history"><br></div><div class="battle-history">That Typhlosion sent out <strong>Venusaur</strong>!<br></div><div class="battle-history"><small>Pointed stones dug into the opposing Venusaur!</small><br></div><div class="spacer battle-history"><br></div><h2 class="battle-history">Turn 18</h2><div class="chat"><small>arthur101 joined.</small></div><div class="spacer battle-history"><br></div><div class="battle-history">The opposing Venusaur used <strong>Growth</strong>!<br></div><div class="battle-history"><small>The opposing Venusaur's Attack rose sharply!</small><br></div><div class="battle-history"><small>The opposing Venusaur's Special Attack rose sharply!</small><br></div><div class="spacer battle-history"><br></div><div class="battle-history">Rotom used <strong>Thunderbolt</strong>!<br></div><div class="battle-history"><small>It's not very effective...</small><br></div><div class="battle-history"><small>(The opposing Venusaur lost <abbr title="−69/301">22.9%</abbr> of its health!)</small><br></div><div class="spacer battle-history"><br></div><div class="battle-history"><small>(The sunlight is strong!)</small><br></div><div class="spacer battle-history"><br></div><h2 class="battle-history">Turn 19</h2><div class="spacer battle-history"><br></div><div class="battle-history">The opposing Venusaur used <strong>Sludge Bomb</strong>!<br></div><div class="battle-history"><small>It's super effective!</small><br></div><div class="battle-history"><small>(Rotom lost <abbr title="−241/241">100%</abbr> of its health!)</small><br></div><div class="battle-history"><small>The opposing Venusaur lost some of its HP!</small><br></div><div class="spacer battle-history"><br></div><div class="battle-history">Rotom fainted!<br></div><div class="spacer battle-history"><br></div><div class="battle-history"><small>(The sunlight is strong!)</small><br></div><div class="spacer battle-history"><br></div><div class="battle-history">Go! <strong>Chandelure</strong>!<br></div><div class="spacer battle-history"><br></div><h2 class="battle-history">Turn 20</h2><div class="chat chatmessage-arthur101"><strong style="color:hsl(300,49%,49.415294441842605%)"><small> </small><span class="username" data-name="arthur101">arthur101</span>:</strong> <em>vai ana</em></div><div class="spacer battle-history"><br></div><div class="battle-history">The opposing Venusaur used <strong>Earthquake</strong>!<br></div><div class="battle-history"><small>It's super effective!</small><br></div><div class="battle-history"><small>(Chandelure lost <abbr title="−107/261">41.0%</abbr> of its health!)</small><br></div><div class="battle-history"><small>The opposing Venusaur lost some of its HP!</small><br></div><div class="spacer battle-history"><br></div><div class="battle-history">Chandelure fainted!<br></div><div class="spacer battle-history"><br></div><div class="battle-history"><small>The sunlight faded.</small><br></div><div class="spacer battle-history"><br></div><div class="battle-history">Go! <strong>Milotic</strong>!<br></div><div class="spacer battle-history"><br></div><h2 class="battle-history">Turn 21</h2><div class="chat"><small>arthur101 left.</small></div><div class="chat chatmessage-anatrainer"><strong style="color:hsl(19,82%,42.425510496605554%)"><small>☆</small><span class="username" data-name="ANA TRAINER">ANA TRAINER</span>:</strong> <em>vc venceu</em></div><div class="chat chatmessage-anatrainer"><strong style="color:hsl(19,82%,42.425510496605554%)"><small>☆</small><span class="username" data-name="ANA TRAINER">ANA TRAINER</span>:</strong> <em>vc é superior a mim</em></div><div class="spacer battle-history"><br></div><div class="battle-history">The opposing Venusaur used <strong>Giga Drain</strong>!<br></div><div class="battle-history"><small>It's super effective!</small><br></div><div class="battle-history"><small>(Milotic lost <abbr title="−310/394">78.7%</abbr> of its health!)</small><br></div><div class="battle-history"><small>Milotic had its energy drained!</small><br></div><div class="battle-history"><small>The opposing Venusaur lost some of its HP!</small><br></div><div class="spacer battle-history"><br></div><div class="battle-history">Milotic fainted!<br></div><div class="spacer battle-history"><br></div><div class="battle-history"><strong>That Typhlosion</strong> won the battle!<br></div><div class="chat"><small>That Typhlosion left.</small></div><div class="chat"><small>Cocoon Evolution left.</small></div><div class="chat"><small>ANA TRAINER left.</small></div></div><div class="inner-preempt"></div></div></div>
</div>
<script>
let daily = Math.floor(Date.now()/1000/60/60/24);document.write('<script src="https://play.pokemonshowdown.com/js/replay-embed.js?version'+daily+'"></'+'script>');
</script>
