<!DOCTYPE html>
<meta charset="utf-8" />
<!-- version 1 -->
<title>UU replay: GuitaristBenjammin vs. Silmarril</title>
<style>
html,body {font-family:Verdana, sans-serif;font-size:10pt;margin:0;padding:0;}body{padding:12px 0;} .battle-log {font-family:Verdana, sans-serif;font-size:10pt;} .battle-log-inline {border:1px solid #AAAAAA;background:#EEF2F5;color:black;max-width:640px;margin:0 auto 80px;padding-bottom:5px;} .battle-log .inner {padding:4px 8px 0px 8px;} .battle-log .inner-preempt {padding:0 8px 4px 8px;} .battle-log .inner-after {margin-top:0.5em;} .battle-log h2 {margin:0.5em -8px;padding:4px 8px;border:1px solid #AAAAAA;background:#E0E7EA;border-left:0;border-right:0;font-family:Verdana, sans-serif;font-size:13pt;} .battle-log .chat {vertical-align:middle;padding:3px 0 3px 0;font-size:8pt;} .battle-log .chat strong {color:#40576A;} .battle-log .chat em {padding:1px 4px 1px 3px;color:#000000;font-style:normal;} .chat.mine {background:rgba(0,0,0,0.05);margin-left:-8px;margin-right:-8px;padding-left:8px;padding-right:8px;} .spoiler {color:#BBBBBB;background:#BBBBBB;padding:0px 3px;} .spoiler:hover, .spoiler:active, .spoiler-shown {color:#000000;background:#E2E2E2;padding:0px 3px;} .spoiler a {color:#BBBBBB;} .spoiler:hover a, .spoiler:active a, .spoiler-shown a {color:#2288CC;} .chat code, .chat .spoiler:hover code, .chat .spoiler:active code, .chat .spoiler-shown code {border:1px solid #C0C0C0;background:#EEEEEE;color:black;padding:0 2px;} .chat .spoiler code {border:1px solid #CCCCCC;background:#CCCCCC;color:#CCCCCC;} .battle-log .rated {padding:3px 4px;} .battle-log .rated strong {color:white;background:#89A;padding:1px 4px;border-radius:4px;} .spacer {margin-top:0.5em;} .message-announce {background:#6688AA;color:white;padding:1px 4px 2px;} .message-announce a, .broadcast-green a, .broadcast-blue a, .broadcast-red a {color:#DDEEFF;} .broadcast-green {background-color:#559955;color:white;padding:2px 4px;} .broadcast-blue {background-color:#6688AA;color:white;padding:2px 4px;} .infobox {border:1px solid #6688AA;padding:2px 4px;} .infobox-limited {max-height:200px;overflow:auto;overflow-x:hidden;} .broadcast-red {background-color:#AA5544;color:white;padding:2px 4px;} .message-learn-canlearn {font-weight:bold;color:#228822;text-decoration:underline;} .message-learn-cannotlearn {font-weight:bold;color:#CC2222;text-decoration:underline;} .message-effect-weak {font-weight:bold;color:#CC2222;} .message-effect-resist {font-weight:bold;color:#6688AA;} .message-effect-immune {font-weight:bold;color:#666666;} .message-learn-list {margin-top:0;margin-bottom:0;} .message-throttle-notice, .message-error {color:#992222;} .message-overflow, .chat small.message-overflow {font-size:0pt;} .message-overflow::before {font-size:9pt;content:'...';} .subtle {color:#3A4A66;}
</style>
<div class="wrapper replay-wrapper" style="max-width:1180px;margin:0 auto">
<input type="hidden" name="replayid" value="uu-542777761" />
<div class="battle"></div><div class="battle-log"></div><div class="replay-controls"></div><div class="replay-controls-2"></div>
<h1 style="font-weight:normal;text-align:center"><strong>UU</strong><br /><a href="http://pokemonshowdown.com/users/guitaristbenjammin" class="subtle" target="_blank">GuitaristBenjammin</a> vs. <a href="http://pokemonshowdown.com/users/silmarril" class="subtle" target="_blank">Silmarril</a></h1>
<script type="text/plain" class="battle-log-data">|j|GuitaristBenjammin
|j|Silmarril
|player|p1|GuitaristBenjammin|53
|player|p2|Silmarril|92
|gametype|singles
|gen|6
|tier|UU
|rated
|seed|6633,61098,49654,59932
|rule|Sleep Clause Mod: Limit one foe put to sleep
|rule|Species Clause: Limit one of each Pokémon
|rule|OHKO Clause: OHKO moves are banned
|rule|Moody Clause: Moody is banned
|rule|Evasion Moves Clause: Evasion moves are banned
|rule|Endless Battle Clause: Forcing endless battles is banned
|rule|HP Percentage Mod: HP is shown in percentages
|clearpoke
|poke|p1|Bronzong|item
|poke|p1|Emboar, M|item
|poke|p1|Ursaring, F|item
|poke|p1|Medicham, M|item
|poke|p1|Escavalier, M|item
|poke|p1|Jellicent, M|item
|poke|p2|Gardevoir, F|item
|poke|p2|Kingdra, M|item
|poke|p2|Aggron, M|item
|poke|p2|Entei, shiny|item
|poke|p2|Trevenant, M|item
|poke|p2|Flygon, M|item
|rule|Swagger Clause: Swagger is banned
|rule|Baton Pass Clause: Limit one Baton Passer, can't pass Spe and other stats simultaneously
|teampreview
|c|☆GuitaristBenjammin|Good luck!
|choice|team 1, team 2, team 3, team 4, team 5, team 6|team 4, team 2, team 3, team 1, team 5, team 6
|
|start
|switch|p1a: Liberty|Bronzong|338\/338
|switch|p2a: Hephaestus|Entei, shiny|371\/371
|-ability|p2a: Hephaestus|Pressure
|turn|1
|c|☆Silmarril|GL
|c|☆Silmarril|Thanks
|c|☆GuitaristBenjammin|Well THAT'S worrisome.
|choice|move trickroom|move flamecharge
|
|move|p2a: Hephaestus|Flame Charge|p1a: Liberty
|-supereffective|p1a: Liberty
|-damage|p1a: Liberty|156\/338
|-boost|p2a: Hephaestus|spe|1
|-damage|p2a: Hephaestus|334\/371|[from] item: Life Orb
|move|p1a: Liberty|Trick Room|p1a: Liberty
|-fieldstart|move: Trick Room|[of] p1a: Liberty
|
|-heal|p1a: Liberty|177\/338|[from] item: Leftovers
|upkeep
|turn|2
|choice|move stealthrock|move sacredfire
|
|move|p1a: Liberty|Stealth Rock|p2a: Hephaestus
|-sidestart|p2: Silmarril|move: Stealth Rock
|move|p2a: Hephaestus|Sacred Fire|p1a: Liberty|[miss]
|-miss|p2a: Hephaestus|p1a: Liberty
|
|-heal|p1a: Liberty|198\/338|[from] item: Leftovers
|upkeep
|turn|3
|choice|move earthquake|move sacredfire
|
|move|p1a: Liberty|Earthquake|p2a: Hephaestus
|-supereffective|p2a: Hephaestus
|-damage|p2a: Hephaestus|170\/371
|move|p2a: Hephaestus|Sacred Fire|p1a: Liberty
|-supereffective|p1a: Liberty
|-damage|p1a: Liberty|0 fnt
|-damage|p2a: Hephaestus|133\/371|[from] item: Life Orb
|faint|p1a: Liberty
|
|upkeep
|choice|switch 2|
|
|switch|p1a: Babe|Emboar, M|424\/424
|turn|4
|choice|move hammerarm|move stoneedge
|
|move|p1a: Babe|Hammer Arm|p2a: Hephaestus
|-damage|p2a: Hephaestus|0 fnt
|-unboost|p1a: Babe|spe|1
|faint|p2a: Hephaestus
|
|upkeep
|choice||switch 3
|
|switch|p2a: Stygian|Aggron, M|343\/343
|-damage|p2a: Stygian|322\/343|[from] Stealth Rock
|turn|5
|choice|move hammerarm|move earthquake mega
|
|detailschange|p2a: Stygian|Aggron-Mega, M
|-mega|p2a: Stygian|Aggron|Aggronite
|move|p1a: Babe|Hammer Arm|p2a: Stygian
|-supereffective|p2a: Stygian
|-damage|p2a: Stygian|205\/343
|-unboost|p1a: Babe|spe|1
|move|p2a: Stygian|Earthquake|p1a: Babe
|-supereffective|p1a: Babe
|-damage|p1a: Babe|86\/424
|
|-fieldend|move: Trick Room
|upkeep
|turn|6
|choice|switch 6|move earthquake
|
|switch|p1a: Pringle|Jellicent, M|404\/404
|move|p2a: Stygian|Earthquake|p1a: Pringle
|-damage|p1a: Pringle|289\/404
|
|-heal|p1a: Pringle|314\/404|[from] item: Leftovers
|upkeep
|turn|7
|choice|move scald|move thunderpunch
|
|move|p2a: Stygian|Thunder Punch|p1a: Pringle
|-supereffective|p1a: Pringle
|-damage|p1a: Pringle|156\/404
|move|p1a: Pringle|Scald|p2a: Stygian
|-damage|p2a: Stygian|99\/343
|
|-heal|p1a: Pringle|181\/404|[from] item: Leftovers
|upkeep
|turn|8
|choice|move recover|move thunderpunch
|
|move|p2a: Stygian|Thunder Punch|p1a: Pringle
|-supereffective|p1a: Pringle
|-damage|p1a: Pringle|23\/404
|move|p1a: Pringle|Recover|p1a: Pringle
|-heal|p1a: Pringle|225\/404
|
|-heal|p1a: Pringle|250\/404|[from] item: Leftovers
|upkeep
|turn|9
|choice|move trickroom|switch 2
|
|switch|p2a: Poseidon|Kingdra, M|291\/291
|-damage|p2a: Poseidon|255\/291|[from] Stealth Rock
|move|p1a: Pringle|Trick Room|p1a: Pringle
|-fieldstart|move: Trick Room|[of] p1a: Pringle
|
|-heal|p1a: Pringle|275\/404|[from] item: Leftovers
|upkeep
|turn|10
|choice|switch 5|move focusenergy
|
|switch|p1a: LeBron|Escavalier, M|344\/344
|move|p2a: Poseidon|Focus Energy|p2a: Poseidon
|-start|p2a: Poseidon|move: Focus Energy
|
|upkeep
|turn|11
|choice|move swordsdance|move dracometeor
|
|move|p1a: LeBron|Swords Dance|p1a: LeBron
|-boost|p1a: LeBron|atk|2
|move|p2a: Poseidon|Draco Meteor|p1a: LeBron
|-resisted|p1a: LeBron
|-crit|p1a: LeBron
|-damage|p1a: LeBron|143\/344
|-unboost|p2a: Poseidon|spa|2
|
|upkeep
|turn|12
|choice|move megahorn|move dracometeor
|
|move|p1a: LeBron|Megahorn|p2a: Poseidon
|-crit|p2a: Poseidon
|-damage|p2a: Poseidon|0 fnt
|-damage|p1a: LeBron|109\/344|[from] item: Life Orb
|faint|p2a: Poseidon
|
|upkeep
|choice||switch 2
|
|switch|p2a: Stygian|Aggron-Mega, M|99\/343
|-damage|p2a: Stygian|78\/343|[from] Stealth Rock
|turn|13
|choice|move drillrun|move stealthrock
|
|move|p1a: LeBron|Drill Run|p2a: Stygian
|-supereffective|p2a: Stygian
|-damage|p2a: Stygian|0 fnt
|-damage|p1a: LeBron|75\/344|[from] item: Life Orb
|faint|p2a: Stygian
|
|-fieldend|move: Trick Room
|upkeep
|choice||switch 6
|
|switch|p2a: Pytho|Flygon, M|301\/301
|-damage|p2a: Pytho|283\/301|[from] Stealth Rock
|turn|14
|choice|move megahorn|move earthquake
|
|move|p2a: Pytho|Earthquake|p1a: LeBron
|-damage|p1a: LeBron|0 fnt
|faint|p1a: LeBron
|
|upkeep
|choice|switch 5|
|
|switch|p1a: Pringle|Jellicent, M|275\/404
|turn|15
|choice|move trickroom|switch 4
|
|switch|p2a: Athena|Gardevoir, F|277\/277
|-damage|p2a: Athena|243\/277|[from] Stealth Rock
|move|p1a: Pringle|Trick Room|p1a: Pringle
|-fieldstart|move: Trick Room|[of] p1a: Pringle
|
|-heal|p1a: Pringle|300\/404|[from] item: Leftovers
|upkeep
|turn|16
|choice|switch 3|move shadowball
|
|switch|p1a: Da bear|Ursaring, F|384\/384
|move|p2a: Athena|Shadow Ball|p1a: Da bear
|-immune|p1a: Da bear|[msg]
|
|-status|p1a: Da bear|tox|[from] item: Toxic Orb
|upkeep
|turn|17
|choice|move facade|move focusblast
|
|move|p1a: Da bear|Facade|p2a: Athena
|-damage|p2a: Athena|0 fnt
|faint|p2a: Athena
|
|-damage|p1a: Da bear|360\/384 tox|[from] psn
|upkeep
|c|☆GuitaristBenjammin|Gg
|choice||switch 5
|
|switch|p2a: Sambucus|Trevenant, M|373\/373
|-damage|p2a: Sambucus|327\/373|[from] Stealth Rock
|turn|18
|choice|move crunch|move willowisp
|
|move|p1a: Da bear|Crunch|p2a: Sambucus
|-supereffective|p2a: Sambucus
|-damage|p2a: Sambucus|0 fnt
|faint|p2a: Sambucus
|
|-damage|p1a: Da bear|312\/384 tox|[from] psn
|upkeep
|choice||switch 4
|
|switch|p2a: Pytho|Flygon, M|283\/301
|-damage|p2a: Pytho|265\/301|[from] Stealth Rock
|turn|19
|choice|move facade|move outrage
|
|move|p1a: Da bear|Facade|p2a: Pytho
|-damage|p2a: Pytho|0 fnt
|faint|p2a: Pytho
|
|win|GuitaristBenjammin
|player|p1
|player|p2
|c|☆GuitaristBenjammin|Well played
|raw|GuitaristBenjammin's rating: 1361 &rarr; <strong>1376<\/strong><br \/>(+15 for winning)
|raw|Silmarril's rating: 1279 &rarr; <strong>1260<\/strong><br \/>(-19 for losing)
|c|☆Silmarril|GG</script>
</div>
<div class="battle-log battle-log-inline"><div class="inner"><div class="battle-options"></div><div class="inner"><div class="chat"><small>GuitaristBenjammin joined.</small></div><div class="chat"><small>Silmarril joined.</small></div><div class=""><small>Format:</small> <br><strong>UU</strong></div><div class="rated"><strong>Rated battle</strong></div><div class=""><small><em>Sleep Clause Mod:</em> Limit one foe put to sleep</small></div><div class=""><small><em>Species Clause:</em> Limit one of each Pokémon</small></div><div class=""><small><em>OHKO Clause:</em> OHKO moves are banned</small></div><div class=""><small><em>Moody Clause:</em> Moody is banned</small></div><div class=""><small><em>Evasion Moves Clause:</em> Evasion moves are banned</small></div><div class=""><small><em>Endless Battle Clause:</em> Forcing endless battles is banned</small></div><div class=""><small><em>HP Percentage Mod:</em> HP is shown in percentages</small></div><div class=""><small><em>Swagger Clause:</em> Swagger is banned</small></div><div class=""><small><em>Baton Pass Clause:</em> Limit one Baton Passer, can't pass Spe and other stats simultaneously</small></div><div class="chat battle-history"><strong>GuitaristBenjammin's team:</strong> <em style="color:#445566;display:block;">Bronzong / Emboar / Ursaring / Medicham / Escavalier / Jellicent</em></div><div class="chat battle-history"><strong>Silmarril's team:</strong> <em style="color:#445566;display:block;">Gardevoir / Kingdra / Aggron / Entei / Trevenant / Flygon</em></div><div class="chat chatmessage-guitaristbenjammin"><strong style="color:hsl(315,67%,46.99462020383562%)"><small>☆</small><span class="username" data-name="GuitaristBenjammin">GuitaristBenjammin</span>:</strong> <em>Good luck!</em></div><div class="spacer battle-history"><br></div><div class="battle-history">Battle started between GuitaristBenjammin and Silmarril!<br></div><div class="spacer battle-history"><br></div><div class="battle-history">Go! Liberty (<strong>Bronzong</strong>)!<br></div><div class="spacer battle-history"><br></div><div class="battle-history">Silmarril sent out Hephaestus (<strong>Entei</strong>)!<br></div><div class="battle-history"><small>[The opposing Hephaestus's Pressure]</small><br><small>The opposing Hephaestus is exerting its pressure!</small><br></div><div class="spacer battle-history"><br></div><h2 class="battle-history">Turn 1</h2><div class="chat chatmessage-silmarril"><strong style="color:hsl(82,58%,31%)"><small>☆</small><span class="username" data-name="Silmarril">Silmarril</span>:</strong> <em>GL</em></div><div class="chat chatmessage-silmarril"><strong style="color:hsl(82,58%,31%)"><small>☆</small><span class="username" data-name="Silmarril">Silmarril</span>:</strong> <em>Thanks</em></div><div class="chat chatmessage-guitaristbenjammin"><strong style="color:hsl(315,67%,46.99462020383562%)"><small>☆</small><span class="username" data-name="GuitaristBenjammin">GuitaristBenjammin</span>:</strong> <em>Well THAT'S worrisome.</em></div><div class="spacer battle-history"><br></div><div class="battle-history">The opposing Hephaestus used <strong>Flame Charge</strong>!<br></div><div class="battle-history"><small>It's super effective!</small><br></div><div class="battle-history"><small>(Liberty lost <abbr title="−182/338">53.8%</abbr> of its health!)</small><br></div><div class="battle-history"><small>The opposing Hephaestus's Speed rose!</small><br></div><div class="battle-history"><small>The opposing Hephaestus lost some of its HP!</small><br></div><div class="spacer battle-history"><br></div><div class="battle-history">Liberty used <strong>Trick Room</strong>!<br></div><div class="battle-history"><small>Liberty twisted the dimensions!</small><br></div><div class="spacer battle-history"><br></div><div class="battle-history"><small>Liberty restored a little HP using its Leftovers!</small><br></div><div class="spacer battle-history"><br></div><h2 class="battle-history">Turn 2</h2><div class="spacer battle-history"><br></div><div class="battle-history">Liberty used <strong>Stealth Rock</strong>!<br></div><div class="battle-history"><small>Pointed stones float in the air around the opposing team!</small><br></div><div class="spacer battle-history"><br></div><div class="battle-history">The opposing Hephaestus used <strong>Sacred Fire</strong>!<br></div><div class="battle-history"><small>Liberty avoided the attack!</small><br></div><div class="spacer battle-history"><br></div><div class="battle-history"><small>Liberty restored a little HP using its Leftovers!</small><br></div><div class="spacer battle-history"><br></div><h2 class="battle-history">Turn 3</h2><div class="spacer battle-history"><br></div><div class="battle-history">Liberty used <strong>Earthquake</strong>!<br></div><div class="battle-history"><small>It's super effective!</small><br></div><div class="battle-history"><small>(The opposing Hephaestus lost <abbr title="−164/371">44.2%</abbr> of its health!)</small><br></div><div class="spacer battle-history"><br></div><div class="battle-history">The opposing Hephaestus used <strong>Sacred Fire</strong>!<br></div><div class="battle-history"><small>It's super effective!</small><br></div><div class="battle-history"><small>(Liberty lost <abbr title="−198/338">58.6%</abbr> of its health!)</small><br></div><div class="battle-history"><small>The opposing Hephaestus lost some of its HP!</small><br></div><div class="spacer battle-history"><br></div><div class="battle-history">Liberty fainted!<br></div><div class="spacer battle-history"><br></div><div class="battle-history">Go! Babe (<strong>Emboar</strong>)!<br></div><div class="spacer battle-history"><br></div><h2 class="battle-history">Turn 4</h2><div class="spacer battle-history"><br></div><div class="battle-history">Babe used <strong>Hammer Arm</strong>!<br></div><div class="battle-history"><small>(The opposing Hephaestus lost <abbr title="−133/371">35.8%</abbr> of its health!)</small><br></div><div class="battle-history"><small>Babe's Speed fell!</small><br></div><div class="spacer battle-history"><br></div><div class="battle-history">The opposing Hephaestus fainted!<br></div><div class="spacer battle-history"><br></div><div class="battle-history">Silmarril sent out Stygian (<strong>Aggron</strong>)!<br></div><div class="battle-history"><small>Pointed stones dug into the opposing Stygian!</small><br></div><div class="spacer battle-history"><br></div><h2 class="battle-history">Turn 5</h2><div class="spacer battle-history"><br></div><div class="battle-history"><small>The opposing Stygian's Aggronite is reacting to Silmarril's Mega Bracelet!</small><br>The opposing Stygian has Mega Evolved into Mega Aggron!<br></div><div class="spacer battle-history"><br></div><div class="battle-history">Babe used <strong>Hammer Arm</strong>!<br></div><div class="battle-history"><small>It's super effective!</small><br></div><div class="battle-history"><small>(The opposing Stygian lost <abbr title="−117/343">34.1%</abbr> of its health!)</small><br></div><div class="battle-history"><small>Babe's Speed fell!</small><br></div><div class="spacer battle-history"><br></div><div class="battle-history">The opposing Stygian used <strong>Earthquake</strong>!<br></div><div class="battle-history"><small>It's super effective!</small><br></div><div class="battle-history"><small>(Babe lost <abbr title="−338/424">79.7%</abbr> of its health!)</small><br></div><div class="spacer battle-history"><br></div><div class="battle-history"><small>The twisted dimensions returned to normal!</small><br></div><div class="spacer battle-history"><br></div><h2 class="battle-history">Turn 6</h2><div class="spacer battle-history"><br></div><div class="battle-history">Babe, come back!<br></div><div class="battle-history">Go! Pringle (<strong>Jellicent</strong>)!<br></div><div class="spacer battle-history"><br></div><div class="battle-history">The opposing Stygian used <strong>Earthquake</strong>!<br></div><div class="battle-history"><small>(Pringle lost <abbr title="−115/404">28.5%</abbr> of its health!)</small><br></div><div class="spacer battle-history"><br></div><div class="battle-history"><small>Pringle restored a little HP using its Leftovers!</small><br></div><div class="spacer battle-history"><br></div><h2 class="battle-history">Turn 7</h2><div class="spacer battle-history"><br></div><div class="battle-history">The opposing Stygian used <strong>Thunder Punch</strong>!<br></div><div class="battle-history"><small>It's super effective!</small><br></div><div class="battle-history"><small>(Pringle lost <abbr title="−158/404">39.1%</abbr> of its health!)</small><br></div><div class="spacer battle-history"><br></div><div class="battle-history">Pringle used <strong>Scald</strong>!<br></div><div class="battle-history"><small>(The opposing Stygian lost <abbr title="−106/343">30.9%</abbr> of its health!)</small><br></div><div class="spacer battle-history"><br></div><div class="battle-history"><small>Pringle restored a little HP using its Leftovers!</small><br></div><div class="spacer battle-history"><br></div><h2 class="battle-history">Turn 8</h2><div class="spacer battle-history"><br></div><div class="battle-history">The opposing Stygian used <strong>Thunder Punch</strong>!<br></div><div class="battle-history"><small>It's super effective!</small><br></div><div class="battle-history"><small>(Pringle lost <abbr title="−158/404">39.1%</abbr> of its health!)</small><br></div><div class="spacer battle-history"><br></div><div class="battle-history">Pringle used <strong>Recover</strong>!<br></div><div class="battle-history"><small>Pringle restored its HP.</small><br></div><div class="spacer battle-history"><br></div><div class="battle-history"><small>Pringle restored a little HP using its Leftovers!</small><br></div><div class="spacer battle-history"><br></div><h2 class="battle-history">Turn 9</h2><div class="spacer battle-history"><br></div><div class="battle-history">Silmarril withdrew Stygian!<br></div><div class="battle-history">Silmarril sent out Poseidon (<strong>Kingdra</strong>)!<br></div><div class="battle-history"><small>Pointed stones dug into the opposing Poseidon!</small><br></div><div class="spacer battle-history"><br></div><div class="battle-history">Pringle used <strong>Trick Room</strong>!<br></div><div class="battle-history"><small>Pringle twisted the dimensions!</small><br></div><div class="spacer battle-history"><br></div><div class="battle-history"><small>Pringle restored a little HP using its Leftovers!</small><br></div><div class="spacer battle-history"><br></div><h2 class="battle-history">Turn 10</h2><div class="spacer battle-history"><br></div><div class="battle-history">Pringle, come back!<br></div><div class="battle-history">Go! LeBron (<strong>Escavalier</strong>)!<br></div><div class="spacer battle-history"><br></div><div class="battle-history">The opposing Poseidon used <strong>Focus Energy</strong>!<br></div><div class="battle-history"><small>The opposing Poseidon is getting pumped!</small><br></div><div class="spacer battle-history"><br></div><h2 class="battle-history">Turn 11</h2><div class="spacer battle-history"><br></div><div class="battle-history">LeBron used <strong>Swords Dance</strong>!<br></div><div class="battle-history"><small>LeBron's Attack rose sharply!</small><br></div><div class="spacer battle-history"><br></div><div class="battle-history">The opposing Poseidon used <strong>Draco Meteor</strong>!<br></div><div class="battle-history"><small>It's not very effective...</small><br></div><div class="battle-history"><small>A critical hit!</small><br></div><div class="battle-history"><small>(LeBron lost <abbr title="−201/344">58.4%</abbr> of its health!)</small><br></div><div class="battle-history"><small>The opposing Poseidon's Special Attack fell harshly!</small><br></div><div class="spacer battle-history"><br></div><h2 class="battle-history">Turn 12</h2><div class="spacer battle-history"><br></div><div class="battle-history">LeBron used <strong>Megahorn</strong>!<br></div><div class="battle-history"><small>A critical hit!</small><br></div><div class="battle-history"><small>(The opposing Poseidon lost <abbr title="−255/291">87.6%</abbr> of its health!)</small><br></div><div class="battle-history"><small>LeBron lost some of its HP!</small><br></div><div class="spacer battle-history"><br></div><div class="battle-history">The opposing Poseidon fainted!<br></div><div class="spacer battle-history"><br></div><div class="battle-history">Silmarril sent out Stygian (<strong>Aggron-Mega</strong>)!<br></div><div class="battle-history"><small>Pointed stones dug into the opposing Stygian!</small><br></div><div class="spacer battle-history"><br></div><h2 class="battle-history">Turn 13</h2><div class="spacer battle-history"><br></div><div class="battle-history">LeBron used <strong>Drill Run</strong>!<br></div><div class="battle-history"><small>It's super effective!</small><br></div><div class="battle-history"><small>(The opposing Stygian lost <abbr title="−78/343">22.7%</abbr> of its health!)</small><br></div><div class="battle-history"><small>LeBron lost some of its HP!</small><br></div><div class="spacer battle-history"><br></div><div class="battle-history">The opposing Stygian fainted!<br></div><div class="spacer battle-history"><br></div><div class="battle-history"><small>The twisted dimensions returned to normal!</small><br></div><div class="spacer battle-history"><br></div><div class="battle-history">Silmarril sent out Pytho (<strong>Flygon</strong>)!<br></div><div class="battle-history"><small>Pointed stones dug into the opposing Pytho!</small><br></div><div class="spacer battle-history"><br></div><h2 class="battle-history">Turn 14</h2><div class="spacer battle-history"><br></div><div class="battle-history">The opposing Pytho used <strong>Earthquake</strong>!<br></div><div class="battle-history"><small>(LeBron lost <abbr title="−75/344">21.8%</abbr> of its health!)</small><br></div><div class="spacer battle-history"><br></div><div class="battle-history">LeBron fainted!<br></div><div class="spacer battle-history"><br></div><div class="battle-history">Go! Pringle (<strong>Jellicent</strong>)!<br></div><div class="spacer battle-history"><br></div><h2 class="battle-history">Turn 15</h2><div class="spacer battle-history"><br></div><div class="battle-history">Silmarril withdrew Pytho!<br></div><div class="battle-history">Silmarril sent out Athena (<strong>Gardevoir</strong>)!<br></div><div class="battle-history"><small>Pointed stones dug into the opposing Athena!</small><br></div><div class="spacer battle-history"><br></div><div class="battle-history">Pringle used <strong>Trick Room</strong>!<br></div><div class="battle-history"><small>Pringle twisted the dimensions!</small><br></div><div class="spacer battle-history"><br></div><div class="battle-history"><small>Pringle restored a little HP using its Leftovers!</small><br></div><div class="spacer battle-history"><br></div><h2 class="battle-history">Turn 16</h2><div class="spacer battle-history"><br></div><div class="battle-history">Pringle, come back!<br></div><div class="battle-history">Go! Da bear (<strong>Ursaring</strong>)!<br></div><div class="spacer battle-history"><br></div><div class="battle-history">The opposing Athena used <strong>Shadow Ball</strong>!<br></div><div class="battle-history"><small>It doesn't affect Da bear...</small><br></div><div class="spacer battle-history"><br></div><div class="battle-history"><small>Da bear was badly poisoned!</small><br></div><div class="spacer battle-history"><br></div><h2 class="battle-history">Turn 17</h2><div class="spacer battle-history"><br></div><div class="battle-history">Da bear used <strong>Facade</strong>!<br></div><div class="battle-history"><small>(The opposing Athena lost <abbr title="−243/277">87.7%</abbr> of its health!)</small><br></div><div class="spacer battle-history"><br></div><div class="battle-history">The opposing Athena fainted!<br></div><div class="spacer battle-history"><br></div><div class="battle-history"><small>Da bear was hurt by poison!</small><br></div><div class="chat chatmessage-guitaristbenjammin"><strong style="color:hsl(315,67%,46.99462020383562%)"><small>☆</small><span class="username" data-name="GuitaristBenjammin">GuitaristBenjammin</span>:</strong> <em>Gg</em></div><div class="spacer battle-history"><br></div><div class="battle-history">Silmarril sent out Sambucus (<strong>Trevenant</strong>)!<br></div><div class="battle-history"><small>Pointed stones dug into the opposing Sambucus!</small><br></div><div class="spacer battle-history"><br></div><h2 class="battle-history">Turn 18</h2><div class="spacer battle-history"><br></div><div class="battle-history">Da bear used <strong>Crunch</strong>!<br></div><div class="battle-history"><small>It's super effective!</small><br></div><div class="battle-history"><small>(The opposing Sambucus lost <abbr title="−327/373">87.7%</abbr> of its health!)</small><br></div><div class="spacer battle-history"><br></div><div class="battle-history">The opposing Sambucus fainted!<br></div><div class="spacer battle-history"><br></div><div class="battle-history"><small>Da bear was hurt by poison!</small><br></div><div class="spacer battle-history"><br></div><div class="battle-history">Silmarril sent out Pytho (<strong>Flygon</strong>)!<br></div><div class="battle-history"><small>Pointed stones dug into the opposing Pytho!</small><br></div><div class="spacer battle-history"><br></div><h2 class="battle-history">Turn 19</h2><div class="spacer battle-history"><br></div><div class="battle-history">Da bear used <strong>Facade</strong>!<br></div><div class="battle-history"><small>(The opposing Pytho lost <abbr title="−265/301">88.0%</abbr> of its health!)</small><br></div><div class="spacer battle-history"><br></div><div class="battle-history">The opposing Pytho fainted!<br></div><div class="spacer battle-history"><br></div><div class="battle-history"><strong>GuitaristBenjammin</strong> won the battle!<br></div><div class="chat chatmessage-guitaristbenjammin"><strong style="color:hsl(315,67%,46.99462020383562%)"><small>☆</small><span class="username" data-name="GuitaristBenjammin">GuitaristBenjammin</span>:</strong> <em>Well played</em></div><div class="chat">GuitaristBenjammin's rating: 1361 → <strong>1376</strong><br>(+15 for winning)</div><div class="chat">Silmarril's rating: 1279 → <strong>1260</strong><br>(-19 for losing)</div><div class="chat chatmessage-silmarril"><strong style="color:hsl(82,58%,31%)"><small>☆</small><span class="username" data-name="Silmarril">Silmarril</span>:</strong> <em>GG</em></div></div><div class="inner-preempt"></div></div></div>
</div>
<script>
let daily = Math.floor(Date.now()/1000/60/60/24);document.write('<script src="https://play.pokemonshowdown.com/js/replay-embed.js?version'+daily+'"></'+'script>');
</script>
