<!DOCTYPE html>
<meta charset="utf-8" />
<!-- version 1 -->
<title>NU replay: Hugobou vs. Filoh</title>
<style>
html,body {font-family:Verdana, sans-serif;font-size:10pt;margin:0;padding:0;}body{padding:12px 0;} .battle-log {font-family:Verdana, sans-serif;font-size:10pt;} .battle-log-inline {border:1px solid #AAAAAA;background:#EEF2F5;color:black;max-width:640px;margin:0 auto 80px;padding-bottom:5px;} .battle-log .inner {padding:4px 8px 0px 8px;} .battle-log .inner-preempt {padding:0 8px 4px 8px;} .battle-log .inner-after {margin-top:0.5em;} .battle-log h2 {margin:0.5em -8px;padding:4px 8px;border:1px solid #AAAAAA;background:#E0E7EA;border-left:0;border-right:0;font-family:Verdana, sans-serif;font-size:13pt;} .battle-log .chat {vertical-align:middle;padding:3px 0 3px 0;font-size:8pt;} .battle-log .chat strong {color:#40576A;} .battle-log .chat em {padding:1px 4px 1px 3px;color:#000000;font-style:normal;} .chat.mine {background:rgba(0,0,0,0.05);margin-left:-8px;margin-right:-8px;padding-left:8px;padding-right:8px;} .spoiler {color:#BBBBBB;background:#BBBBBB;padding:0px 3px;} .spoiler:hover, .spoiler:active, .spoiler-shown {color:#000000;background:#E2E2E2;padding:0px 3px;} .spoiler a {color:#BBBBBB;} .spoiler:hover a, .spoiler:active a, .spoiler-shown a {color:#2288CC;} .chat code, .chat .spoiler:hover code, .chat .spoiler:active code, .chat .spoiler-shown code {border:1px solid #C0C0C0;background:#EEEEEE;color:black;padding:0 2px;} .chat .spoiler code {border:1px solid #CCCCCC;background:#CCCCCC;color:#CCCCCC;} .battle-log .rated {padding:3px 4px;} .battle-log .rated strong {color:white;background:#89A;padding:1px 4px;border-radius:4px;} .spacer {margin-top:0.5em;} .message-announce {background:#6688AA;color:white;padding:1px 4px 2px;} .message-announce a, .broadcast-green a, .broadcast-blue a, .broadcast-red a {color:#DDEEFF;} .broadcast-green {background-color:#559955;color:white;padding:2px 4px;} .broadcast-blue {background-color:#6688AA;color:white;padding:2px 4px;} .infobox {border:1px solid #6688AA;padding:2px 4px;} .infobox-limited {max-height:200px;overflow:auto;overflow-x:hidden;} .broadcast-red {background-color:#AA5544;color:white;padding:2px 4px;} .message-learn-canlearn {font-weight:bold;color:#228822;text-decoration:underline;} .message-learn-cannotlearn {font-weight:bold;color:#CC2222;text-decoration:underline;} .message-effect-weak {font-weight:bold;color:#CC2222;} .message-effect-resist {font-weight:bold;color:#6688AA;} .message-effect-immune {font-weight:bold;color:#666666;} .message-learn-list {margin-top:0;margin-bottom:0;} .message-throttle-notice, .message-error {color:#992222;} .message-overflow, .chat small.message-overflow {font-size:0pt;} .message-overflow::before {font-size:9pt;content:'...';} .subtle {color:#3A4A66;}
</style>
<div class="wrapper replay-wrapper" style="max-width:1180px;margin:0 auto">
<input type="hidden" name="replayid" value="nu-508069897" />
<div class="battle"></div><div class="battle-log"></div><div class="replay-controls"></div><div class="replay-controls-2"></div>
<h1 style="font-weight:normal;text-align:center"><strong>NU</strong><br /><a href="http://pokemonshowdown.com/users/hugobou" class="subtle" target="_blank">Hugobou</a> vs. <a href="http://pokemonshowdown.com/users/filoh" class="subtle" target="_blank">Filoh</a></h1>
<script type="text/plain" class="battle-log-data">|j|Hugobou
|j|Filoh
|player|p1|Hugobou|137
|player|p2|Filoh|170
|gametype|singles
|gen|6
|tier|NU
|rated
|seed|20234,28680,61681,52584
|rule|Sleep Clause Mod: Limit one foe put to sleep
|rule|Species Clause: Limit one of each Pokémon
|rule|OHKO Clause: OHKO moves are banned
|rule|Moody Clause: Moody is banned
|rule|Evasion Moves Clause: Evasion moves are banned
|rule|Endless Battle Clause: Forcing endless battles is banned
|rule|HP Percentage Mod: HP is shown in percentages
|clearpoke
|poke|p1|Cradily, F|item
|poke|p1|Liepard, M|item
|poke|p1|Gastrodon, M|item
|poke|p1|Sandslash, M|item
|poke|p1|Manectric, M|item
|poke|p1|Charizard, M|item
|poke|p2|Audino, F|item
|poke|p2|Manectric, F|item
|poke|p2|Weezing, F|item
|poke|p2|Archeops, F|item
|poke|p2|Rhydon, F|item
|poke|p2|Gastrodon, F|item
|rule|Swagger Clause: Swagger is banned
|rule|Baton Pass Clause: Limit one Baton Passer, can't pass Spe and other stats simultaneously
|teampreview
|choice|team 1, team 2, team 3, team 4, team 5, team 6|team 3, team 2, team 1, team 4, team 5, team 6
|
|start
|switch|p1a: Cradily|Cradily, F|314\/314
|switch|p2a: Weezing|Weezing, F|334\/334
|turn|1
|choice|switch 3|move taunt
|
|switch|p1a: Gastrodon|Gastrodon, M|426\/426
|move|p2a: Weezing|Taunt|p1a: Gastrodon
|-start|p1a: Gastrodon|move: Taunt
|
|upkeep
|turn|2
|choice|move scald|switch 3
|
|switch|p2a: Audino|Audino, F|410\/410
|move|p1a: Gastrodon|Scald|p2a: Audino
|-damage|p2a: Audino|296\/410
|-status|p2a: Audino|brn
|
|-damage|p2a: Audino|245\/410 brn|[from] brn
|upkeep
|turn|3
|choice|move sludgewave|move wish mega
|
|detailschange|p2a: Audino|Audino-Mega, F
|-mega|p2a: Audino|Audino|Audinite
|move|p2a: Audino|Wish|p2a: Audino
|move|p1a: Gastrodon|Sludge Wave|p2a: Audino
|-supereffective|p2a: Audino
|-damage|p2a: Audino|105\/410 brn
|
|-damage|p2a: Audino|54\/410 brn|[from] brn
|-end|p1a: Gastrodon|move: Taunt
|upkeep
|turn|4
|choice|switch 2|move protect
|
|switch|p1a: Liepard|Liepard, M|270\/270
|move|p2a: Audino|Protect|p2a: Audino
|-fail|p2a: Audino
|
|-heal|p2a: Audino|259\/410 brn|[from] move: Wish|[wisher] Audino
|-damage|p2a: Audino|208\/410 brn|[from] brn
|upkeep
|turn|5
|choice|move encore|move dazzlinggleam
|
|move|p1a: Liepard|Encore|p2a: Audino
|-start|p2a: Audino|Encore
|move|p2a: Audino|Protect|p2a: Audino
|-fail|p2a: Audino
|
|-damage|p2a: Audino|157\/410 brn|[from] brn
|upkeep
|turn|6
|choice|move knockoff|switch 5
|
|switch|p2a: Rhydon|Rhydon, F|414\/414
|move|p1a: Liepard|Knock Off|p2a: Rhydon
|-damage|p2a: Rhydon|326\/414
|-enditem|p2a: Rhydon|Eviolite|[from] move: Knock Off|[of] p1a: Liepard
|
|upkeep
|turn|7
|choice|move sunnyday|move stoneedge
|
|move|p1a: Liepard|Sunny Day|p1a: Liepard
|-weather|SunnyDay
|move|p2a: Rhydon|Stone Edge|p1a: Liepard
|-damage|p1a: Liepard|0 fnt
|faint|p1a: Liepard
|
|-weather|SunnyDay|[upkeep]
|upkeep
|choice|switch 3|
|
|switch|p1a: Cradily|Cradily, F|314\/314
|turn|8
|choice|move gigadrain|switch 3
|
|switch|p2a: Weezing|Weezing, F|334\/334
|move|p1a: Cradily|Giga Drain|p2a: Weezing
|-resisted|p2a: Weezing
|-crit|p2a: Weezing
|-damage|p2a: Weezing|257\/334
|
|-weather|SunnyDay|[upkeep]
|-heal|p2a: Weezing|277\/334|[from] item: Black Sludge
|upkeep
|turn|9
|choice|switch 6|move sludgebomb
|
|switch|p1a: Charizard|Charizard, M|298\/298
|move|p2a: Weezing|Sludge Bomb|p1a: Charizard
|-damage|p1a: Charizard|189\/298
|-status|p1a: Charizard|psn
|
|-weather|SunnyDay|[upkeep]
|-damage|p1a: Charizard|152\/298 psn|[from] ability: Solar Power|[of] p1a: Charizard
|-heal|p2a: Weezing|297\/334|[from] item: Black Sludge
|-damage|p1a: Charizard|115\/298 psn|[from] psn
|upkeep
|turn|10
|choice|move fireblast|move sludgebomb
|
|move|p1a: Charizard|Fire Blast|p2a: Weezing
|-crit|p2a: Weezing
|-damage|p2a: Weezing|0 fnt
|-damage|p1a: Charizard|86\/298 psn|[from] item: Life Orb
|faint|p2a: Weezing
|
|-weather|SunnyDay|[upkeep]
|-damage|p1a: Charizard|49\/298 psn|[from] ability: Solar Power|[of] p1a: Charizard
|-damage|p1a: Charizard|12\/298 psn|[from] psn
|upkeep
|choice||switch 4
|
|switch|p2a: Archeops|Archeops, F|291\/291
|turn|11
|choice|move fireblast|move acrobatics
|
|move|p2a: Archeops|Acrobatics|p1a: Charizard
|-damage|p1a: Charizard|0 fnt
|faint|p1a: Charizard
|
|-weather|SunnyDay|[upkeep]
|upkeep
|choice|switch 2|
|
|switch|p1a: Gastrodon|Gastrodon, M|426\/426
|turn|12
|choice|move sludgewave|switch 6
|
|switch|p2a: Gastrodon|Gastrodon, F|426\/426
|move|p1a: Gastrodon|Sludge Wave|p2a: Gastrodon
|-resisted|p2a: Gastrodon
|-damage|p2a: Gastrodon|363\/426
|
|-weather|SunnyDay|[upkeep]
|-heal|p2a: Gastrodon|389\/426|[from] item: Leftovers
|upkeep
|turn|13
|choice|switch 6|move toxic
|
|switch|p1a: Cradily|Cradily, F|314\/314
|move|p2a: Gastrodon|Toxic|p1a: Cradily|[miss]
|-miss|p2a: Gastrodon|p1a: Cradily
|
|-weather|SunnyDay|[upkeep]
|-heal|p2a: Gastrodon|415\/426|[from] item: Leftovers
|upkeep
|turn|14
|j|hellotoyou
|choice|move toxic|switch 5
|
|switch|p2a: Audino|Audino-Mega, F|157\/410 brn
|move|p1a: Cradily|Toxic|p2a: Audino
|-fail|p2a: Audino
|
|-weather|none
|-damage|p2a: Audino|106\/410 brn|[from] brn
|upkeep
|turn|15
|choice|move gigadrain|move wish
|
|move|p2a: Audino|Wish|p2a: Audino
|move|p1a: Cradily|Giga Drain|p2a: Audino
|-damage|p2a: Audino|60\/410 brn
|
|-damage|p2a: Audino|9\/410 brn|[from] brn
|upkeep
|turn|16
|choice|switch 5|move protect
|
|switch|p1a: Manectric|Manectric, M|282\/282
|move|p2a: Audino|Protect|p2a: Audino
|-fail|p2a: Audino
|
|-heal|p2a: Audino|214\/410 brn|[from] move: Wish|[wisher] Audino
|-damage|p2a: Audino|163\/410 brn|[from] brn
|upkeep
|turn|17
|choice|move thunderbolt|move wish
|
|move|p1a: Manectric|Thunderbolt|p2a: Audino
|-damage|p2a: Audino|33\/410 brn
|move|p2a: Audino|Wish|p2a: Audino
|
|-damage|p2a: Audino|0 fnt|[from] brn
|upkeep
|faint|p2a: Audino
|choice||switch 6
|
|switch|p2a: Archeops|Archeops, F|291\/291
|turn|18
|choice|move thunderbolt|move stoneedge
|
|move|p2a: Archeops|Stone Edge|p1a: Manectric
|-damage|p1a: Manectric|6\/282
|move|p1a: Manectric|Thunderbolt|p2a: Archeops
|-supereffective|p2a: Archeops
|-damage|p2a: Archeops|0 fnt
|faint|p2a: Archeops
|
|upkeep
|choice||switch 2
|
|switch|p2a: Manectric|Manectric, F|281\/281
|turn|19
|choice|switch 4|move hiddenpower
|
|switch|p1a: Sandslash|Sandslash, M|292\/292
|move|p2a: Manectric|Hidden Power|p1a: Sandslash
|-supereffective|p1a: Sandslash
|-damage|p1a: Sandslash|110\/292
|-damage|p2a: Manectric|253\/281|[from] item: Life Orb
|
|upkeep
|turn|20
|choice|move earthquake|move hiddenpower
|
|move|p2a: Manectric|Hidden Power|p1a: Sandslash
|-supereffective|p1a: Sandslash
|-damage|p1a: Sandslash|0 fnt
|-damage|p2a: Manectric|225\/281|[from] item: Life Orb
|faint|p1a: Sandslash
|
|upkeep
|choice|switch 6|
|
|switch|p1a: Gastrodon|Gastrodon, M|426\/426
|turn|21
|choice|move earthpower|switch 5
|
|switch|p2a: Gastrodon|Gastrodon, F|415\/426
|move|p1a: Gastrodon|Earth Power|p2a: Gastrodon
|-damage|p2a: Gastrodon|241\/426
|
|-heal|p2a: Gastrodon|267\/426|[from] item: Leftovers
|upkeep
|turn|22
|choice|move earthpower|move toxic
|
|move|p2a: Gastrodon|Toxic|p1a: Gastrodon
|-status|p1a: Gastrodon|tox
|move|p1a: Gastrodon|Earth Power|p2a: Gastrodon
|-damage|p2a: Gastrodon|101\/426
|
|-heal|p2a: Gastrodon|127\/426|[from] item: Leftovers
|-damage|p1a: Gastrodon|400\/426 tox|[from] psn
|upkeep
|turn|23
|choice|switch 5|move recover
|
|switch|p1a: Cradily|Cradily, F|314\/314
|move|p2a: Gastrodon|Recover|p2a: Gastrodon
|-heal|p2a: Gastrodon|340\/426
|
|-heal|p2a: Gastrodon|366\/426|[from] item: Leftovers
|upkeep
|turn|24
|choice|move stealthrock|move earthpower
|
|move|p1a: Cradily|Stealth Rock|p2a: Gastrodon
|-sidestart|p2: Filoh|move: Stealth Rock
|move|p2a: Gastrodon|Earth Power|p1a: Cradily
|-damage|p1a: Cradily|238\/314
|
|-heal|p1a: Cradily|257\/314|[from] item: Leftovers
|-heal|p2a: Gastrodon|392\/426|[from] item: Leftovers
|upkeep
|turn|25
|choice|move gigadrain|move toxic
|
|move|p1a: Cradily|Giga Drain|p2a: Gastrodon
|-supereffective|p2a: Gastrodon
|-damage|p2a: Gastrodon|68\/426
|-heal|p1a: Cradily|314\/314|[from] drain|[of] p2a: Gastrodon
|move|p2a: Gastrodon|Toxic|p1a: Cradily
|-status|p1a: Cradily|tox
|
|-heal|p2a: Gastrodon|94\/426|[from] item: Leftovers
|-damage|p1a: Cradily|295\/314 tox|[from] psn
|upkeep
|turn|26
|choice|move gigadrain|move recover
|
|move|p1a: Cradily|Giga Drain|p2a: Gastrodon
|-supereffective|p2a: Gastrodon
|-damage|p2a: Gastrodon|0 fnt
|-heal|p1a: Cradily|314\/314 tox|[from] drain|[of] p2a: Gastrodon
|faint|p2a: Gastrodon
|
|-damage|p1a: Cradily|276\/314 tox|[from] psn
|upkeep
|choice||switch 5
|
|switch|p2a: Manectric|Manectric, F|225\/281
|-damage|p2a: Manectric|190\/281|[from] Stealth Rock
|turn|27
|choice|move toxic|move hiddenpower
|
|move|p2a: Manectric|Hidden Power|p1a: Cradily
|-supereffective|p1a: Cradily
|-damage|p1a: Cradily|164\/314 tox
|-damage|p2a: Manectric|162\/281|[from] item: Life Orb
|move|p1a: Cradily|Toxic|p2a: Manectric
|-status|p2a: Manectric|tox
|
|-heal|p1a: Cradily|183\/314 tox|[from] item: Leftovers
|-damage|p2a: Manectric|145\/281 tox|[from] psn
|-damage|p1a: Cradily|126\/314 tox|[from] psn
|upkeep
|turn|28
|choice|move recover|move overheat
|
|move|p2a: Manectric|Overheat|p1a: Cradily|[miss]
|-miss|p2a: Manectric|p1a: Cradily
|move|p1a: Cradily|Recover|p1a: Cradily
|-heal|p1a: Cradily|283\/314 tox
|
|-heal|p1a: Cradily|302\/314 tox|[from] item: Leftovers
|-damage|p2a: Manectric|111\/281 tox|[from] psn
|-damage|p1a: Cradily|226\/314 tox|[from] psn
|upkeep
|turn|29
|choice|switch 4|move overheat
|
|switch|p1a: Manectric|Manectric, M|6\/282
|move|p2a: Manectric|Overheat|p1a: Manectric
|-damage|p1a: Manectric|0 fnt
|-unboost|p2a: Manectric|spa|2
|-damage|p2a: Manectric|83\/281 tox|[from] item: Life Orb
|faint|p1a: Manectric
|
|-damage|p2a: Manectric|32\/281 tox|[from] psn
|upkeep
|choice|switch 4|
|
|switch|p1a: Cradily|Cradily, F|226\/314 tox
|turn|30
|choice|move recover|move voltswitch
|
|move|p2a: Manectric|Volt Switch|p1a: Cradily
|-resisted|p1a: Cradily
|-damage|p1a: Cradily|203\/314 tox
|-damage|p2a: Manectric|4\/281 tox|[from] item: Life Orb
|choice||switch 3
|
|switch|p2a: Rhydon|Rhydon, F|326\/414
|-damage|p2a: Rhydon|301\/414|[from] Stealth Rock
|move|p1a: Cradily|Recover|p1a: Cradily
|-heal|p1a: Cradily|314\/314 tox
|
|-damage|p1a: Cradily|295\/314 tox|[from] psn
|upkeep
|turn|31
|choice|move gigadrain|move earthquake
|
|move|p1a: Cradily|Giga Drain|p2a: Rhydon
|-supereffective|p2a: Rhydon
|-damage|p2a: Rhydon|0 fnt
|-heal|p1a: Cradily|314\/314 tox|[from] drain|[of] p2a: Rhydon
|faint|p2a: Rhydon
|
|-damage|p1a: Cradily|276\/314 tox|[from] psn
|upkeep
|-message|Filoh forfeited.
|
|win|Hugobou
|player|p1
|player|p2
|l|Filoh
|raw|Hugobou's rating: 1039 &rarr; <strong>1078<\/strong><br \/>(+39 for winning)
|raw|Filoh's rating: 1089 &rarr; <strong>1062<\/strong><br \/>(-27 for losing)</script>
</div>
<div class="battle-log battle-log-inline"><div class="inner"><div class="battle-options"></div><div class="inner"><div class="chat"><small>Hugobou joined.</small></div><div class="chat"><small>Filoh joined.</small></div><div class=""><small>Format:</small> <br><strong>NU</strong></div><div class="rated"><strong>Rated battle</strong></div><div class=""><small><em>Sleep Clause Mod:</em> Limit one foe put to sleep</small></div><div class=""><small><em>Species Clause:</em> Limit one of each Pokémon</small></div><div class=""><small><em>OHKO Clause:</em> OHKO moves are banned</small></div><div class=""><small><em>Moody Clause:</em> Moody is banned</small></div><div class=""><small><em>Evasion Moves Clause:</em> Evasion moves are banned</small></div><div class=""><small><em>Endless Battle Clause:</em> Forcing endless battles is banned</small></div><div class=""><small><em>HP Percentage Mod:</em> HP is shown in percentages</small></div><div class=""><small><em>Swagger Clause:</em> Swagger is banned</small></div><div class=""><small><em>Baton Pass Clause:</em> Limit one Baton Passer, can't pass Spe and other stats simultaneously</small></div><div class="chat battle-history"><strong>Hugobou's team:</strong> <em style="color:#445566;display:block;">Cradily / Liepard / Gastrodon / Sandslash / Manectric / Charizard</em></div><div class="chat battle-history"><strong>Filoh's team:</strong> <em style="color:#445566;display:block;">Audino / Manectric / Weezing / Archeops / Rhydon / Gastrodon</em></div><div class="spacer battle-history"><br></div><div class="battle-history">Battle started between Hugobou and Filoh!<br></div><div class="spacer battle-history"><br></div><div class="battle-history">Go! <strong>Cradily</strong>!<br></div><div class="spacer battle-history"><br></div><div class="battle-history">Filoh sent out <strong>Weezing</strong>!<br></div><div class="spacer battle-history"><br></div><h2 class="battle-history">Turn 1</h2><div class="spacer battle-history"><br></div><div class="battle-history">Cradily, come back!<br></div><div class="battle-history">Go! <strong>Gastrodon</strong>!<br></div><div class="spacer battle-history"><br></div><div class="battle-history">The opposing Weezing used <strong>Taunt</strong>!<br></div><div class="battle-history"><small>Gastrodon fell for the taunt!</small><br></div><div class="spacer battle-history"><br></div><h2 class="battle-history">Turn 2</h2><div class="spacer battle-history"><br></div><div class="battle-history">Filoh withdrew Weezing!<br></div><div class="battle-history">Filoh sent out <strong>Audino</strong>!<br></div><div class="spacer battle-history"><br></div><div class="battle-history">Gastrodon used <strong>Scald</strong>!<br></div><div class="battle-history"><small>(The opposing Audino lost <abbr title="−114/410">27.8%</abbr> of its health!)</small><br></div><div class="battle-history"><small>The opposing Audino was burned!</small><br></div><div class="spacer battle-history"><br></div><div class="battle-history"><small>The opposing Audino was hurt by its burn!</small><br></div><div class="spacer battle-history"><br></div><h2 class="battle-history">Turn 3</h2><div class="spacer battle-history"><br></div><div class="battle-history"><small>The opposing Audino's Audinite is reacting to Filoh's Mega Bracelet!</small><br>The opposing Audino has Mega Evolved into Mega Audino!<br></div><div class="spacer battle-history"><br></div><div class="battle-history">The opposing Audino used <strong>Wish</strong>!<br></div><div class="spacer battle-history"><br></div><div class="battle-history">Gastrodon used <strong>Sludge Wave</strong>!<br></div><div class="battle-history"><small>It's super effective!</small><br></div><div class="battle-history"><small>(The opposing Audino lost <abbr title="−140/410">34.1%</abbr> of its health!)</small><br></div><div class="spacer battle-history"><br></div><div class="battle-history"><small>The opposing Audino was hurt by its burn!</small><br></div><div class="battle-history"><small>Gastrodon's taunt wore off!</small><br></div><div class="spacer battle-history"><br></div><h2 class="battle-history">Turn 4</h2><div class="spacer battle-history"><br></div><div class="battle-history">Gastrodon, come back!<br></div><div class="battle-history">Go! <strong>Liepard</strong>!<br></div><div class="spacer battle-history"><br></div><div class="battle-history">The opposing Audino used <strong>Protect</strong>!<br></div><div class="battle-history"><small>But it failed!</small><br></div><div class="spacer battle-history"><br></div><div class="battle-history"><small>Audino's wish came true!</small><br></div><div class="battle-history"><small>The opposing Audino was hurt by its burn!</small><br></div><div class="spacer battle-history"><br></div><h2 class="battle-history">Turn 5</h2><div class="spacer battle-history"><br></div><div class="battle-history">Liepard used <strong>Encore</strong>!<br></div><div class="battle-history"><small>The opposing Audino received an encore!</small><br></div><div class="spacer battle-history"><br></div><div class="battle-history">The opposing Audino used <strong>Protect</strong>!<br></div><div class="battle-history"><small>But it failed!</small><br></div><div class="spacer battle-history"><br></div><div class="battle-history"><small>The opposing Audino was hurt by its burn!</small><br></div><div class="spacer battle-history"><br></div><h2 class="battle-history">Turn 6</h2><div class="spacer battle-history"><br></div><div class="battle-history">Filoh withdrew Audino!<br></div><div class="battle-history">Filoh sent out <strong>Rhydon</strong>!<br></div><div class="spacer battle-history"><br></div><div class="battle-history">Liepard used <strong>Knock Off</strong>!<br></div><div class="battle-history"><small>(The opposing Rhydon lost <abbr title="−88/414">21.3%</abbr> of its health!)</small><br></div><div class="battle-history"><small>Liepard knocked off the opposing Rhydon's Eviolite!</small><br></div><div class="spacer battle-history"><br></div><h2 class="battle-history">Turn 7</h2><div class="spacer battle-history"><br></div><div class="battle-history">Liepard used <strong>Sunny Day</strong>!<br></div><div class="battle-history"><small>The sunlight turned harsh!</small><br></div><div class="spacer battle-history"><br></div><div class="battle-history">The opposing Rhydon used <strong>Stone Edge</strong>!<br></div><div class="battle-history"><small>(Liepard lost <abbr title="−270/270">100%</abbr> of its health!)</small><br></div><div class="spacer battle-history"><br></div><div class="battle-history">Liepard fainted!<br></div><div class="spacer battle-history"><br></div><div class="battle-history"><small>(The sunlight is strong!)</small><br></div><div class="spacer battle-history"><br></div><div class="battle-history">Go! <strong>Cradily</strong>!<br></div><div class="spacer battle-history"><br></div><h2 class="battle-history">Turn 8</h2><div class="spacer battle-history"><br></div><div class="battle-history">Filoh withdrew Rhydon!<br></div><div class="battle-history">Filoh sent out <strong>Weezing</strong>!<br></div><div class="spacer battle-history"><br></div><div class="battle-history">Cradily used <strong>Giga Drain</strong>!<br></div><div class="battle-history"><small>It's not very effective...</small><br></div><div class="battle-history"><small>A critical hit!</small><br></div><div class="battle-history"><small>(The opposing Weezing lost <abbr title="−77/334">23.1%</abbr> of its health!)</small><br></div><div class="spacer battle-history"><br></div><div class="battle-history"><small>(The sunlight is strong!)</small><br></div><div class="battle-history"><small>The opposing Weezing restored a little HP using its Black Sludge!</small><br></div><div class="spacer battle-history"><br></div><h2 class="battle-history">Turn 9</h2><div class="spacer battle-history"><br></div><div class="battle-history">Cradily, come back!<br></div><div class="battle-history">Go! <strong>Charizard</strong>!<br></div><div class="spacer battle-history"><br></div><div class="battle-history">The opposing Weezing used <strong>Sludge Bomb</strong>!<br></div><div class="battle-history"><small>(Charizard lost <abbr title="−109/298">36.6%</abbr> of its health!)</small><br></div><div class="battle-history"><small>Charizard was poisoned!</small><br></div><div class="spacer battle-history"><br></div><div class="battle-history"><small>(The sunlight is strong!)</small><br></div><div class="battle-history"><small>[Charizard's Solar Power]</small><br><small>(Charizard was hurt by its Solar Power.)</small><br></div><div class="battle-history"><small>The opposing Weezing restored a little HP using its Black Sludge!</small><br></div><div class="battle-history"><small>Charizard was hurt by poison!</small><br></div><div class="spacer battle-history"><br></div><h2 class="battle-history">Turn 10</h2><div class="spacer battle-history"><br></div><div class="battle-history">Charizard used <strong>Fire Blast</strong>!<br></div><div class="battle-history"><small>A critical hit!</small><br></div><div class="battle-history"><small>(The opposing Weezing lost <abbr title="−297/334">88.9%</abbr> of its health!)</small><br></div><div class="battle-history"><small>Charizard lost some of its HP!</small><br></div><div class="spacer battle-history"><br></div><div class="battle-history">The opposing Weezing fainted!<br></div><div class="spacer battle-history"><br></div><div class="battle-history"><small>(The sunlight is strong!)</small><br></div><div class="battle-history"><small>[Charizard's Solar Power]</small><br><small>(Charizard was hurt by its Solar Power.)</small><br></div><div class="battle-history"><small>Charizard was hurt by poison!</small><br></div><div class="spacer battle-history"><br></div><div class="battle-history">Filoh sent out <strong>Archeops</strong>!<br></div><div class="spacer battle-history"><br></div><h2 class="battle-history">Turn 11</h2><div class="spacer battle-history"><br></div><div class="battle-history">The opposing Archeops used <strong>Acrobatics</strong>!<br></div><div class="battle-history"><small>(Charizard lost <abbr title="−12/298">4.0%</abbr> of its health!)</small><br></div><div class="spacer battle-history"><br></div><div class="battle-history">Charizard fainted!<br></div><div class="spacer battle-history"><br></div><div class="battle-history"><small>(The sunlight is strong!)</small><br></div><div class="spacer battle-history"><br></div><div class="battle-history">Go! <strong>Gastrodon</strong>!<br></div><div class="spacer battle-history"><br></div><h2 class="battle-history">Turn 12</h2><div class="spacer battle-history"><br></div><div class="battle-history">Filoh withdrew Archeops!<br></div><div class="battle-history">Filoh sent out <strong>Gastrodon</strong>!<br></div><div class="spacer battle-history"><br></div><div class="battle-history">Gastrodon used <strong>Sludge Wave</strong>!<br></div><div class="battle-history"><small>It's not very effective...</small><br></div><div class="battle-history"><small>(The opposing Gastrodon lost <abbr title="−63/426">14.8%</abbr> of its health!)</small><br></div><div class="spacer battle-history"><br></div><div class="battle-history"><small>(The sunlight is strong!)</small><br></div><div class="battle-history"><small>The opposing Gastrodon restored a little HP using its Leftovers!</small><br></div><div class="spacer battle-history"><br></div><h2 class="battle-history">Turn 13</h2><div class="spacer battle-history"><br></div><div class="battle-history">Gastrodon, come back!<br></div><div class="battle-history">Go! <strong>Cradily</strong>!<br></div><div class="spacer battle-history"><br></div><div class="battle-history">The opposing Gastrodon used <strong>Toxic</strong>!<br></div><div class="battle-history"><small>Cradily avoided the attack!</small><br></div><div class="spacer battle-history"><br></div><div class="battle-history"><small>(The sunlight is strong!)</small><br></div><div class="battle-history"><small>The opposing Gastrodon restored a little HP using its Leftovers!</small><br></div><div class="spacer battle-history"><br></div><h2 class="battle-history">Turn 14</h2><div class="chat"><small>hellotoyou joined.</small></div><div class="spacer battle-history"><br></div><div class="battle-history">Filoh withdrew Gastrodon!<br></div><div class="battle-history">Filoh sent out Audino (<strong>Audino-Mega</strong>)!<br></div><div class="spacer battle-history"><br></div><div class="battle-history">Cradily used <strong>Toxic</strong>!<br></div><div class="battle-history"><small>But it failed!</small><br></div><div class="spacer battle-history"><br></div><div class="battle-history"><small>The sunlight faded.</small><br></div><div class="battle-history"><small>The opposing Audino was hurt by its burn!</small><br></div><div class="spacer battle-history"><br></div><h2 class="battle-history">Turn 15</h2><div class="spacer battle-history"><br></div><div class="battle-history">The opposing Audino used <strong>Wish</strong>!<br></div><div class="spacer battle-history"><br></div><div class="battle-history">Cradily used <strong>Giga Drain</strong>!<br></div><div class="battle-history"><small>(The opposing Audino lost <abbr title="−46/410">11.2%</abbr> of its health!)</small><br></div><div class="spacer battle-history"><br></div><div class="battle-history"><small>The opposing Audino was hurt by its burn!</small><br></div><div class="spacer battle-history"><br></div><h2 class="battle-history">Turn 16</h2><div class="spacer battle-history"><br></div><div class="battle-history">Cradily, come back!<br></div><div class="battle-history">Go! <strong>Manectric</strong>!<br></div><div class="spacer battle-history"><br></div><div class="battle-history">The opposing Audino used <strong>Protect</strong>!<br></div><div class="battle-history"><small>But it failed!</small><br></div><div class="spacer battle-history"><br></div><div class="battle-history"><small>Audino's wish came true!</small><br></div><div class="battle-history"><small>The opposing Audino was hurt by its burn!</small><br></div><div class="spacer battle-history"><br></div><h2 class="battle-history">Turn 17</h2><div class="spacer battle-history"><br></div><div class="battle-history">Manectric used <strong>Thunderbolt</strong>!<br></div><div class="battle-history"><small>(The opposing Audino lost <abbr title="−130/410">31.7%</abbr> of its health!)</small><br></div><div class="spacer battle-history"><br></div><div class="battle-history">The opposing Audino used <strong>Wish</strong>!<br></div><div class="spacer battle-history"><br></div><div class="battle-history"><small>The opposing Audino was hurt by its burn!</small><br></div><div class="spacer battle-history"><br></div><div class="battle-history">The opposing Audino fainted!<br></div><div class="spacer battle-history"><br></div><div class="battle-history">Filoh sent out <strong>Archeops</strong>!<br></div><div class="spacer battle-history"><br></div><h2 class="battle-history">Turn 18</h2><div class="spacer battle-history"><br></div><div class="battle-history">The opposing Archeops used <strong>Stone Edge</strong>!<br></div><div class="battle-history"><small>(Manectric lost <abbr title="−276/282">97.9%</abbr> of its health!)</small><br></div><div class="spacer battle-history"><br></div><div class="battle-history">Manectric used <strong>Thunderbolt</strong>!<br></div><div class="battle-history"><small>It's super effective!</small><br></div><div class="battle-history"><small>(The opposing Archeops lost <abbr title="−291/291">100%</abbr> of its health!)</small><br></div><div class="spacer battle-history"><br></div><div class="battle-history">The opposing Archeops fainted!<br></div><div class="spacer battle-history"><br></div><div class="battle-history">Filoh sent out <strong>Manectric</strong>!<br></div><div class="spacer battle-history"><br></div><h2 class="battle-history">Turn 19</h2><div class="spacer battle-history"><br></div><div class="battle-history">Manectric, come back!<br></div><div class="battle-history">Go! <strong>Sandslash</strong>!<br></div><div class="spacer battle-history"><br></div><div class="battle-history">The opposing Manectric used <strong>Hidden Power</strong>!<br></div><div class="battle-history"><small>It's super effective!</small><br></div><div class="battle-history"><small>(Sandslash lost <abbr title="−182/292">62.3%</abbr> of its health!)</small><br></div><div class="battle-history"><small>The opposing Manectric lost some of its HP!</small><br></div><div class="spacer battle-history"><br></div><h2 class="battle-history">Turn 20</h2><div class="spacer battle-history"><br></div><div class="battle-history">The opposing Manectric used <strong>Hidden Power</strong>!<br></div><div class="battle-history"><small>It's super effective!</small><br></div><div class="battle-history"><small>(Sandslash lost <abbr title="−110/292">37.7%</abbr> of its health!)</small><br></div><div class="battle-history"><small>The opposing Manectric lost some of its HP!</small><br></div><div class="spacer battle-history"><br></div><div class="battle-history">Sandslash fainted!<br></div><div class="spacer battle-history"><br></div><div class="battle-history">Go! <strong>Gastrodon</strong>!<br></div><div class="spacer battle-history"><br></div><h2 class="battle-history">Turn 21</h2><div class="spacer battle-history"><br></div><div class="battle-history">Filoh withdrew Manectric!<br></div><div class="battle-history">Filoh sent out <strong>Gastrodon</strong>!<br></div><div class="spacer battle-history"><br></div><div class="battle-history">Gastrodon used <strong>Earth Power</strong>!<br></div><div class="battle-history"><small>(The opposing Gastrodon lost <abbr title="−174/426">40.8%</abbr> of its health!)</small><br></div><div class="spacer battle-history"><br></div><div class="battle-history"><small>The opposing Gastrodon restored a little HP using its Leftovers!</small><br></div><div class="spacer battle-history"><br></div><h2 class="battle-history">Turn 22</h2><div class="spacer battle-history"><br></div><div class="battle-history">The opposing Gastrodon used <strong>Toxic</strong>!<br></div><div class="battle-history"><small>Gastrodon was badly poisoned!</small><br></div><div class="spacer battle-history"><br></div><div class="battle-history">Gastrodon used <strong>Earth Power</strong>!<br></div><div class="battle-history"><small>(The opposing Gastrodon lost <abbr title="−166/426">39.0%</abbr> of its health!)</small><br></div><div class="spacer battle-history"><br></div><div class="battle-history"><small>The opposing Gastrodon restored a little HP using its Leftovers!</small><br></div><div class="battle-history"><small>Gastrodon was hurt by poison!</small><br></div><div class="spacer battle-history"><br></div><h2 class="battle-history">Turn 23</h2><div class="spacer battle-history"><br></div><div class="battle-history">Gastrodon, come back!<br></div><div class="battle-history">Go! <strong>Cradily</strong>!<br></div><div class="spacer battle-history"><br></div><div class="battle-history">The opposing Gastrodon used <strong>Recover</strong>!<br></div><div class="battle-history"><small>The opposing Gastrodon restored its HP.</small><br></div><div class="spacer battle-history"><br></div><div class="battle-history"><small>The opposing Gastrodon restored a little HP using its Leftovers!</small><br></div><div class="spacer battle-history"><br></div><h2 class="battle-history">Turn 24</h2><div class="spacer battle-history"><br></div><div class="battle-history">Cradily used <strong>Stealth Rock</strong>!<br></div><div class="battle-history"><small>Pointed stones float in the air around the opposing team!</small><br></div><div class="spacer battle-history"><br></div><div class="battle-history">The opposing Gastrodon used <strong>Earth Power</strong>!<br></div><div class="battle-history"><small>(Cradily lost <abbr title="−76/314">24.2%</abbr> of its health!)</small><br></div><div class="spacer battle-history"><br></div><div class="battle-history"><small>Cradily restored a little HP using its Leftovers!</small><br></div><div class="battle-history"><small>The opposing Gastrodon restored a little HP using its Leftovers!</small><br></div><div class="spacer battle-history"><br></div><h2 class="battle-history">Turn 25</h2><div class="spacer battle-history"><br></div><div class="battle-history">Cradily used <strong>Giga Drain</strong>!<br></div><div class="battle-history"><small>It's super effective!</small><br></div><div class="battle-history"><small>(The opposing Gastrodon lost <abbr title="−324/426">76.1%</abbr> of its health!)</small><br></div><div class="battle-history"><small>The opposing Gastrodon had its energy drained!</small><br></div><div class="spacer battle-history"><br></div><div class="battle-history">The opposing Gastrodon used <strong>Toxic</strong>!<br></div><div class="battle-history"><small>Cradily was badly poisoned!</small><br></div><div class="spacer battle-history"><br></div><div class="battle-history"><small>The opposing Gastrodon restored a little HP using its Leftovers!</small><br></div><div class="battle-history"><small>Cradily was hurt by poison!</small><br></div><div class="spacer battle-history"><br></div><h2 class="battle-history">Turn 26</h2><div class="spacer battle-history"><br></div><div class="battle-history">Cradily used <strong>Giga Drain</strong>!<br></div><div class="battle-history"><small>It's super effective!</small><br></div><div class="battle-history"><small>(The opposing Gastrodon lost <abbr title="−94/426">22.1%</abbr> of its health!)</small><br></div><div class="battle-history"><small>The opposing Gastrodon had its energy drained!</small><br></div><div class="spacer battle-history"><br></div><div class="battle-history">The opposing Gastrodon fainted!<br></div><div class="spacer battle-history"><br></div><div class="battle-history"><small>Cradily was hurt by poison!</small><br></div><div class="spacer battle-history"><br></div><div class="battle-history">Filoh sent out <strong>Manectric</strong>!<br></div><div class="battle-history"><small>Pointed stones dug into the opposing Manectric!</small><br></div><div class="spacer battle-history"><br></div><h2 class="battle-history">Turn 27</h2><div class="spacer battle-history"><br></div><div class="battle-history">The opposing Manectric used <strong>Hidden Power</strong>!<br></div><div class="battle-history"><small>It's super effective!</small><br></div><div class="battle-history"><small>(Cradily lost <abbr title="−112/314">35.7%</abbr> of its health!)</small><br></div><div class="battle-history"><small>The opposing Manectric lost some of its HP!</small><br></div><div class="spacer battle-history"><br></div><div class="battle-history">Cradily used <strong>Toxic</strong>!<br></div><div class="battle-history"><small>The opposing Manectric was badly poisoned!</small><br></div><div class="spacer battle-history"><br></div><div class="battle-history"><small>Cradily restored a little HP using its Leftovers!</small><br></div><div class="battle-history"><small>The opposing Manectric was hurt by poison!</small><br></div><div class="battle-history"><small>Cradily was hurt by poison!</small><br></div><div class="spacer battle-history"><br></div><h2 class="battle-history">Turn 28</h2><div class="spacer battle-history"><br></div><div class="battle-history">The opposing Manectric used <strong>Overheat</strong>!<br></div><div class="battle-history"><small>Cradily avoided the attack!</small><br></div><div class="spacer battle-history"><br></div><div class="battle-history">Cradily used <strong>Recover</strong>!<br></div><div class="battle-history"><small>Cradily restored its HP.</small><br></div><div class="spacer battle-history"><br></div><div class="battle-history"><small>Cradily restored a little HP using its Leftovers!</small><br></div><div class="battle-history"><small>The opposing Manectric was hurt by poison!</small><br></div><div class="battle-history"><small>Cradily was hurt by poison!</small><br></div><div class="spacer battle-history"><br></div><h2 class="battle-history">Turn 29</h2><div class="spacer battle-history"><br></div><div class="battle-history">Cradily, come back!<br></div><div class="battle-history">Go! <strong>Manectric</strong>!<br></div><div class="spacer battle-history"><br></div><div class="battle-history">The opposing Manectric used <strong>Overheat</strong>!<br></div><div class="battle-history"><small>(Manectric lost <abbr title="−6/282">2.1%</abbr> of its health!)</small><br></div><div class="battle-history"><small>The opposing Manectric's Special Attack fell harshly!</small><br></div><div class="battle-history"><small>The opposing Manectric lost some of its HP!</small><br></div><div class="spacer battle-history"><br></div><div class="battle-history">Manectric fainted!<br></div><div class="spacer battle-history"><br></div><div class="battle-history"><small>The opposing Manectric was hurt by poison!</small><br></div><div class="spacer battle-history"><br></div><div class="battle-history">Go! <strong>Cradily</strong>!<br></div><div class="spacer battle-history"><br></div><h2 class="battle-history">Turn 30</h2><div class="spacer battle-history"><br></div><div class="battle-history">The opposing Manectric used <strong>Volt Switch</strong>!<br></div><div class="battle-history"><small>It's not very effective...</small><br></div><div class="battle-history"><small>(Cradily lost <abbr title="−23/314">7.3%</abbr> of its health!)</small><br></div><div class="battle-history"><small>The opposing Manectric lost some of its HP!</small><br></div><div class="spacer battle-history"><br></div><div class="battle-history">The opposing Manectric went back to Filoh!<br></div><div class="battle-history">Filoh sent out <strong>Rhydon</strong>!<br></div><div class="battle-history"><small>Pointed stones dug into the opposing Rhydon!</small><br></div><div class="spacer battle-history"><br></div><div class="battle-history">Cradily used <strong>Recover</strong>!<br></div><div class="battle-history"><small>Cradily restored its HP.</small><br></div><div class="spacer battle-history"><br></div><div class="battle-history"><small>Cradily was hurt by poison!</small><br></div><div class="spacer battle-history"><br></div><h2 class="battle-history">Turn 31</h2><div class="spacer battle-history"><br></div><div class="battle-history">Cradily used <strong>Giga Drain</strong>!<br></div><div class="battle-history"><small>It's super effective!</small><br></div><div class="battle-history"><small>(The opposing Rhydon lost <abbr title="−301/414">72.7%</abbr> of its health!)</small><br></div><div class="battle-history"><small>The opposing Rhydon had its energy drained!</small><br></div><div class="spacer battle-history"><br></div><div class="battle-history">The opposing Rhydon fainted!<br></div><div class="spacer battle-history"><br></div><div class="battle-history"><small>Cradily was hurt by poison!</small><br></div><div class="spacer battle-history"><br></div><div class="battle-history"><small>Filoh forfeited.</small><br></div><div class="spacer battle-history"><br></div><div class="battle-history"><strong>Hugobou</strong> won the battle!<br></div><div class="chat"><small>Filoh left.</small></div><div class="chat">Hugobou's rating: 1039 → <strong>1078</strong><br>(+39 for winning)</div><div class="chat">Filoh's rating: 1089 → <strong>1062</strong><br>(-27 for losing)</div></div><div class="inner-preempt"></div></div></div>
</div>
<script>
let daily = Math.floor(Date.now()/1000/60/60/24);document.write('<script src="https://play.pokemonshowdown.com/js/replay-embed.js?version'+daily+'"></'+'script>');
</script>
