<!DOCTYPE html>
<meta charset="utf-8" />
<!-- version 1 -->
<title>NU replay: Jeran vs. hamhamhamham</title>
<style>
html,body {font-family:Verdana, sans-serif;font-size:10pt;margin:0;padding:0;}body{padding:12px 0;} .battle-log {font-family:Verdana, sans-serif;font-size:10pt;} .battle-log-inline {border:1px solid #AAAAAA;background:#EEF2F5;color:black;max-width:640px;margin:0 auto 80px;padding-bottom:5px;} .battle-log .inner {padding:4px 8px 0px 8px;} .battle-log .inner-preempt {padding:0 8px 4px 8px;} .battle-log .inner-after {margin-top:0.5em;} .battle-log h2 {margin:0.5em -8px;padding:4px 8px;border:1px solid #AAAAAA;background:#E0E7EA;border-left:0;border-right:0;font-family:Verdana, sans-serif;font-size:13pt;} .battle-log .chat {vertical-align:middle;padding:3px 0 3px 0;font-size:8pt;} .battle-log .chat strong {color:#40576A;} .battle-log .chat em {padding:1px 4px 1px 3px;color:#000000;font-style:normal;} .chat.mine {background:rgba(0,0,0,0.05);margin-left:-8px;margin-right:-8px;padding-left:8px;padding-right:8px;} .spoiler {color:#BBBBBB;background:#BBBBBB;padding:0px 3px;} .spoiler:hover, .spoiler:active, .spoiler-shown {color:#000000;background:#E2E2E2;padding:0px 3px;} .spoiler a {color:#BBBBBB;} .spoiler:hover a, .spoiler:active a, .spoiler-shown a {color:#2288CC;} .chat code, .chat .spoiler:hover code, .chat .spoiler:active code, .chat .spoiler-shown code {border:1px solid #C0C0C0;background:#EEEEEE;color:black;padding:0 2px;} .chat .spoiler code {border:1px solid #CCCCCC;background:#CCCCCC;color:#CCCCCC;} .battle-log .rated {padding:3px 4px;} .battle-log .rated strong {color:white;background:#89A;padding:1px 4px;border-radius:4px;} .spacer {margin-top:0.5em;} .message-announce {background:#6688AA;color:white;padding:1px 4px 2px;} .message-announce a, .broadcast-green a, .broadcast-blue a, .broadcast-red a {color:#DDEEFF;} .broadcast-green {background-color:#559955;color:white;padding:2px 4px;} .broadcast-blue {background-color:#6688AA;color:white;padding:2px 4px;} .infobox {border:1px solid #6688AA;padding:2px 4px;} .infobox-limited {max-height:200px;overflow:auto;overflow-x:hidden;} .broadcast-red {background-color:#AA5544;color:white;padding:2px 4px;} .message-learn-canlearn {font-weight:bold;color:#228822;text-decoration:underline;} .message-learn-cannotlearn {font-weight:bold;color:#CC2222;text-decoration:underline;} .message-effect-weak {font-weight:bold;color:#CC2222;} .message-effect-resist {font-weight:bold;color:#6688AA;} .message-effect-immune {font-weight:bold;color:#666666;} .message-learn-list {margin-top:0;margin-bottom:0;} .message-throttle-notice, .message-error {color:#992222;} .message-overflow, .chat small.message-overflow {font-size:0pt;} .message-overflow::before {font-size:9pt;content:'...';} .subtle {color:#3A4A66;}
</style>
<div class="wrapper replay-wrapper" style="max-width:1180px;margin:0 auto">
<input type="hidden" name="replayid" value="nu-513426191" />
<div class="battle"></div><div class="battle-log"></div><div class="replay-controls"></div><div class="replay-controls-2"></div>
<h1 style="font-weight:normal;text-align:center"><strong>NU</strong><br /><a href="http://pokemonshowdown.com/users/jeran" class="subtle" target="_blank">Jeran</a> vs. <a href="http://pokemonshowdown.com/users/hamhamhamham" class="subtle" target="_blank">hamhamhamham</a></h1>
<script type="text/plain" class="battle-log-data">|j|Jeran
|j|hamhamhamham
|player|p1|Jeran|91
|player|p2|hamhamhamham|181
|gametype|singles
|gen|6
|tier|NU
|seed|29368,8073,34653,39456
|rule|Sleep Clause Mod: Limit one foe put to sleep
|rule|Species Clause: Limit one of each Pokémon
|rule|OHKO Clause: OHKO moves are banned
|rule|Moody Clause: Moody is banned
|rule|Evasion Moves Clause: Evasion moves are banned
|rule|Endless Battle Clause: Forcing endless battles is banned
|rule|HP Percentage Mod: HP is shown in percentages
|clearpoke
|poke|p1|Camerupt, F|item
|poke|p1|Scyther, M|item
|poke|p1|Bronzor|item
|poke|p1|Audino, M|item
|poke|p1|Hitmonchan, M|item
|poke|p1|Vileplume, F|item
|poke|p2|Cradily, M|item
|poke|p2|Quagsire, F|item
|poke|p2|Pyroar, F|item
|poke|p2|Scyther, F, shiny|item
|poke|p2|Hitmonchan, M|item
|poke|p2|Duosion, M|item
|rule|Swagger Clause: Swagger is banned
|rule|Baton Pass Clause: Limit one Baton Passer, can't pass Spe and other stats simultaneously
|teampreview
|j|Stats Bot
|l|Stats Bot
|j|WiikHulten
|j|Nebuloux
|choice|team 3, team 2, team 1, team 4, team 5, team 6|team 3, team 2, team 1, team 4, team 5, team 6
|
|start
|switch|p1a: Bronzor|Bronzor|318\/318
|switch|p2a: Pumba|Pyroar, F|313\/313
|-ability|p2a: Pumba|Unnerve|p1: Jeran
|turn|1
|choice|switch 4|move flamethrower
|
|switch|p1a: Audino|Audino, M|410\/410
|move|p2a: Pumba|Flamethrower|p1a: Audino
|-damage|p1a: Audino|160\/410
|-status|p1a: Audino|brn
|
|-damage|p1a: Audino|109\/410 brn|[from] brn
|upkeep
|turn|2
|choice|switch 2|move flamethrower
|
|switch|p1a: Scyther|Scyther, M|341\/341
|move|p2a: Pumba|Flamethrower|p1a: Scyther
|-supereffective|p1a: Scyther
|-damage|p1a: Scyther|0 fnt
|faint|p1a: Scyther
|
|upkeep
|choice|switch 5|
|
|switch|p1a: Hitmonchan|Hitmonchan, M|241\/241
|turn|3
|choice|switch 2|switch 6
|
|switch|p2a: Duosion|Duosion, M|333\/333
|switch|p1a: Audino|Audino, M|245\/410 brn
|
|-damage|p1a: Audino|194\/410 brn|[from] brn
|upkeep
|turn|4
|choice|move rest mega|move calmmind
|
|detailschange|p1a: Audino|Audino-Mega, M
|-mega|p1a: Audino|Audino|Audinite
|move|p1a: Audino|Rest|p1a: Audino
|-status|p1a: Audino|slp
|-heal|p1a: Audino|410\/410 slp|[silent]
|-status|p1a: Audino|slp|[from] move: Rest
|move|p2a: Duosion|Calm Mind|p2a: Duosion
|-boost|p2a: Duosion|spa|1
|-boost|p2a: Duosion|spd|1
|
|upkeep
|turn|5
|l|WiikHulten
|l|hamhamhamham
|player|p2
|j|hamhamhamham
|player|p2|hamhamhamham|181
|choice|switch 3|move calmmind
|
|switch|p1a: Camerupt|Camerupt, F|323\/323
|move|p2a: Duosion|Calm Mind|p2a: Duosion
|-boost|p2a: Duosion|spa|1
|-boost|p2a: Duosion|spd|1
|
|upkeep
|turn|6
|choice|move eruption|move psyshock
|
|move|p1a: Camerupt|Eruption|p2a: Duosion
|-damage|p2a: Duosion|128\/333
|move|p2a: Duosion|Psyshock|p1a: Camerupt
|-damage|p1a: Camerupt|0 fnt
|faint|p1a: Camerupt
|
|upkeep
|choice|switch 2|
|
|switch|p1a: Hitmonchan|Hitmonchan, M|241\/241
|turn|7
|choice|move icepunch|move recover
|
|move|p1a: Hitmonchan|Ice Punch|p2a: Duosion
|-damage|p2a: Duosion|24\/333
|-status|p2a: Duosion|frz
|-damage|p1a: Hitmonchan|217\/241|[from] item: Life Orb
|-curestatus|p2a: Duosion|frz|[msg]
|move|p2a: Duosion|Recover|p2a: Duosion
|-heal|p2a: Duosion|191\/333
|
|upkeep
|turn|8
|choice|move icepunch|move recover
|
|move|p1a: Hitmonchan|Ice Punch|p2a: Duosion
|-damage|p2a: Duosion|92\/333
|-status|p2a: Duosion|frz
|-damage|p1a: Hitmonchan|193\/241|[from] item: Life Orb
|cant|p2a: Duosion|frz
|
|upkeep
|turn|9
|choice|move icepunch|switch 2
|
|switch|p2a: Towel|Quagsire, F|394\/394
|move|p1a: Hitmonchan|Ice Punch|p2a: Towel
|-damage|p2a: Towel|290\/394
|-damage|p1a: Hitmonchan|169\/241|[from] item: Life Orb
|
|-heal|p2a: Towel|314\/394|[from] item: Leftovers
|upkeep
|turn|10
|choice|move drainpunch|switch 4
|
|switch|p2a: Sonic|Scyther, F, shiny|343\/343
|move|p1a: Hitmonchan|Drain Punch|p2a: Sonic
|-resisted|p2a: Sonic
|-damage|p2a: Sonic|305\/343
|-heal|p1a: Hitmonchan|188\/241|[from] drain|[of] p2a: Sonic
|-damage|p1a: Hitmonchan|164\/241|[from] item: Life Orb
|
|upkeep
|turn|11
|choice|switch 3|move aerialace
|
|switch|p1a: Audino|Audino-Mega, M|410\/410 slp
|move|p2a: Sonic|Aerial Ace|p1a: Audino
|-damage|p1a: Audino|331\/410 slp
|
|upkeep
|turn|12
|choice|move sleeptalk|move swordsdance
|
|move|p2a: Sonic|Swords Dance|p2a: Sonic
|-boost|p2a: Sonic|atk|2
|cant|p1a: Audino|slp
|move|p1a: Audino|Sleep Talk|p1a: Audino
|move|p1a: Audino|Calm Mind|p1a: Audino|[from]Sleep Talk
|-boost|p1a: Audino|spa|1
|-boost|p1a: Audino|spd|1
|
|upkeep
|turn|13
|choice|move sleeptalk|move swordsdance
|
|move|p2a: Sonic|Swords Dance|p2a: Sonic
|-boost|p2a: Sonic|atk|2
|cant|p1a: Audino|slp
|move|p1a: Audino|Sleep Talk|p1a: Audino
|move|p1a: Audino|Rest|p1a: Audino|[from]Sleep Talk
|-fail|p1a: Audino
|
|upkeep
|turn|14
|choice|move dazzlinggleam|move aerialace
|
|move|p2a: Sonic|Aerial Ace|p1a: Audino
|-damage|p1a: Audino|109\/410 slp
|-curestatus|p1a: Audino|slp|[msg]
|move|p1a: Audino|Dazzling Gleam|p2a: Sonic
|-damage|p2a: Sonic|205\/343
|
|upkeep
|turn|15
|choice|switch 4|move aerialace
|
|switch|p1a: Bronzor|Bronzor|318\/318
|move|p2a: Sonic|Aerial Ace|p1a: Bronzor
|-resisted|p1a: Bronzor
|-damage|p1a: Bronzor|196\/318
|
|upkeep
|turn|16
|choice|move toxic|move bugbite
|
|move|p2a: Sonic|Bug Bite|p1a: Bronzor
|-damage|p1a: Bronzor|0 fnt
|faint|p1a: Bronzor
|
|upkeep
|choice|switch 6|
|
|switch|p1a: Vileplume|Vileplume, F|353\/353
|turn|17
|choice|move sludgebomb|move aerialace
|
|move|p2a: Sonic|Aerial Ace|p1a: Vileplume
|-supereffective|p1a: Vileplume
|-damage|p1a: Vileplume|0 fnt
|-status|p2a: Sonic|slp|[from] ability: Effect Spore|[of] p1a: Vileplume
|faint|p1a: Vileplume
|
|upkeep
|choice|switch 3|
|
|switch|p1a: Hitmonchan|Hitmonchan, M|164\/241
|turn|18
|choice|move icepunch|switch 2
|
|switch|p2a: Duosion|Duosion, M|92\/333 frz
|move|p1a: Hitmonchan|Ice Punch|p2a: Duosion
|-crit|p2a: Duosion
|-damage|p2a: Duosion|0 fnt
|-damage|p1a: Hitmonchan|140\/241|[from] item: Life Orb
|faint|p2a: Duosion
|
|upkeep
|choice||switch 6
|
|switch|p2a: Pumba|Pyroar, F|313\/313
|-ability|p2a: Pumba|Unnerve|p1: Jeran
|turn|19
|choice|move machpunch|move flamethrower
|
|move|p1a: Hitmonchan|Mach Punch|p2a: Pumba
|-supereffective|p2a: Pumba
|-damage|p2a: Pumba|69\/313
|-damage|p1a: Hitmonchan|116\/241|[from] item: Life Orb
|move|p2a: Pumba|Flamethrower|p1a: Hitmonchan
|-damage|p1a: Hitmonchan|0 fnt
|faint|p1a: Hitmonchan
|
|upkeep
|choice|switch 4|
|
|switch|p1a: Audino|Audino-Mega, M|109\/410
|turn|20
|choice|move rest|move flamethrower
|
|move|p2a: Pumba|Flamethrower|p1a: Audino
|-crit|p1a: Audino
|-damage|p1a: Audino|0 fnt
|faint|p1a: Audino
|
|win|hamhamhamham
|player|p1
|player|p2
|l|Jeran
|j|TheNewBrends11</script>
</div>
<div class="battle-log battle-log-inline"><div class="inner"><div class="battle-options"></div><div class="inner"><div class="chat"><small>Jeran joined.</small></div><div class="chat"><small>hamhamhamham joined.</small></div><div class=""><small>Format:</small> <br><strong>NU</strong></div><div class=""><small><em>Sleep Clause Mod:</em> Limit one foe put to sleep</small></div><div class=""><small><em>Species Clause:</em> Limit one of each Pokémon</small></div><div class=""><small><em>OHKO Clause:</em> OHKO moves are banned</small></div><div class=""><small><em>Moody Clause:</em> Moody is banned</small></div><div class=""><small><em>Evasion Moves Clause:</em> Evasion moves are banned</small></div><div class=""><small><em>Endless Battle Clause:</em> Forcing endless battles is banned</small></div><div class=""><small><em>HP Percentage Mod:</em> HP is shown in percentages</small></div><div class=""><small><em>Swagger Clause:</em> Swagger is banned</small></div><div class=""><small><em>Baton Pass Clause:</em> Limit one Baton Passer, can't pass Spe and other stats simultaneously</small></div><div class="chat battle-history"><strong>Jeran's team:</strong> <em style="color:#445566;display:block;">Camerupt / Scyther / Bronzor / Audino / Hitmonchan / Vileplume</em></div><div class="chat battle-history"><strong>hamhamhamham's team:</strong> <em style="color:#445566;display:block;">Cradily / Quagsire / Pyroar / Scyther / Hitmonchan / Duosion</em></div><div class="chat"><small>Stats Bot joined.</small></div><div class="chat"><small>Stats Bot left.</small></div><div class="chat"><small>WiikHulten joined.</small></div><div class="chat"><small>Nebuloux joined.</small></div><div class="spacer battle-history"><br></div><div class="battle-history">Battle started between Jeran and hamhamhamham!<br></div><div class="spacer battle-history"><br></div><div class="battle-history">Go! <strong>Bronzor</strong>!<br></div><div class="spacer battle-history"><br></div><div class="battle-history">hamhamhamham sent out Pumba (<strong>Pyroar</strong>)!<br></div><div class="battle-history"><small>[The opposing Pumba's Unnerve]</small><br><small>Your team is too nervous to eat Berries!</small><br></div><div class="spacer battle-history"><br></div><h2 class="battle-history">Turn 1</h2><div class="spacer battle-history"><br></div><div class="battle-history">Bronzor, come back!<br></div><div class="battle-history">Go! <strong>Audino</strong>!<br></div><div class="spacer battle-history"><br></div><div class="battle-history">The opposing Pumba used <strong>Flamethrower</strong>!<br></div><div class="battle-history"><small>(Audino lost <abbr title="−250/410">61.0%</abbr> of its health!)</small><br></div><div class="battle-history"><small>Audino was burned!</small><br></div><div class="spacer battle-history"><br></div><div class="battle-history"><small>Audino was hurt by its burn!</small><br></div><div class="spacer battle-history"><br></div><h2 class="battle-history">Turn 2</h2><div class="spacer battle-history"><br></div><div class="battle-history">Audino, come back!<br></div><div class="battle-history">Go! <strong>Scyther</strong>!<br></div><div class="spacer battle-history"><br></div><div class="battle-history">The opposing Pumba used <strong>Flamethrower</strong>!<br></div><div class="battle-history"><small>It's super effective!</small><br></div><div class="battle-history"><small>(Scyther lost <abbr title="−341/341">100%</abbr> of its health!)</small><br></div><div class="spacer battle-history"><br></div><div class="battle-history">Scyther fainted!<br></div><div class="spacer battle-history"><br></div><div class="battle-history">Go! <strong>Hitmonchan</strong>!<br></div><div class="spacer battle-history"><br></div><h2 class="battle-history">Turn 3</h2><div class="spacer battle-history"><br></div><div class="battle-history">hamhamhamham withdrew Pumba!<br></div><div class="battle-history">hamhamhamham sent out <strong>Duosion</strong>!<br></div><div class="spacer battle-history"><br></div><div class="battle-history">Hitmonchan, come back!<br></div><div class="battle-history">Go! <strong>Audino</strong>!<br></div><div class="spacer battle-history"><br></div><div class="battle-history"><small>Audino was hurt by its burn!</small><br></div><div class="spacer battle-history"><br></div><h2 class="battle-history">Turn 4</h2><div class="spacer battle-history"><br></div><div class="battle-history"><small>Audino's Audinite is reacting to Jeran's Mega Bracelet!</small><br>Audino has Mega Evolved into Mega Audino!<br></div><div class="spacer battle-history"><br></div><div class="battle-history">Audino used <strong>Rest</strong>!<br></div><div class="battle-history"><small>Audino fell asleep!</small><br></div><div class="battle-history"><small>Audino slept and became healthy!</small><br></div><div class="spacer battle-history"><br></div><div class="battle-history">The opposing Duosion used <strong>Calm Mind</strong>!<br></div><div class="battle-history"><small>The opposing Duosion's Special Attack rose!</small><br></div><div class="battle-history"><small>The opposing Duosion's Special Defense rose!</small><br></div><div class="spacer battle-history"><br></div><h2 class="battle-history">Turn 5</h2><div class="chat"><small>WiikHulten left.</small></div><div class="chat"><small>hamhamhamham left.</small></div><div class="chat"><small>hamhamhamham joined.</small></div><div class="spacer battle-history"><br></div><div class="battle-history">Audino, come back!<br></div><div class="battle-history">Go! <strong>Camerupt</strong>!<br></div><div class="spacer battle-history"><br></div><div class="battle-history">The opposing Duosion used <strong>Calm Mind</strong>!<br></div><div class="battle-history"><small>The opposing Duosion's Special Attack rose!</small><br></div><div class="battle-history"><small>The opposing Duosion's Special Defense rose!</small><br></div><div class="spacer battle-history"><br></div><h2 class="battle-history">Turn 6</h2><div class="spacer battle-history"><br></div><div class="battle-history">Camerupt used <strong>Eruption</strong>!<br></div><div class="battle-history"><small>(The opposing Duosion lost <abbr title="−205/333">61.6%</abbr> of its health!)</small><br></div><div class="spacer battle-history"><br></div><div class="battle-history">The opposing Duosion used <strong>Psyshock</strong>!<br></div><div class="battle-history"><small>(Camerupt lost <abbr title="−323/323">100%</abbr> of its health!)</small><br></div><div class="spacer battle-history"><br></div><div class="battle-history">Camerupt fainted!<br></div><div class="spacer battle-history"><br></div><div class="battle-history">Go! <strong>Hitmonchan</strong>!<br></div><div class="spacer battle-history"><br></div><h2 class="battle-history">Turn 7</h2><div class="spacer battle-history"><br></div><div class="battle-history">Hitmonchan used <strong>Ice Punch</strong>!<br></div><div class="battle-history"><small>(The opposing Duosion lost <abbr title="−104/333">31.2%</abbr> of its health!)</small><br></div><div class="battle-history"><small>The opposing Duosion was frozen solid!</small><br></div><div class="battle-history"><small>Hitmonchan lost some of its HP!</small><br></div><div class="battle-history"><small>The opposing Duosion thawed out!</small><br></div><div class="spacer battle-history"><br></div><div class="battle-history">The opposing Duosion used <strong>Recover</strong>!<br></div><div class="battle-history"><small>The opposing Duosion restored its HP.</small><br></div><div class="spacer battle-history"><br></div><h2 class="battle-history">Turn 8</h2><div class="spacer battle-history"><br></div><div class="battle-history">Hitmonchan used <strong>Ice Punch</strong>!<br></div><div class="battle-history"><small>(The opposing Duosion lost <abbr title="−99/333">29.7%</abbr> of its health!)</small><br></div><div class="battle-history"><small>The opposing Duosion was frozen solid!</small><br></div><div class="battle-history"><small>Hitmonchan lost some of its HP!</small><br></div><div class="spacer battle-history"><br></div><div class="battle-history">The opposing Duosion is frozen solid!<br></div><div class="spacer battle-history"><br></div><h2 class="battle-history">Turn 9</h2><div class="spacer battle-history"><br></div><div class="battle-history">hamhamhamham withdrew Duosion!<br></div><div class="battle-history">hamhamhamham sent out Towel (<strong>Quagsire</strong>)!<br></div><div class="spacer battle-history"><br></div><div class="battle-history">Hitmonchan used <strong>Ice Punch</strong>!<br></div><div class="battle-history"><small>(The opposing Towel lost <abbr title="−104/394">26.4%</abbr> of its health!)</small><br></div><div class="battle-history"><small>Hitmonchan lost some of its HP!</small><br></div><div class="spacer battle-history"><br></div><div class="battle-history"><small>The opposing Towel restored a little HP using its Leftovers!</small><br></div><div class="spacer battle-history"><br></div><h2 class="battle-history">Turn 10</h2><div class="spacer battle-history"><br></div><div class="battle-history">hamhamhamham withdrew Towel!<br></div><div class="battle-history">hamhamhamham sent out Sonic (<strong>Scyther</strong>)!<br></div><div class="spacer battle-history"><br></div><div class="battle-history">Hitmonchan used <strong>Drain Punch</strong>!<br></div><div class="battle-history"><small>It's not very effective...</small><br></div><div class="battle-history"><small>(The opposing Sonic lost <abbr title="−38/343">11.1%</abbr> of its health!)</small><br></div><div class="battle-history"><small>The opposing Sonic had its energy drained!</small><br></div><div class="battle-history"><small>Hitmonchan lost some of its HP!</small><br></div><div class="spacer battle-history"><br></div><h2 class="battle-history">Turn 11</h2><div class="spacer battle-history"><br></div><div class="battle-history">Hitmonchan, come back!<br></div><div class="battle-history">Go! Audino (<strong>Audino-Mega</strong>)!<br></div><div class="spacer battle-history"><br></div><div class="battle-history">The opposing Sonic used <strong>Aerial Ace</strong>!<br></div><div class="battle-history"><small>(Audino lost <abbr title="−79/410">19.3%</abbr> of its health!)</small><br></div><div class="spacer battle-history"><br></div><h2 class="battle-history">Turn 12</h2><div class="spacer battle-history"><br></div><div class="battle-history">The opposing Sonic used <strong>Swords Dance</strong>!<br></div><div class="battle-history"><small>The opposing Sonic's Attack rose sharply!</small><br></div><div class="spacer battle-history"><br></div><div class="battle-history">Audino is fast asleep.<br></div><div class="spacer battle-history"><br></div><div class="battle-history">Audino used <strong>Sleep Talk</strong>!<br></div><div class="spacer battle-history"><br></div><div class="battle-history">Audino used <strong>Calm Mind</strong>!<br></div><div class="battle-history"><small>Audino's Special Attack rose!</small><br></div><div class="battle-history"><small>Audino's Special Defense rose!</small><br></div><div class="spacer battle-history"><br></div><h2 class="battle-history">Turn 13</h2><div class="spacer battle-history"><br></div><div class="battle-history">The opposing Sonic used <strong>Swords Dance</strong>!<br></div><div class="battle-history"><small>The opposing Sonic's Attack rose sharply!</small><br></div><div class="spacer battle-history"><br></div><div class="battle-history">Audino is fast asleep.<br></div><div class="spacer battle-history"><br></div><div class="battle-history">Audino used <strong>Sleep Talk</strong>!<br></div><div class="spacer battle-history"><br></div><div class="battle-history">Audino used <strong>Rest</strong>!<br></div><div class="battle-history"><small>But it failed!</small><br></div><div class="spacer battle-history"><br></div><h2 class="battle-history">Turn 14</h2><div class="spacer battle-history"><br></div><div class="battle-history">The opposing Sonic used <strong>Aerial Ace</strong>!<br></div><div class="battle-history"><small>(Audino lost <abbr title="−222/410">54.1%</abbr> of its health!)</small><br></div><div class="battle-history"><small>Audino woke up!</small><br></div><div class="spacer battle-history"><br></div><div class="battle-history">Audino used <strong>Dazzling Gleam</strong>!<br></div><div class="battle-history"><small>(The opposing Sonic lost <abbr title="−100/343">29.2%</abbr> of its health!)</small><br></div><div class="spacer battle-history"><br></div><h2 class="battle-history">Turn 15</h2><div class="spacer battle-history"><br></div><div class="battle-history">Audino, come back!<br></div><div class="battle-history">Go! <strong>Bronzor</strong>!<br></div><div class="spacer battle-history"><br></div><div class="battle-history">The opposing Sonic used <strong>Aerial Ace</strong>!<br></div><div class="battle-history"><small>It's not very effective...</small><br></div><div class="battle-history"><small>(Bronzor lost <abbr title="−122/318">38.4%</abbr> of its health!)</small><br></div><div class="spacer battle-history"><br></div><h2 class="battle-history">Turn 16</h2><div class="spacer battle-history"><br></div><div class="battle-history">The opposing Sonic used <strong>Bug Bite</strong>!<br></div><div class="battle-history"><small>(Bronzor lost <abbr title="−196/318">61.6%</abbr> of its health!)</small><br></div><div class="spacer battle-history"><br></div><div class="battle-history">Bronzor fainted!<br></div><div class="spacer battle-history"><br></div><div class="battle-history">Go! <strong>Vileplume</strong>!<br></div><div class="spacer battle-history"><br></div><h2 class="battle-history">Turn 17</h2><div class="spacer battle-history"><br></div><div class="battle-history">The opposing Sonic used <strong>Aerial Ace</strong>!<br></div><div class="battle-history"><small>It's super effective!</small><br></div><div class="battle-history"><small>(Vileplume lost <abbr title="−353/353">100%</abbr> of its health!)</small><br></div><div class="battle-history"><small>[Vileplume's Effect Spore]</small><br><small>The opposing Sonic fell asleep!</small><br></div><div class="spacer battle-history"><br></div><div class="battle-history">Vileplume fainted!<br></div><div class="spacer battle-history"><br></div><div class="battle-history">Go! <strong>Hitmonchan</strong>!<br></div><div class="spacer battle-history"><br></div><h2 class="battle-history">Turn 18</h2><div class="spacer battle-history"><br></div><div class="battle-history">hamhamhamham withdrew Sonic!<br></div><div class="battle-history">hamhamhamham sent out <strong>Duosion</strong>!<br></div><div class="spacer battle-history"><br></div><div class="battle-history">Hitmonchan used <strong>Ice Punch</strong>!<br></div><div class="battle-history"><small>A critical hit!</small><br></div><div class="battle-history"><small>(The opposing Duosion lost <abbr title="−92/333">27.6%</abbr> of its health!)</small><br></div><div class="battle-history"><small>Hitmonchan lost some of its HP!</small><br></div><div class="spacer battle-history"><br></div><div class="battle-history">The opposing Duosion fainted!<br></div><div class="spacer battle-history"><br></div><div class="battle-history">hamhamhamham sent out Pumba (<strong>Pyroar</strong>)!<br></div><div class="battle-history"><small>[The opposing Pumba's Unnerve]</small><br><small>Your team is too nervous to eat Berries!</small><br></div><div class="spacer battle-history"><br></div><h2 class="battle-history">Turn 19</h2><div class="spacer battle-history"><br></div><div class="battle-history">Hitmonchan used <strong>Mach Punch</strong>!<br></div><div class="battle-history"><small>It's super effective!</small><br></div><div class="battle-history"><small>(The opposing Pumba lost <abbr title="−244/313">78.0%</abbr> of its health!)</small><br></div><div class="battle-history"><small>Hitmonchan lost some of its HP!</small><br></div><div class="spacer battle-history"><br></div><div class="battle-history">The opposing Pumba used <strong>Flamethrower</strong>!<br></div><div class="battle-history"><small>(Hitmonchan lost <abbr title="−116/241">48.1%</abbr> of its health!)</small><br></div><div class="spacer battle-history"><br></div><div class="battle-history">Hitmonchan fainted!<br></div><div class="spacer battle-history"><br></div><div class="battle-history">Go! Audino (<strong>Audino-Mega</strong>)!<br></div><div class="spacer battle-history"><br></div><h2 class="battle-history">Turn 20</h2><div class="spacer battle-history"><br></div><div class="battle-history">The opposing Pumba used <strong>Flamethrower</strong>!<br></div><div class="battle-history"><small>A critical hit!</small><br></div><div class="battle-history"><small>(Audino lost <abbr title="−109/410">26.6%</abbr> of its health!)</small><br></div><div class="spacer battle-history"><br></div><div class="battle-history">Audino fainted!<br></div><div class="spacer battle-history"><br></div><div class="battle-history"><strong>hamhamhamham</strong> won the battle!<br></div><div class="chat"><small>Jeran left.</small></div><div class="chat"><small>TheNewBrends11 joined.</small></div></div><div class="inner-preempt"></div></div></div>
</div>
<script>
let daily = Math.floor(Date.now()/1000/60/60/24);document.write('<script src="https://play.pokemonshowdown.com/js/replay-embed.js?version'+daily+'"></'+'script>');
</script>
