<!DOCTYPE html>
<meta charset="utf-8" />
<!-- version 1 -->
<title>NU replay: dreyfuss88 vs. hydra177</title>
<style>
html,body {font-family:Verdana, sans-serif;font-size:10pt;margin:0;padding:0;}body{padding:12px 0;} .battle-log {font-family:Verdana, sans-serif;font-size:10pt;} .battle-log-inline {border:1px solid #AAAAAA;background:#EEF2F5;color:black;max-width:640px;margin:0 auto 80px;padding-bottom:5px;} .battle-log .inner {padding:4px 8px 0px 8px;} .battle-log .inner-preempt {padding:0 8px 4px 8px;} .battle-log .inner-after {margin-top:0.5em;} .battle-log h2 {margin:0.5em -8px;padding:4px 8px;border:1px solid #AAAAAA;background:#E0E7EA;border-left:0;border-right:0;font-family:Verdana, sans-serif;font-size:13pt;} .battle-log .chat {vertical-align:middle;padding:3px 0 3px 0;font-size:8pt;} .battle-log .chat strong {color:#40576A;} .battle-log .chat em {padding:1px 4px 1px 3px;color:#000000;font-style:normal;} .chat.mine {background:rgba(0,0,0,0.05);margin-left:-8px;margin-right:-8px;padding-left:8px;padding-right:8px;} .spoiler {color:#BBBBBB;background:#BBBBBB;padding:0px 3px;} .spoiler:hover, .spoiler:active, .spoiler-shown {color:#000000;background:#E2E2E2;padding:0px 3px;} .spoiler a {color:#BBBBBB;} .spoiler:hover a, .spoiler:active a, .spoiler-shown a {color:#2288CC;} .chat code, .chat .spoiler:hover code, .chat .spoiler:active code, .chat .spoiler-shown code {border:1px solid #C0C0C0;background:#EEEEEE;color:black;padding:0 2px;} .chat .spoiler code {border:1px solid #CCCCCC;background:#CCCCCC;color:#CCCCCC;} .battle-log .rated {padding:3px 4px;} .battle-log .rated strong {color:white;background:#89A;padding:1px 4px;border-radius:4px;} .spacer {margin-top:0.5em;} .message-announce {background:#6688AA;color:white;padding:1px 4px 2px;} .message-announce a, .broadcast-green a, .broadcast-blue a, .broadcast-red a {color:#DDEEFF;} .broadcast-green {background-color:#559955;color:white;padding:2px 4px;} .broadcast-blue {background-color:#6688AA;color:white;padding:2px 4px;} .infobox {border:1px solid #6688AA;padding:2px 4px;} .infobox-limited {max-height:200px;overflow:auto;overflow-x:hidden;} .broadcast-red {background-color:#AA5544;color:white;padding:2px 4px;} .message-learn-canlearn {font-weight:bold;color:#228822;text-decoration:underline;} .message-learn-cannotlearn {font-weight:bold;color:#CC2222;text-decoration:underline;} .message-effect-weak {font-weight:bold;color:#CC2222;} .message-effect-resist {font-weight:bold;color:#6688AA;} .message-effect-immune {font-weight:bold;color:#666666;} .message-learn-list {margin-top:0;margin-bottom:0;} .message-throttle-notice, .message-error {color:#992222;} .message-overflow, .chat small.message-overflow {font-size:0pt;} .message-overflow::before {font-size:9pt;content:'...';} .subtle {color:#3A4A66;}
</style>
<div class="wrapper replay-wrapper" style="max-width:1180px;margin:0 auto">
<input type="hidden" name="replayid" value="nu-531755946" />
<div class="battle"></div><div class="battle-log"></div><div class="replay-controls"></div><div class="replay-controls-2"></div>
<h1 style="font-weight:normal;text-align:center"><strong>NU</strong><br /><a href="http://pokemonshowdown.com/users/dreyfuss88" class="subtle" target="_blank">dreyfuss88</a> vs. <a href="http://pokemonshowdown.com/users/hydra177" class="subtle" target="_blank">hydra177</a></h1>
<script type="text/plain" class="battle-log-data">|j|dreyfuss88
|j|hydra177
|player|p1|dreyfuss88|161
|player|p2|hydra177|1
|gametype|singles
|gen|6
|tier|NU
|rated
|seed|23504,29340,33863,2930
|rule|Sleep Clause Mod: Limit one foe put to sleep
|rule|Species Clause: Limit one of each Pokémon
|rule|OHKO Clause: OHKO moves are banned
|rule|Moody Clause: Moody is banned
|rule|Evasion Moves Clause: Evasion moves are banned
|rule|Endless Battle Clause: Forcing endless battles is banned
|rule|HP Percentage Mod: HP is shown in percentages
|clearpoke
|poke|p1|Hitmonchan, M, shiny|item
|poke|p1|Miltank, F, shiny|item
|poke|p1|Cradily, F, shiny|item
|poke|p1|Swellow, M, shiny|item
|poke|p1|Lilligant, F, shiny|item
|poke|p1|Magmortar, M, shiny|item
|poke|p2|Rhydon, F|item
|poke|p2|Mesprit|item
|poke|p2|Audino, F|item
|poke|p2|Mismagius, F|item
|poke|p2|Hariyama, M|item
|poke|p2|Shiftry, M|item
|rule|Swagger Clause: Swagger is banned
|rule|Baton Pass Clause: Limit one Baton Passer, can't pass Spe and other stats simultaneously
|teampreview
|choice|team 2, team 1, team 3, team 4, team 5, team 6|team 2, team 1, team 3, team 4, team 5, team 6
|
|start
|switch|p1a: Miltank|Miltank, F, shiny|394\/394
|switch|p2a: Mesprit|Mesprit|364\/364
|turn|1
|choice|move stealthrock|move thunderwave
|
|move|p1a: Miltank|Stealth Rock|p2a: Mesprit
|-sidestart|p2: hydra177|move: Stealth Rock
|move|p2a: Mesprit|Thunder Wave|p1a: Miltank
|-status|p1a: Miltank|par
|
|upkeep
|turn|2
|choice|move toxic|move stealthrock
|
|move|p2a: Mesprit|Stealth Rock|p1a: Miltank
|-sidestart|p1: dreyfuss88|move: Stealth Rock
|move|p1a: Miltank|Toxic|p2a: Mesprit
|-status|p2a: Mesprit|tox
|
|-damage|p2a: Mesprit|342\/364 tox|[from] psn
|upkeep
|turn|3
|choice|move bodyslam|move uturn
|
|move|p2a: Mesprit|U-turn|p1a: Miltank
|-damage|p1a: Miltank|358\/394 par
|-damage|p2a: Mesprit|282\/364 tox|[from] item: Rocky Helmet|[of] p1a: Miltank
|choice||switch 3
|
|switch|p2a: Audino|Audino, F|410\/410
|-damage|p2a: Audino|359\/410|[from] Stealth Rock
|cant|p1a: Miltank|par
|
|upkeep
|turn|4
|choice|move toxic|move healbell
|
|move|p2a: Audino|Heal Bell|p2a: Audino
|-activate|p2a: Audino|move: Heal Bell
|-curestatus|p2: Mesprit|tox|[msg]
|move|p1a: Miltank|Toxic|p2a: Audino
|-status|p2a: Audino|tox
|
|-damage|p2a: Audino|334\/410 tox|[from] psn
|upkeep
|turn|5
|choice|move bodyslam|move healbell
|
|move|p2a: Audino|Heal Bell|p2a: Audino
|-activate|p2a: Audino|move: Heal Bell
|-curestatus|p2a: Audino|tox|[msg]
|move|p1a: Miltank|Body Slam|p2a: Audino
|-damage|p2a: Audino|253\/410
|
|upkeep
|turn|6
|choice|move toxic|move wish
|
|move|p2a: Audino|Wish|p2a: Audino
|move|p1a: Miltank|Toxic|p2a: Audino
|-status|p2a: Audino|tox
|
|-damage|p2a: Audino|228\/410 tox|[from] psn
|upkeep
|turn|7
|choice|switch 2|move healbell
|
|switch|p1a: Hitmonchan|Hitmonchan, M, shiny|241\/241
|-damage|p1a: Hitmonchan|226\/241|[from] Stealth Rock
|move|p2a: Audino|Heal Bell|p2a: Audino
|-activate|p2a: Audino|move: Heal Bell
|-curestatus|p2a: Audino|tox|[msg]
|
|-heal|p2a: Audino|410\/410|[from] move: Wish|[wisher] Audino
|upkeep
|turn|8
|choice|move rapidspin|move dazzlinggleam mega
|
|detailschange|p2a: Audino|Audino-Mega, F
|-mega|p2a: Audino|Audino|Audinite
|move|p1a: Hitmonchan|Rapid Spin|p2a: Audino
|-damage|p2a: Audino|394\/410
|-sideend|p1: dreyfuss88|Stealth Rock|[from] move: Rapid Spin|[of] p1a: Hitmonchan
|move|p2a: Audino|Dazzling Gleam|p1a: Hitmonchan
|-supereffective|p1a: Hitmonchan
|-damage|p1a: Hitmonchan|74\/241
|
|upkeep
|turn|9
|choice|switch 3|move wish
|
|switch|p1a: Cradily|Cradily, F, shiny|376\/376
|move|p2a: Audino|Wish|p2a: Audino
|
|upkeep
|turn|10
|choice|move stockpile|switch 5
|
|switch|p2a: Hariyama|Hariyama, M|429\/429
|-damage|p2a: Hariyama|403\/429|[from] Stealth Rock
|move|p1a: Cradily|Stockpile|p1a: Cradily
|-start|p1a: Cradily|stockpile1
|-boost|p1a: Cradily|def|1
|-boost|p1a: Cradily|spd|1
|
|-heal|p2a: Hariyama|429\/429|[from] move: Wish|[wisher] Audino
|upkeep
|turn|11
|choice|move stockpile|move closecombat
|
|move|p2a: Hariyama|Close Combat|p1a: Cradily
|-supereffective|p1a: Cradily
|-crit|p1a: Cradily
|-damage|p1a: Cradily|0 fnt
|-unboost|p2a: Hariyama|def|1
|-unboost|p2a: Hariyama|spd|1
|faint|p1a: Cradily
|
|upkeep
|choice|switch 4|
|
|switch|p1a: Swellow|Swellow, M, shiny|262\/262
|turn|12
|choice|move bravebird|switch 5
|
|switch|p2a: Audino|Audino-Mega, F|394\/410
|-damage|p2a: Audino|343\/410|[from] Stealth Rock
|move|p1a: Swellow|Brave Bird|p2a: Audino
|-crit|p2a: Audino
|-damage|p2a: Audino|175\/410
|-damage|p1a: Swellow|207\/262|[from] recoil|[of] p2a: Audino
|
|-status|p1a: Swellow|tox|[from] item: Toxic Orb
|upkeep
|turn|13
|choice|move facade|switch 3
|
|switch|p2a: Mesprit|Mesprit|282\/364
|-damage|p2a: Mesprit|237\/364|[from] Stealth Rock
|move|p1a: Swellow|Facade|p2a: Mesprit
|-damage|p2a: Mesprit|54\/364
|
|-heal|p2a: Mesprit|76\/364|[from] item: Leftovers
|-damage|p1a: Swellow|191\/262 tox|[from] psn
|upkeep
|turn|14
|choice|move uturn|move psychic
|
|move|p1a: Swellow|U-turn|p2a: Mesprit
|-supereffective|p2a: Mesprit
|-damage|p2a: Mesprit|0 fnt
|faint|p2a: Mesprit
|choice|switch 5|
|
|switch|p1a: Lilligant|Lilligant, F, shiny|282\/282
|
|upkeep
|choice||switch 6
|
|switch|p2a: Shiftry|Shiftry, M|322\/322
|-damage|p2a: Shiftry|282\/322|[from] Stealth Rock
|turn|15
|choice|switch 2|move knockoff
|
|switch|p1a: Miltank|Miltank, F, shiny|358\/394 par
|move|p2a: Shiftry|Knock Off|p1a: Miltank
|-damage|p1a: Miltank|243\/394 par
|-damage|p2a: Shiftry|229\/322|[from] item: Rocky Helmet|[of] p1a: Miltank
|-enditem|p1a: Miltank|Rocky Helmet|[from] move: Knock Off|[of] p2a: Shiftry
|
|upkeep
|turn|16
|choice|move toxic|switch 3
|
|switch|p2a: Audino|Audino-Mega, F|175\/410
|-damage|p2a: Audino|124\/410|[from] Stealth Rock
|move|p1a: Miltank|Toxic|p2a: Audino
|-status|p2a: Audino|tox
|
|-damage|p2a: Audino|99\/410 tox|[from] psn
|upkeep
|turn|17
|choice|switch 5|move wish
|
|switch|p1a: Swellow|Swellow, M, shiny|191\/262 tox
|move|p2a: Audino|Wish|p2a: Audino
|
|-damage|p1a: Swellow|175\/262 tox|[from] psn
|-damage|p2a: Audino|49\/410 tox|[from] psn
|upkeep
|turn|18
|choice|move facade|move protect
|
|move|p2a: Audino|Protect|p2a: Audino
|-singleturn|p2a: Audino|Protect
|move|p1a: Swellow|Facade|p2a: Audino
|-activate|p2a: Audino|move: Protect
|
|-heal|p2a: Audino|254\/410 tox|[from] move: Wish|[wisher] Audino
|-damage|p1a: Swellow|143\/262 tox|[from] psn
|-damage|p2a: Audino|179\/410 tox|[from] psn
|upkeep
|turn|19
|choice|move facade|switch 2
|
|switch|p2a: Rhydon|Rhydon, F|351\/351
|-damage|p2a: Rhydon|330\/351|[from] Stealth Rock
|move|p1a: Swellow|Facade|p2a: Rhydon
|-resisted|p2a: Rhydon
|-damage|p2a: Rhydon|248\/351
|
|-damage|p1a: Swellow|95\/262 tox|[from] psn
|upkeep
|turn|20
|choice|move uturn|move rockpolish
|
|move|p1a: Swellow|U-turn|p2a: Rhydon
|-damage|p2a: Rhydon|190\/351
|choice|switch 3|
|
|switch|p1a: Hitmonchan|Hitmonchan, M, shiny|74\/241
|move|p2a: Rhydon|Rock Polish|p2a: Rhydon
|-boost|p2a: Rhydon|spe|2
|
|upkeep
|turn|21
|choice|move drainpunch|move earthquake
|
|move|p1a: Hitmonchan|Drain Punch|p2a: Rhydon
|-supereffective|p2a: Rhydon
|-damage|p2a: Rhydon|44\/351
|-heal|p1a: Hitmonchan|147\/241|[from] drain|[of] p2a: Rhydon
|move|p2a: Rhydon|Earthquake|p1a: Hitmonchan
|-damage|p1a: Hitmonchan|0 fnt
|faint|p1a: Hitmonchan
|
|upkeep
|choice|switch 3|
|
|switch|p1a: Swellow|Swellow, M, shiny|95\/262 tox
|turn|22
|choice|move uturn|move stoneedge
|
|move|p2a: Rhydon|Stone Edge|p1a: Swellow
|-supereffective|p1a: Swellow
|-damage|p1a: Swellow|0 fnt
|faint|p1a: Swellow
|
|upkeep
|choice|switch 2|
|
|switch|p1a: Lilligant|Lilligant, F, shiny|282\/282
|turn|23
|choice|move quiverdance|move stoneedge
|
|move|p2a: Rhydon|Stone Edge|p1a: Lilligant
|-damage|p1a: Lilligant|36\/282
|move|p1a: Lilligant|Quiver Dance|p1a: Lilligant
|-boost|p1a: Lilligant|spa|1
|-boost|p1a: Lilligant|spd|1
|-boost|p1a: Lilligant|spe|1
|
|upkeep
|turn|24
|choice|move gigadrain|move stoneedge
|
|move|p1a: Lilligant|Giga Drain|p2a: Rhydon
|-supereffective|p2a: Rhydon
|-damage|p2a: Rhydon|0 fnt
|-heal|p1a: Lilligant|58\/282|[from] drain|[of] p2a: Rhydon
|faint|p2a: Rhydon
|
|upkeep
|choice||switch 5
|
|switch|p2a: Hariyama|Hariyama, M|429\/429
|-damage|p2a: Hariyama|403\/429|[from] Stealth Rock
|turn|25
|choice|move sleeppowder|move bulletpunch
|
|move|p2a: Hariyama|Bullet Punch|p1a: Lilligant
|-damage|p1a: Lilligant|0 fnt
|faint|p1a: Lilligant
|
|upkeep
|choice|switch 6|
|
|switch|p1a: Magmortar|Magmortar, M, shiny|291\/291
|turn|26
|choice|move fireblast|switch 2
|
|switch|p2a: Audino|Audino-Mega, F|179\/410 tox
|-damage|p2a: Audino|128\/410 tox|[from] Stealth Rock
|move|p1a: Magmortar|Fire Blast|p2a: Audino|[miss]
|-miss|p1a: Magmortar|p2a: Audino
|
|-damage|p2a: Audino|103\/410 tox|[from] psn
|upkeep
|turn|27
|choice|move fireblast|move wish
|
|move|p1a: Magmortar|Fire Blast|p2a: Audino|[miss]
|-miss|p1a: Magmortar|p2a: Audino
|move|p2a: Audino|Wish|p2a: Audino
|
|-damage|p2a: Audino|53\/410 tox|[from] psn
|upkeep
|turn|28
|c|★dreyfuss88|gg
|choice|move fireblast|move healbell
|
|move|p1a: Magmortar|Fire Blast|p2a: Audino
|-damage|p2a: Audino|0 fnt
|faint|p2a: Audino
|
|upkeep
|choice||switch 4
|
|switch|p2a: Mismagius|Mismagius, F|261\/261
|-damage|p2a: Mismagius|229\/261|[from] Stealth Rock
|turn|29
|choice|move fireblast|move shadowball
|
|move|p2a: Mismagius|Shadow Ball|p1a: Magmortar
|-damage|p1a: Magmortar|123\/291
|-damage|p2a: Mismagius|203\/261|[from] item: Life Orb
|move|p1a: Magmortar|Fire Blast|p2a: Mismagius
|-damage|p2a: Mismagius|0 fnt
|faint|p2a: Mismagius
|
|upkeep
|choice||switch 3
|
|switch|p2a: Shiftry|Shiftry, M|229\/322
|-damage|p2a: Shiftry|189\/322|[from] Stealth Rock
|turn|30
|choice|move fireblast|move knockoff
|
|move|p2a: Shiftry|Knock Off|p1a: Magmortar
|-damage|p1a: Magmortar|0 fnt
|-enditem|p1a: Magmortar|Choice Specs|[from] move: Knock Off|[of] p2a: Shiftry
|faint|p1a: Magmortar
|
|upkeep
|choice|switch 5|
|
|switch|p1a: Miltank|Miltank, F, shiny|243\/394 par
|turn|31
|c|★hydra177|gg
|choice|move toxic|move knockoff
|
|move|p2a: Shiftry|Knock Off|p1a: Miltank
|-damage|p1a: Miltank|173\/394 par
|move|p1a: Miltank|Toxic|p2a: Shiftry|[miss]
|-miss|p1a: Miltank|p2a: Shiftry
|
|upkeep
|turn|32
|choice|move milkdrink|move knockoff
|
|move|p2a: Shiftry|Knock Off|p1a: Miltank
|-damage|p1a: Miltank|104\/394 par
|move|p1a: Miltank|Milk Drink|p1a: Miltank
|-heal|p1a: Miltank|301\/394 par
|
|upkeep
|turn|33
|choice|move toxic|move knockoff
|
|move|p2a: Shiftry|Knock Off|p1a: Miltank
|-damage|p1a: Miltank|222\/394 par
|move|p1a: Miltank|Toxic|p2a: Shiftry
|-status|p2a: Shiftry|tox
|
|-damage|p2a: Shiftry|169\/322 tox|[from] psn
|upkeep
|turn|34
|choice|move milkdrink|move knockoff
|
|move|p2a: Shiftry|Knock Off|p1a: Miltank
|-damage|p1a: Miltank|149\/394 par
|move|p1a: Miltank|Milk Drink|p1a: Miltank
|-heal|p1a: Miltank|346\/394 par
|
|-damage|p2a: Shiftry|129\/322 tox|[from] psn
|upkeep
|turn|35
|choice|move bodyslam|move knockoff
|
|move|p2a: Shiftry|Knock Off|p1a: Miltank
|-damage|p1a: Miltank|277\/394 par
|cant|p1a: Miltank|par
|
|-damage|p2a: Shiftry|69\/322 tox|[from] psn
|upkeep
|turn|36
|choice|move milkdrink|move knockoff
|
|move|p2a: Shiftry|Knock Off|p1a: Miltank
|-damage|p1a: Miltank|201\/394 par
|move|p1a: Miltank|Milk Drink|p1a: Miltank
|-heal|p1a: Miltank|394\/394 par
|
|-damage|p2a: Shiftry|0 fnt|[from] psn
|upkeep
|faint|p2a: Shiftry
|choice||switch 2
|
|switch|p2a: Hariyama|Hariyama, M|403\/429
|-damage|p2a: Hariyama|377\/429|[from] Stealth Rock
|turn|37
|choice|move toxic|move closecombat
|
|move|p2a: Hariyama|Close Combat|p1a: Miltank
|-supereffective|p1a: Miltank
|-damage|p1a: Miltank|80\/394 par
|-unboost|p2a: Hariyama|def|1
|-unboost|p2a: Hariyama|spd|1
|move|p1a: Miltank|Toxic|p2a: Hariyama
|-status|p2a: Hariyama|tox
|
|-damage|p2a: Hariyama|351\/429 tox|[from] psn
|upkeep
|turn|38
|choice|move milkdrink|move bulletpunch
|
|move|p2a: Hariyama|Bullet Punch|p1a: Miltank
|-damage|p1a: Miltank|48\/394 par
|move|p1a: Miltank|Milk Drink|p1a: Miltank
|-heal|p1a: Miltank|245\/394 par
|
|-damage|p2a: Hariyama|299\/429 tox|[from] psn
|upkeep
|turn|39
|choice|move milkdrink|move closecombat
|
|move|p2a: Hariyama|Close Combat|p1a: Miltank
|-supereffective|p1a: Miltank
|-damage|p1a: Miltank|0 fnt
|-unboost|p2a: Hariyama|def|1
|-unboost|p2a: Hariyama|spd|1
|faint|p1a: Miltank
|
|win|hydra177
|player|p1
|player|p2
|raw|dreyfuss88's rating: 1189 &rarr; <strong>1166<\/strong><br \/>(-23 for losing)
|raw|hydra177's rating: 1218 &rarr; <strong>1241<\/strong><br \/>(+23 for winning)</script>
</div>
<div class="battle-log battle-log-inline"><div class="inner"><div class="battle-options"></div><div class="inner"><div class="chat"><small>dreyfuss88 joined.</small></div><div class="chat"><small>hydra177 joined.</small></div><div class=""><small>Format:</small> <br><strong>NU</strong></div><div class="rated"><strong>Rated battle</strong></div><div class=""><small><em>Sleep Clause Mod:</em> Limit one foe put to sleep</small></div><div class=""><small><em>Species Clause:</em> Limit one of each Pokémon</small></div><div class=""><small><em>OHKO Clause:</em> OHKO moves are banned</small></div><div class=""><small><em>Moody Clause:</em> Moody is banned</small></div><div class=""><small><em>Evasion Moves Clause:</em> Evasion moves are banned</small></div><div class=""><small><em>Endless Battle Clause:</em> Forcing endless battles is banned</small></div><div class=""><small><em>HP Percentage Mod:</em> HP is shown in percentages</small></div><div class=""><small><em>Swagger Clause:</em> Swagger is banned</small></div><div class=""><small><em>Baton Pass Clause:</em> Limit one Baton Passer, can't pass Spe and other stats simultaneously</small></div><div class="chat battle-history"><strong>dreyfuss88's team:</strong> <em style="color:#445566;display:block;">Hitmonchan / Miltank / Cradily / Swellow / Lilligant / Magmortar</em></div><div class="chat battle-history"><strong>hydra177's team:</strong> <em style="color:#445566;display:block;">Rhydon / Mesprit / Audino / Mismagius / Hariyama / Shiftry</em></div><div class="spacer battle-history"><br></div><div class="battle-history">Battle started between dreyfuss88 and hydra177!<br></div><div class="spacer battle-history"><br></div><div class="battle-history">Go! <strong>Miltank</strong>!<br></div><div class="spacer battle-history"><br></div><div class="battle-history">hydra177 sent out <strong>Mesprit</strong>!<br></div><div class="spacer battle-history"><br></div><h2 class="battle-history">Turn 1</h2><div class="spacer battle-history"><br></div><div class="battle-history">Miltank used <strong>Stealth Rock</strong>!<br></div><div class="battle-history"><small>Pointed stones float in the air around the opposing team!</small><br></div><div class="spacer battle-history"><br></div><div class="battle-history">The opposing Mesprit used <strong>Thunder Wave</strong>!<br></div><div class="battle-history"><small>Miltank is paralyzed! It may be unable to move!</small><br></div><div class="spacer battle-history"><br></div><h2 class="battle-history">Turn 2</h2><div class="spacer battle-history"><br></div><div class="battle-history">The opposing Mesprit used <strong>Stealth Rock</strong>!<br></div><div class="battle-history"><small>Pointed stones float in the air around your team!</small><br></div><div class="spacer battle-history"><br></div><div class="battle-history">Miltank used <strong>Toxic</strong>!<br></div><div class="battle-history"><small>The opposing Mesprit was badly poisoned!</small><br></div><div class="spacer battle-history"><br></div><div class="battle-history"><small>The opposing Mesprit was hurt by poison!</small><br></div><div class="spacer battle-history"><br></div><h2 class="battle-history">Turn 3</h2><div class="spacer battle-history"><br></div><div class="battle-history">The opposing Mesprit used <strong>U-turn</strong>!<br></div><div class="battle-history"><small>(Miltank lost <abbr title="−36/394">9.1%</abbr> of its health!)</small><br></div><div class="battle-history"><small>The opposing Mesprit was hurt by the Rocky Helmet!</small><br></div><div class="spacer battle-history"><br></div><div class="battle-history">The opposing Mesprit went back to hydra177!<br></div><div class="battle-history">hydra177 sent out <strong>Audino</strong>!<br></div><div class="battle-history"><small>Pointed stones dug into the opposing Audino!</small><br></div><div class="spacer battle-history"><br></div><div class="battle-history">Miltank is paralyzed! It can't move!<br></div><div class="spacer battle-history"><br></div><h2 class="battle-history">Turn 4</h2><div class="spacer battle-history"><br></div><div class="battle-history">The opposing Audino used <strong>Heal Bell</strong>!<br></div><div class="battle-history"><small>A bell chimed!</small><br></div><div class="battle-history"><small>The opposing Mesprit was cured of its poisoning.</small><br></div><div class="spacer battle-history"><br></div><div class="battle-history">Miltank used <strong>Toxic</strong>!<br></div><div class="battle-history"><small>The opposing Audino was badly poisoned!</small><br></div><div class="spacer battle-history"><br></div><div class="battle-history"><small>The opposing Audino was hurt by poison!</small><br></div><div class="spacer battle-history"><br></div><h2 class="battle-history">Turn 5</h2><div class="spacer battle-history"><br></div><div class="battle-history">The opposing Audino used <strong>Heal Bell</strong>!<br></div><div class="battle-history"><small>A bell chimed!</small><br></div><div class="battle-history"><small>The opposing Audino was cured of its poisoning.</small><br></div><div class="spacer battle-history"><br></div><div class="battle-history">Miltank used <strong>Body Slam</strong>!<br></div><div class="battle-history"><small>(The opposing Audino lost <abbr title="−81/410">19.8%</abbr> of its health!)</small><br></div><div class="spacer battle-history"><br></div><h2 class="battle-history">Turn 6</h2><div class="spacer battle-history"><br></div><div class="battle-history">The opposing Audino used <strong>Wish</strong>!<br></div><div class="spacer battle-history"><br></div><div class="battle-history">Miltank used <strong>Toxic</strong>!<br></div><div class="battle-history"><small>The opposing Audino was badly poisoned!</small><br></div><div class="spacer battle-history"><br></div><div class="battle-history"><small>The opposing Audino was hurt by poison!</small><br></div><div class="spacer battle-history"><br></div><h2 class="battle-history">Turn 7</h2><div class="spacer battle-history"><br></div><div class="battle-history">Miltank, come back!<br></div><div class="battle-history">Go! <strong>Hitmonchan</strong>!<br></div><div class="battle-history"><small>Pointed stones dug into Hitmonchan!</small><br></div><div class="spacer battle-history"><br></div><div class="battle-history">The opposing Audino used <strong>Heal Bell</strong>!<br></div><div class="battle-history"><small>A bell chimed!</small><br></div><div class="battle-history"><small>The opposing Audino was cured of its poisoning.</small><br></div><div class="spacer battle-history"><br></div><div class="battle-history"><small>Audino's wish came true!</small><br></div><div class="spacer battle-history"><br></div><h2 class="battle-history">Turn 8</h2><div class="spacer battle-history"><br></div><div class="battle-history"><small>The opposing Audino's Audinite is reacting to hydra177's Mega Bracelet!</small><br>The opposing Audino has Mega Evolved into Mega Audino!<br></div><div class="spacer battle-history"><br></div><div class="battle-history">Hitmonchan used <strong>Rapid Spin</strong>!<br></div><div class="battle-history"><small>(The opposing Audino lost <abbr title="−16/410">3.9%</abbr> of its health!)</small><br></div><div class="battle-history"><small>The pointed stones disappeared from around your team!</small><br></div><div class="spacer battle-history"><br></div><div class="battle-history">The opposing Audino used <strong>Dazzling Gleam</strong>!<br></div><div class="battle-history"><small>It's super effective!</small><br></div><div class="battle-history"><small>(Hitmonchan lost <abbr title="−152/241">63.1%</abbr> of its health!)</small><br></div><div class="spacer battle-history"><br></div><h2 class="battle-history">Turn 9</h2><div class="spacer battle-history"><br></div><div class="battle-history">Hitmonchan, come back!<br></div><div class="battle-history">Go! <strong>Cradily</strong>!<br></div><div class="spacer battle-history"><br></div><div class="battle-history">The opposing Audino used <strong>Wish</strong>!<br></div><div class="spacer battle-history"><br></div><h2 class="battle-history">Turn 10</h2><div class="spacer battle-history"><br></div><div class="battle-history">hydra177 withdrew Audino!<br></div><div class="battle-history">hydra177 sent out <strong>Hariyama</strong>!<br></div><div class="battle-history"><small>Pointed stones dug into the opposing Hariyama!</small><br></div><div class="spacer battle-history"><br></div><div class="battle-history">Cradily used <strong>Stockpile</strong>!<br></div><div class="battle-history"><small>Cradily stockpiled 1!</small><br></div><div class="battle-history"><small>Cradily's Defense rose!</small><br></div><div class="battle-history"><small>Cradily's Special Defense rose!</small><br></div><div class="spacer battle-history"><br></div><div class="battle-history"><small>Audino's wish came true!</small><br></div><div class="spacer battle-history"><br></div><h2 class="battle-history">Turn 11</h2><div class="spacer battle-history"><br></div><div class="battle-history">The opposing Hariyama used <strong>Close Combat</strong>!<br></div><div class="battle-history"><small>It's super effective!</small><br></div><div class="battle-history"><small>A critical hit!</small><br></div><div class="battle-history"><small>(Cradily lost <abbr title="−376/376">100%</abbr> of its health!)</small><br></div><div class="battle-history"><small>The opposing Hariyama's Defense fell!</small><br></div><div class="battle-history"><small>The opposing Hariyama's Special Defense fell!</small><br></div><div class="spacer battle-history"><br></div><div class="battle-history">Cradily fainted!<br></div><div class="spacer battle-history"><br></div><div class="battle-history">Go! <strong>Swellow</strong>!<br></div><div class="spacer battle-history"><br></div><h2 class="battle-history">Turn 12</h2><div class="spacer battle-history"><br></div><div class="battle-history">hydra177 withdrew Hariyama!<br></div><div class="battle-history">hydra177 sent out Audino (<strong>Audino-Mega</strong>)!<br></div><div class="battle-history"><small>Pointed stones dug into the opposing Audino!</small><br></div><div class="spacer battle-history"><br></div><div class="battle-history">Swellow used <strong>Brave Bird</strong>!<br></div><div class="battle-history"><small>A critical hit!</small><br></div><div class="battle-history"><small>(The opposing Audino lost <abbr title="−168/410">41.0%</abbr> of its health!)</small><br></div><div class="battle-history"><small>Swellow is damaged by the recoil!</small><br></div><div class="spacer battle-history"><br></div><div class="battle-history"><small>Swellow was badly poisoned!</small><br></div><div class="spacer battle-history"><br></div><h2 class="battle-history">Turn 13</h2><div class="spacer battle-history"><br></div><div class="battle-history">hydra177 withdrew Audino!<br></div><div class="battle-history">hydra177 sent out <strong>Mesprit</strong>!<br></div><div class="battle-history"><small>Pointed stones dug into the opposing Mesprit!</small><br></div><div class="spacer battle-history"><br></div><div class="battle-history">Swellow used <strong>Facade</strong>!<br></div><div class="battle-history"><small>(The opposing Mesprit lost <abbr title="−183/364">50.3%</abbr> of its health!)</small><br></div><div class="spacer battle-history"><br></div><div class="battle-history"><small>The opposing Mesprit restored a little HP using its Leftovers!</small><br></div><div class="battle-history"><small>Swellow was hurt by poison!</small><br></div><div class="spacer battle-history"><br></div><h2 class="battle-history">Turn 14</h2><div class="spacer battle-history"><br></div><div class="battle-history">Swellow used <strong>U-turn</strong>!<br></div><div class="battle-history"><small>It's super effective!</small><br></div><div class="battle-history"><small>(The opposing Mesprit lost <abbr title="−76/364">20.9%</abbr> of its health!)</small><br></div><div class="spacer battle-history"><br></div><div class="battle-history">The opposing Mesprit fainted!<br></div><div class="spacer battle-history"><br></div><div class="battle-history">Swellow went back to dreyfuss88!<br></div><div class="battle-history">Go! <strong>Lilligant</strong>!<br></div><div class="spacer battle-history"><br></div><div class="battle-history">hydra177 sent out <strong>Shiftry</strong>!<br></div><div class="battle-history"><small>Pointed stones dug into the opposing Shiftry!</small><br></div><div class="spacer battle-history"><br></div><h2 class="battle-history">Turn 15</h2><div class="spacer battle-history"><br></div><div class="battle-history">Lilligant, come back!<br></div><div class="battle-history">Go! <strong>Miltank</strong>!<br></div><div class="spacer battle-history"><br></div><div class="battle-history">The opposing Shiftry used <strong>Knock Off</strong>!<br></div><div class="battle-history"><small>(Miltank lost <abbr title="−115/394">29.2%</abbr> of its health!)</small><br></div><div class="battle-history"><small>The opposing Shiftry was hurt by the Rocky Helmet!</small><br></div><div class="battle-history"><small>The opposing Shiftry knocked off Miltank's Rocky Helmet!</small><br></div><div class="spacer battle-history"><br></div><h2 class="battle-history">Turn 16</h2><div class="spacer battle-history"><br></div><div class="battle-history">hydra177 withdrew Shiftry!<br></div><div class="battle-history">hydra177 sent out Audino (<strong>Audino-Mega</strong>)!<br></div><div class="battle-history"><small>Pointed stones dug into the opposing Audino!</small><br></div><div class="spacer battle-history"><br></div><div class="battle-history">Miltank used <strong>Toxic</strong>!<br></div><div class="battle-history"><small>The opposing Audino was badly poisoned!</small><br></div><div class="spacer battle-history"><br></div><div class="battle-history"><small>The opposing Audino was hurt by poison!</small><br></div><div class="spacer battle-history"><br></div><h2 class="battle-history">Turn 17</h2><div class="spacer battle-history"><br></div><div class="battle-history">Miltank, come back!<br></div><div class="battle-history">Go! <strong>Swellow</strong>!<br></div><div class="spacer battle-history"><br></div><div class="battle-history">The opposing Audino used <strong>Wish</strong>!<br></div><div class="spacer battle-history"><br></div><div class="battle-history"><small>Swellow was hurt by poison!</small><br></div><div class="battle-history"><small>The opposing Audino was hurt by poison!</small><br></div><div class="spacer battle-history"><br></div><h2 class="battle-history">Turn 18</h2><div class="spacer battle-history"><br></div><div class="battle-history">The opposing Audino used <strong>Protect</strong>!<br></div><div class="battle-history"><small>The opposing Audino protected itself!</small><br></div><div class="spacer battle-history"><br></div><div class="battle-history">Swellow used <strong>Facade</strong>!<br></div><div class="battle-history"><small>The opposing Audino protected itself!</small><br></div><div class="spacer battle-history"><br></div><div class="battle-history"><small>Audino's wish came true!</small><br></div><div class="battle-history"><small>Swellow was hurt by poison!</small><br></div><div class="battle-history"><small>The opposing Audino was hurt by poison!</small><br></div><div class="spacer battle-history"><br></div><h2 class="battle-history">Turn 19</h2><div class="spacer battle-history"><br></div><div class="battle-history">hydra177 withdrew Audino!<br></div><div class="battle-history">hydra177 sent out <strong>Rhydon</strong>!<br></div><div class="battle-history"><small>Pointed stones dug into the opposing Rhydon!</small><br></div><div class="spacer battle-history"><br></div><div class="battle-history">Swellow used <strong>Facade</strong>!<br></div><div class="battle-history"><small>It's not very effective...</small><br></div><div class="battle-history"><small>(The opposing Rhydon lost <abbr title="−82/351">23.4%</abbr> of its health!)</small><br></div><div class="spacer battle-history"><br></div><div class="battle-history"><small>Swellow was hurt by poison!</small><br></div><div class="spacer battle-history"><br></div><h2 class="battle-history">Turn 20</h2><div class="spacer battle-history"><br></div><div class="battle-history">Swellow used <strong>U-turn</strong>!<br></div><div class="battle-history"><small>(The opposing Rhydon lost <abbr title="−58/351">16.5%</abbr> of its health!)</small><br></div><div class="spacer battle-history"><br></div><div class="battle-history">Swellow went back to dreyfuss88!<br></div><div class="battle-history">Go! <strong>Hitmonchan</strong>!<br></div><div class="spacer battle-history"><br></div><div class="battle-history">The opposing Rhydon used <strong>Rock Polish</strong>!<br></div><div class="battle-history"><small>The opposing Rhydon's Speed rose sharply!</small><br></div><div class="spacer battle-history"><br></div><h2 class="battle-history">Turn 21</h2><div class="spacer battle-history"><br></div><div class="battle-history">Hitmonchan used <strong>Drain Punch</strong>!<br></div><div class="battle-history"><small>It's super effective!</small><br></div><div class="battle-history"><small>(The opposing Rhydon lost <abbr title="−146/351">41.6%</abbr> of its health!)</small><br></div><div class="battle-history"><small>The opposing Rhydon had its energy drained!</small><br></div><div class="spacer battle-history"><br></div><div class="battle-history">The opposing Rhydon used <strong>Earthquake</strong>!<br></div><div class="battle-history"><small>(Hitmonchan lost <abbr title="−147/241">61.0%</abbr> of its health!)</small><br></div><div class="spacer battle-history"><br></div><div class="battle-history">Hitmonchan fainted!<br></div><div class="spacer battle-history"><br></div><div class="battle-history">Go! <strong>Swellow</strong>!<br></div><div class="spacer battle-history"><br></div><h2 class="battle-history">Turn 22</h2><div class="spacer battle-history"><br></div><div class="battle-history">The opposing Rhydon used <strong>Stone Edge</strong>!<br></div><div class="battle-history"><small>It's super effective!</small><br></div><div class="battle-history"><small>(Swellow lost <abbr title="−95/262">36.3%</abbr> of its health!)</small><br></div><div class="spacer battle-history"><br></div><div class="battle-history">Swellow fainted!<br></div><div class="spacer battle-history"><br></div><div class="battle-history">Go! <strong>Lilligant</strong>!<br></div><div class="spacer battle-history"><br></div><h2 class="battle-history">Turn 23</h2><div class="spacer battle-history"><br></div><div class="battle-history">The opposing Rhydon used <strong>Stone Edge</strong>!<br></div><div class="battle-history"><small>(Lilligant lost <abbr title="−246/282">87.2%</abbr> of its health!)</small><br></div><div class="spacer battle-history"><br></div><div class="battle-history">Lilligant used <strong>Quiver Dance</strong>!<br></div><div class="battle-history"><small>Lilligant's Special Attack rose!</small><br></div><div class="battle-history"><small>Lilligant's Special Defense rose!</small><br></div><div class="battle-history"><small>Lilligant's Speed rose!</small><br></div><div class="spacer battle-history"><br></div><h2 class="battle-history">Turn 24</h2><div class="spacer battle-history"><br></div><div class="battle-history">Lilligant used <strong>Giga Drain</strong>!<br></div><div class="battle-history"><small>It's super effective!</small><br></div><div class="battle-history"><small>(The opposing Rhydon lost <abbr title="−44/351">12.5%</abbr> of its health!)</small><br></div><div class="battle-history"><small>The opposing Rhydon had its energy drained!</small><br></div><div class="spacer battle-history"><br></div><div class="battle-history">The opposing Rhydon fainted!<br></div><div class="spacer battle-history"><br></div><div class="battle-history">hydra177 sent out <strong>Hariyama</strong>!<br></div><div class="battle-history"><small>Pointed stones dug into the opposing Hariyama!</small><br></div><div class="spacer battle-history"><br></div><h2 class="battle-history">Turn 25</h2><div class="spacer battle-history"><br></div><div class="battle-history">The opposing Hariyama used <strong>Bullet Punch</strong>!<br></div><div class="battle-history"><small>(Lilligant lost <abbr title="−58/282">20.6%</abbr> of its health!)</small><br></div><div class="spacer battle-history"><br></div><div class="battle-history">Lilligant fainted!<br></div><div class="spacer battle-history"><br></div><div class="battle-history">Go! <strong>Magmortar</strong>!<br></div><div class="spacer battle-history"><br></div><h2 class="battle-history">Turn 26</h2><div class="spacer battle-history"><br></div><div class="battle-history">hydra177 withdrew Hariyama!<br></div><div class="battle-history">hydra177 sent out Audino (<strong>Audino-Mega</strong>)!<br></div><div class="battle-history"><small>Pointed stones dug into the opposing Audino!</small><br></div><div class="spacer battle-history"><br></div><div class="battle-history">Magmortar used <strong>Fire Blast</strong>!<br></div><div class="battle-history"><small>The opposing Audino avoided the attack!</small><br></div><div class="spacer battle-history"><br></div><div class="battle-history"><small>The opposing Audino was hurt by poison!</small><br></div><div class="spacer battle-history"><br></div><h2 class="battle-history">Turn 27</h2><div class="spacer battle-history"><br></div><div class="battle-history">Magmortar used <strong>Fire Blast</strong>!<br></div><div class="battle-history"><small>The opposing Audino avoided the attack!</small><br></div><div class="spacer battle-history"><br></div><div class="battle-history">The opposing Audino used <strong>Wish</strong>!<br></div><div class="spacer battle-history"><br></div><div class="battle-history"><small>The opposing Audino was hurt by poison!</small><br></div><div class="spacer battle-history"><br></div><h2 class="battle-history">Turn 28</h2><div class="chat chatmessage-dreyfuss88"><strong style="color:hsl(131,61%,40%)"><small>★</small><span class="username" data-name="dreyfuss88">dreyfuss88</span>:</strong> <em>gg</em></div><div class="spacer battle-history"><br></div><div class="battle-history">Magmortar used <strong>Fire Blast</strong>!<br></div><div class="battle-history"><small>(The opposing Audino lost <abbr title="−53/410">12.9%</abbr> of its health!)</small><br></div><div class="spacer battle-history"><br></div><div class="battle-history">The opposing Audino fainted!<br></div><div class="spacer battle-history"><br></div><div class="battle-history">hydra177 sent out <strong>Mismagius</strong>!<br></div><div class="battle-history"><small>Pointed stones dug into the opposing Mismagius!</small><br></div><div class="spacer battle-history"><br></div><h2 class="battle-history">Turn 29</h2><div class="spacer battle-history"><br></div><div class="battle-history">The opposing Mismagius used <strong>Shadow Ball</strong>!<br></div><div class="battle-history"><small>(Magmortar lost <abbr title="−168/291">57.7%</abbr> of its health!)</small><br></div><div class="battle-history"><small>The opposing Mismagius lost some of its HP!</small><br></div><div class="spacer battle-history"><br></div><div class="battle-history">Magmortar used <strong>Fire Blast</strong>!<br></div><div class="battle-history"><small>(The opposing Mismagius lost <abbr title="−203/261">77.8%</abbr> of its health!)</small><br></div><div class="spacer battle-history"><br></div><div class="battle-history">The opposing Mismagius fainted!<br></div><div class="spacer battle-history"><br></div><div class="battle-history">hydra177 sent out <strong>Shiftry</strong>!<br></div><div class="battle-history"><small>Pointed stones dug into the opposing Shiftry!</small><br></div><div class="spacer battle-history"><br></div><h2 class="battle-history">Turn 30</h2><div class="spacer battle-history"><br></div><div class="battle-history">The opposing Shiftry used <strong>Knock Off</strong>!<br></div><div class="battle-history"><small>(Magmortar lost <abbr title="−123/291">42.3%</abbr> of its health!)</small><br></div><div class="battle-history"><small>The opposing Shiftry knocked off Magmortar's Choice Specs!</small><br></div><div class="spacer battle-history"><br></div><div class="battle-history">Magmortar fainted!<br></div><div class="spacer battle-history"><br></div><div class="battle-history">Go! <strong>Miltank</strong>!<br></div><div class="spacer battle-history"><br></div><h2 class="battle-history">Turn 31</h2><div class="chat chatmessage-hydra177"><strong style="color:hsl(194,66%,38.333333333333336%)"><small>★</small><span class="username" data-name="hydra177">hydra177</span>:</strong> <em>gg</em></div><div class="spacer battle-history"><br></div><div class="battle-history">The opposing Shiftry used <strong>Knock Off</strong>!<br></div><div class="battle-history"><small>(Miltank lost <abbr title="−70/394">17.8%</abbr> of its health!)</small><br></div><div class="spacer battle-history"><br></div><div class="battle-history">Miltank used <strong>Toxic</strong>!<br></div><div class="battle-history"><small>The opposing Shiftry avoided the attack!</small><br></div><div class="spacer battle-history"><br></div><h2 class="battle-history">Turn 32</h2><div class="spacer battle-history"><br></div><div class="battle-history">The opposing Shiftry used <strong>Knock Off</strong>!<br></div><div class="battle-history"><small>(Miltank lost <abbr title="−69/394">17.5%</abbr> of its health!)</small><br></div><div class="spacer battle-history"><br></div><div class="battle-history">Miltank used <strong>Milk Drink</strong>!<br></div><div class="battle-history"><small>Miltank restored its HP.</small><br></div><div class="spacer battle-history"><br></div><h2 class="battle-history">Turn 33</h2><div class="spacer battle-history"><br></div><div class="battle-history">The opposing Shiftry used <strong>Knock Off</strong>!<br></div><div class="battle-history"><small>(Miltank lost <abbr title="−79/394">20.1%</abbr> of its health!)</small><br></div><div class="spacer battle-history"><br></div><div class="battle-history">Miltank used <strong>Toxic</strong>!<br></div><div class="battle-history"><small>The opposing Shiftry was badly poisoned!</small><br></div><div class="spacer battle-history"><br></div><div class="battle-history"><small>The opposing Shiftry was hurt by poison!</small><br></div><div class="spacer battle-history"><br></div><h2 class="battle-history">Turn 34</h2><div class="spacer battle-history"><br></div><div class="battle-history">The opposing Shiftry used <strong>Knock Off</strong>!<br></div><div class="battle-history"><small>(Miltank lost <abbr title="−73/394">18.5%</abbr> of its health!)</small><br></div><div class="spacer battle-history"><br></div><div class="battle-history">Miltank used <strong>Milk Drink</strong>!<br></div><div class="battle-history"><small>Miltank restored its HP.</small><br></div><div class="spacer battle-history"><br></div><div class="battle-history"><small>The opposing Shiftry was hurt by poison!</small><br></div><div class="spacer battle-history"><br></div><h2 class="battle-history">Turn 35</h2><div class="spacer battle-history"><br></div><div class="battle-history">The opposing Shiftry used <strong>Knock Off</strong>!<br></div><div class="battle-history"><small>(Miltank lost <abbr title="−69/394">17.5%</abbr> of its health!)</small><br></div><div class="spacer battle-history"><br></div><div class="battle-history">Miltank is paralyzed! It can't move!<br></div><div class="spacer battle-history"><br></div><div class="battle-history"><small>The opposing Shiftry was hurt by poison!</small><br></div><div class="spacer battle-history"><br></div><h2 class="battle-history">Turn 36</h2><div class="spacer battle-history"><br></div><div class="battle-history">The opposing Shiftry used <strong>Knock Off</strong>!<br></div><div class="battle-history"><small>(Miltank lost <abbr title="−76/394">19.3%</abbr> of its health!)</small><br></div><div class="spacer battle-history"><br></div><div class="battle-history">Miltank used <strong>Milk Drink</strong>!<br></div><div class="battle-history"><small>Miltank restored its HP.</small><br></div><div class="spacer battle-history"><br></div><div class="battle-history"><small>The opposing Shiftry was hurt by poison!</small><br></div><div class="spacer battle-history"><br></div><div class="battle-history">The opposing Shiftry fainted!<br></div><div class="spacer battle-history"><br></div><div class="battle-history">hydra177 sent out <strong>Hariyama</strong>!<br></div><div class="battle-history"><small>Pointed stones dug into the opposing Hariyama!</small><br></div><div class="spacer battle-history"><br></div><h2 class="battle-history">Turn 37</h2><div class="spacer battle-history"><br></div><div class="battle-history">The opposing Hariyama used <strong>Close Combat</strong>!<br></div><div class="battle-history"><small>It's super effective!</small><br></div><div class="battle-history"><small>(Miltank lost <abbr title="−314/394">79.7%</abbr> of its health!)</small><br></div><div class="battle-history"><small>The opposing Hariyama's Defense fell!</small><br></div><div class="battle-history"><small>The opposing Hariyama's Special Defense fell!</small><br></div><div class="spacer battle-history"><br></div><div class="battle-history">Miltank used <strong>Toxic</strong>!<br></div><div class="battle-history"><small>The opposing Hariyama was badly poisoned!</small><br></div><div class="spacer battle-history"><br></div><div class="battle-history"><small>The opposing Hariyama was hurt by poison!</small><br></div><div class="spacer battle-history"><br></div><h2 class="battle-history">Turn 38</h2><div class="spacer battle-history"><br></div><div class="battle-history">The opposing Hariyama used <strong>Bullet Punch</strong>!<br></div><div class="battle-history"><small>(Miltank lost <abbr title="−32/394">8.1%</abbr> of its health!)</small><br></div><div class="spacer battle-history"><br></div><div class="battle-history">Miltank used <strong>Milk Drink</strong>!<br></div><div class="battle-history"><small>Miltank restored its HP.</small><br></div><div class="spacer battle-history"><br></div><div class="battle-history"><small>The opposing Hariyama was hurt by poison!</small><br></div><div class="spacer battle-history"><br></div><h2 class="battle-history">Turn 39</h2><div class="spacer battle-history"><br></div><div class="battle-history">The opposing Hariyama used <strong>Close Combat</strong>!<br></div><div class="battle-history"><small>It's super effective!</small><br></div><div class="battle-history"><small>(Miltank lost <abbr title="−245/394">62.2%</abbr> of its health!)</small><br></div><div class="battle-history"><small>The opposing Hariyama's Defense fell!</small><br></div><div class="battle-history"><small>The opposing Hariyama's Special Defense fell!</small><br></div><div class="spacer battle-history"><br></div><div class="battle-history">Miltank fainted!<br></div><div class="spacer battle-history"><br></div><div class="battle-history"><strong>hydra177</strong> won the battle!<br></div><div class="chat">dreyfuss88's rating: 1189 → <strong>1166</strong><br>(-23 for losing)</div><div class="chat">hydra177's rating: 1218 → <strong>1241</strong><br>(+23 for winning)</div></div><div class="inner-preempt"></div></div></div>
</div>
<script>
let daily = Math.floor(Date.now()/1000/60/60/24);document.write('<script src="https://play.pokemonshowdown.com/js/replay-embed.js?version'+daily+'"></'+'script>');
</script>
