<!DOCTYPE html>
<meta charset="utf-8" />
<!-- version 1 -->
<title>NU replay: Blast vs. brawlfest</title>
<style>
html,body {font-family:Verdana, sans-serif;font-size:10pt;margin:0;padding:0;}body{padding:12px 0;} .battle-log {font-family:Verdana, sans-serif;font-size:10pt;} .battle-log-inline {border:1px solid #AAAAAA;background:#EEF2F5;color:black;max-width:640px;margin:0 auto 80px;padding-bottom:5px;} .battle-log .inner {padding:4px 8px 0px 8px;} .battle-log .inner-preempt {padding:0 8px 4px 8px;} .battle-log .inner-after {margin-top:0.5em;} .battle-log h2 {margin:0.5em -8px;padding:4px 8px;border:1px solid #AAAAAA;background:#E0E7EA;border-left:0;border-right:0;font-family:Verdana, sans-serif;font-size:13pt;} .battle-log .chat {vertical-align:middle;padding:3px 0 3px 0;font-size:8pt;} .battle-log .chat strong {color:#40576A;} .battle-log .chat em {padding:1px 4px 1px 3px;color:#000000;font-style:normal;} .chat.mine {background:rgba(0,0,0,0.05);margin-left:-8px;margin-right:-8px;padding-left:8px;padding-right:8px;} .spoiler {color:#BBBBBB;background:#BBBBBB;padding:0px 3px;} .spoiler:hover, .spoiler:active, .spoiler-shown {color:#000000;background:#E2E2E2;padding:0px 3px;} .spoiler a {color:#BBBBBB;} .spoiler:hover a, .spoiler:active a, .spoiler-shown a {color:#2288CC;} .chat code, .chat .spoiler:hover code, .chat .spoiler:active code, .chat .spoiler-shown code {border:1px solid #C0C0C0;background:#EEEEEE;color:black;padding:0 2px;} .chat .spoiler code {border:1px solid #CCCCCC;background:#CCCCCC;color:#CCCCCC;} .battle-log .rated {padding:3px 4px;} .battle-log .rated strong {color:white;background:#89A;padding:1px 4px;border-radius:4px;} .spacer {margin-top:0.5em;} .message-announce {background:#6688AA;color:white;padding:1px 4px 2px;} .message-announce a, .broadcast-green a, .broadcast-blue a, .broadcast-red a {color:#DDEEFF;} .broadcast-green {background-color:#559955;color:white;padding:2px 4px;} .broadcast-blue {background-color:#6688AA;color:white;padding:2px 4px;} .infobox {border:1px solid #6688AA;padding:2px 4px;} .infobox-limited {max-height:200px;overflow:auto;overflow-x:hidden;} .broadcast-red {background-color:#AA5544;color:white;padding:2px 4px;} .message-learn-canlearn {font-weight:bold;color:#228822;text-decoration:underline;} .message-learn-cannotlearn {font-weight:bold;color:#CC2222;text-decoration:underline;} .message-effect-weak {font-weight:bold;color:#CC2222;} .message-effect-resist {font-weight:bold;color:#6688AA;} .message-effect-immune {font-weight:bold;color:#666666;} .message-learn-list {margin-top:0;margin-bottom:0;} .message-throttle-notice, .message-error {color:#992222;} .message-overflow, .chat small.message-overflow {font-size:0pt;} .message-overflow::before {font-size:9pt;content:'...';} .subtle {color:#3A4A66;}
</style>
<div class="wrapper replay-wrapper" style="max-width:1180px;margin:0 auto">
<input type="hidden" name="replayid" value="nu-567887046" />
<div class="battle"></div><div class="battle-log"></div><div class="replay-controls"></div><div class="replay-controls-2"></div>
<h1 style="font-weight:normal;text-align:center"><strong>NU</strong><br /><a href="http://pokemonshowdown.com/users/blast" class="subtle" target="_blank">Blast</a> vs. <a href="http://pokemonshowdown.com/users/brawlfest" class="subtle" target="_blank">brawlfest</a></h1>
<script type="text/plain" class="battle-log-data">|j|Blast
|j|brawlfest
|player|p1|Blast|163
|player|p2|brawlfest|102
|gametype|singles
|gen|6
|tier|NU
|seed|19327,15499,51060,21838
|rule|Sleep Clause Mod: Limit one foe put to sleep
|rule|Species Clause: Limit one of each Pokémon
|rule|OHKO Clause: OHKO moves are banned
|rule|Moody Clause: Moody is banned
|rule|Evasion Moves Clause: Evasion moves are banned
|rule|Endless Battle Clause: Forcing endless battles is banned
|rule|HP Percentage Mod: HP is shown in percentages
|clearpoke
|poke|p1|Pawniard, M|item
|poke|p1|Garbodor, F|item
|poke|p1|Cacturne, M|item
|poke|p1|Dusknoir, M|item
|poke|p1|Poliwrath, M|item
|poke|p1|Rhydon, M|item
|poke|p2|Swellow, F|item
|poke|p2|Tauros, M|item
|poke|p2|Kangaskhan, F|item
|poke|p2|Samurott, F|item
|poke|p2|Golurk|item
|poke|p2|Mesprit|item
|rule|Swagger Clause: Swagger is banned
|rule|Baton Pass Clause: Limit one Baton Passer, can't pass Spe and other stats simultaneously
|teampreview
|c|☆brawlfest|IS PAWN EVEN RELEVANT THE FUCK
|c|☆Blast|i'll show u relevant
|j|kay くコ彡
|j|yo!gi!o_o!
|choice|team 5, team 2, team 3, team 4, team 1, team 6|team 6, team 2, team 3, team 4, team 5, team 1
|
|start
|switch|p1a: Poliwrath|Poliwrath, M|341\/341
|switch|p2a: Mesprit|Mesprit|301\/301
|turn|1
|j|Queen Motorhead
|c|☆brawlfest|GOTTEM
|c|☆Blast|ew
|c|☆brawlfest|go to them dark types
|c|☆brawlfest|fuckin dare you
|choice|switch 4|move icebeam
|
|switch|p1a: Dusknoir|Dusknoir, M|281\/281
|-ability|p1a: Dusknoir|Pressure
|move|p2a: Mesprit|Ice Beam|p1a: Dusknoir
|-damage|p1a: Dusknoir|201\/281
|
|upkeep
|turn|2
|c|%kay くコ彡|0
|j|RawMelon
|c|☆brawlfest|ur garbage
|choice|move icepunch|switch 4
|
|switch|p2a: Samurott|Samurott, F|331\/331
|move|p1a: Dusknoir|Ice Punch|p2a: Samurott
|-resisted|p2a: Samurott
|-damage|p2a: Samurott|257\/331
|
|upkeep
|turn|3
|choice|switch 4|switch 4
|
|switch|p2a: Mesprit|Mesprit|301\/301
|switch|p1a: Poliwrath|Poliwrath, M|341\/341
|
|upkeep
|turn|4
|c| RawMelon|That's like an xy PU team kinda
|choice|switch 5|move uturn
|
|switch|p1a: Pawniard|Pawniard, M|232\/232
|move|p2a: Mesprit|U-turn|p1a: Pawniard
|-damage|p1a: Pawniard|184\/232
|c|☆Blast|drat
|choice||switch 5
|
|switch|p2a: Golurk|Golurk|340\/340
|
|upkeep
|turn|5
|j|Taskr
|l|RawMelon
|c|☆brawlfest|!dt dusknoir
|c|~|\/data-pokemon Dusknoir
|raw|<font size="1"><font color="#686868">Dex#:<\/font> 477&nbsp;|&ThickSpace;<font color="#686868">Gen:<\/font> 4&nbsp;|&ThickSpace;<font color="#686868">Height:<\/font> 2.2 m&nbsp;|&ThickSpace;<font color="#686868">Weight:<\/font> 106.6 kg <em>(100 BP)<\/em>&nbsp;|&ThickSpace;<font color="#686868">Dex Colour:<\/font> Black&nbsp;|&ThickSpace;<font color="#686868">Egg Group(s):<\/font> Amorphous&nbsp;|&ThickSpace;<font color="#686868">Does Not Evolve<\/font><\/font>
|l|Taskr
|choice|switch 5|move earthquake
|
|switch|p1a: Poliwrath|Poliwrath, M|341\/341
|move|p2a: Golurk|Earthquake|p1a: Poliwrath
|-damage|p1a: Poliwrath|154\/341
|
|-heal|p1a: Poliwrath|175\/341|[from] item: Leftovers
|upkeep
|turn|6
|c| yo!gi!o_o!|chew?
|c|☆brawlfest|WHAT GROUND RESIST
|choice|switch 3|move earthquake
|
|switch|p1a: Cacturne|Cacturne, M|281\/281
|move|p2a: Golurk|Earthquake|p1a: Cacturne
|-resisted|p1a: Cacturne
|-damage|p1a: Cacturne|133\/281
|
|upkeep
|turn|7
|c|☆brawlfest|chewed
|c| yo!gi!o_o!|chew?...
|c|☆Blast|x
|choice|move gigadrain|switch 6
|
|switch|p2a: Swellow|Swellow, F|261\/261
|move|p1a: Cacturne|Giga Drain|p2a: Swellow
|-resisted|p2a: Swellow
|-damage|p2a: Swellow|101\/261
|-heal|p1a: Cacturne|213\/281|[from] drain|[of] p2a: Swellow
|-damage|p1a: Cacturne|185\/281|[from] item: Life Orb
|
|upkeep
|turn|8
|c|☆brawlfest|jesus
|choice|move suckerpunch|move uturn
|
|move|p1a: Cacturne|Sucker Punch|p2a: Swellow
|-damage|p2a: Swellow|0 fnt
|-damage|p1a: Cacturne|157\/281|[from] item: Life Orb
|faint|p2a: Swellow
|
|upkeep
|choice||switch 3
|
|switch|p2a: Kangaskhan|Kangaskhan, F|351\/351
|turn|9
|c|☆Blast|i'm staying in on the aqua tail
|c|☆brawlfest|^^^
|choice|switch 6|switch 6
|
|switch|p2a: Golurk|Golurk|340\/340
|switch|p1a: Rhydon|Rhydon, M|414\/414
|
|upkeep
|turn|10
|c|☆brawlfest|sounds good blast sounds good
|choice|move metalburst|move stealthrock
|
|move|p2a: Golurk|Stealth Rock|p1a: Rhydon
|-sidestart|p1: Blast|move: Stealth Rock
|move|p1a: Rhydon|Metal Burst|p2a: Golurk
|-fail|p2a: Golurk
|
|upkeep
|turn|11
|c|☆Blast|damn it
|c|☆brawlfest|oh hoh hoh
|c|☆brawlfest|ur cool
|choice|move stealthrock|move earthquake
|
|move|p2a: Golurk|Earthquake|p1a: Rhydon
|-supereffective|p1a: Rhydon
|-damage|p1a: Rhydon|184\/414
|move|p1a: Rhydon|Stealth Rock|p2a: Golurk
|-sidestart|p2: brawlfest|move: Stealth Rock
|
|upkeep
|turn|12
|choice|move earthquake|move earthquake
|
|move|p2a: Golurk|Earthquake|p1a: Rhydon
|-supereffective|p1a: Rhydon
|-damage|p1a: Rhydon|0 fnt
|faint|p1a: Rhydon
|
|upkeep
|choice|switch 4|
|
|switch|p1a: Dusknoir|Dusknoir, M|201\/281
|-damage|p1a: Dusknoir|166\/281|[from] Stealth Rock
|-ability|p1a: Dusknoir|Pressure
|turn|13
|choice|move icepunch|move shadowpunch
|
|move|p2a: Golurk|Shadow Punch|p1a: Dusknoir
|-supereffective|p1a: Dusknoir
|-damage|p1a: Dusknoir|0 fnt
|faint|p1a: Dusknoir
|
|upkeep
|c|☆brawlfest|!dt dusknoir
|c|~|\/data-pokemon Dusknoir
|raw|<font size="1"><font color="#686868">Dex#:<\/font> 477&nbsp;|&ThickSpace;<font color="#686868">Gen:<\/font> 4&nbsp;|&ThickSpace;<font color="#686868">Height:<\/font> 2.2 m&nbsp;|&ThickSpace;<font color="#686868">Weight:<\/font> 106.6 kg <em>(100 BP)<\/em>&nbsp;|&ThickSpace;<font color="#686868">Dex Colour:<\/font> Black&nbsp;|&ThickSpace;<font color="#686868">Egg Group(s):<\/font> Amorphous&nbsp;|&ThickSpace;<font color="#686868">Does Not Evolve<\/font><\/font>
|c|☆brawlfest|ezpz
|c|☆Blast|golurk is broken
|c|☆brawlfest|^
|c|☆brawlfest|s tier
|choice|switch 6|
|
|switch|p1a: Cacturne|Cacturne, M|157\/281
|-damage|p1a: Cacturne|122\/281|[from] Stealth Rock
|turn|14
|c|☆brawlfest|checks tauros too
|choice|move gigadrain|switch 6
|
|switch|p2a: Kangaskhan|Kangaskhan, F|351\/351
|-damage|p2a: Kangaskhan|308\/351|[from] Stealth Rock
|move|p1a: Cacturne|Giga Drain|p2a: Kangaskhan
|-damage|p2a: Kangaskhan|100\/351
|-heal|p1a: Cacturne|226\/281|[from] drain|[of] p2a: Kangaskhan
|-damage|p1a: Cacturne|198\/281|[from] item: Life Orb
|
|upkeep
|turn|15
|j|Disjunction!!
|choice|move suckerpunch|move fakeout
|
|move|p2a: Kangaskhan|Fake Out|p1a: Cacturne
|-damage|p1a: Cacturne|74\/281
|cant|p1a: Cacturne|flinch
|
|upkeep
|turn|16
|c|☆brawlfest|HOW DOES ONE BEAT THIS THING I DONT UNDERSTAND
|c|☆brawlfest|wait
|c| yo!gi!o_o!|x
|c|☆brawlfest|so like
|c|☆brawlfest|if i sucker your sucker
|c|☆brawlfest|its a reset and i kill
|c|+Disjunction!!|brawl are you coming back for sumo
|c|☆brawlfest|but if you sucker and i dont
|c|☆brawlfest|am i a dead man
|c|☆brawlfest|tf i forget how mind games work
|c|☆brawlfest|probably not :\/
|c|☆brawlfest|this is kind a one time thing
|c|☆brawlfest|i might but like
|c| yo!gi!o_o!|no if you sucker you kill
|c|☆brawlfest|uni is going really will
|c| yo!gi!o_o!|regardless
|c|☆brawlfest|*well
|choice|move gigadrain|move suckerpunch
|
|move|p2a: Kangaskhan|Sucker Punch|p1a: Cacturne
|-resisted|p1a: Cacturne
|-damage|p1a: Cacturne|7\/281
|move|p1a: Cacturne|Giga Drain|p2a: Kangaskhan
|-damage|p2a: Kangaskhan|0 fnt
|-heal|p1a: Cacturne|57\/281|[from] drain|[of] p2a: Kangaskhan
|-damage|p1a: Cacturne|29\/281|[from] item: Life Orb
|faint|p2a: Kangaskhan
|
|upkeep
|c| yo!gi!o_o!|wtf
|c|☆brawlfest|WHO THE FUCK JUST LIED TO ME
|c| yo!gi!o_o!|blast
|c| yo!gi!o_o!|are you fucking defensive
|c|☆Blast|yum
|c| yo!gi!o_o!|of some shit
|c| yo!gi!o_o!|o.o
|choice||switch 2
|
|switch|p2a: Tauros|Tauros, M|291\/291
|-damage|p2a: Tauros|255\/291|[from] Stealth Rock
|turn|17
|c|☆brawlfest|if this one shots im sueing
|choice|move suckerpunch|move earthquake
|
|move|p1a: Cacturne|Sucker Punch|p2a: Tauros
|-damage|p2a: Tauros|115\/291
|-damage|p1a: Cacturne|1\/281|[from] item: Life Orb
|move|p2a: Tauros|Earthquake|p1a: Cacturne
|-resisted|p1a: Cacturne
|-damage|p1a: Cacturne|0 fnt
|-damage|p2a: Tauros|86\/291|[from] item: Life Orb
|faint|p1a: Cacturne
|
|upkeep
|j|TheTankCat
|choice|switch 3|
|
|switch|p1a: Poliwrath|Poliwrath, M|175\/341
|-damage|p1a: Poliwrath|154\/341|[from] Stealth Rock
|turn|18
|c|☆brawlfest|bless
|choice|move vacuumwave|move rockclimb
|
|move|p1a: Poliwrath|Vacuum Wave|p2a: Tauros
|-supereffective|p2a: Tauros
|-damage|p2a: Tauros|0 fnt
|faint|p2a: Tauros
|
|-heal|p1a: Poliwrath|175\/341|[from] item: Leftovers
|upkeep
|c|☆brawlfest|fuck
|choice||switch 5
|
|switch|p2a: Mesprit|Mesprit|301\/301
|-damage|p2a: Mesprit|264\/301|[from] Stealth Rock
|turn|19
|c| TheTankCat|poliwank
|choice|move scald|move psychic
|
|move|p2a: Mesprit|Psychic|p1a: Poliwrath
|-supereffective|p1a: Poliwrath
|-damage|p1a: Poliwrath|0 fnt
|faint|p1a: Poliwrath
|
|upkeep
|c|☆brawlfest|PLS JUST LET ME PREDICT
|c|☆brawlfest|FUCK YES
|choice|switch 5|
|
|switch|p1a: Pawniard|Pawniard, M|184\/232
|-damage|p1a: Pawniard|170\/232|[from] Stealth Rock
|turn|20
|choice|move swordsdance|switch 4
|
|switch|p2a: Samurott|Samurott, F|257\/331
|-damage|p2a: Samurott|216\/331|[from] Stealth Rock
|move|p1a: Pawniard|Swords Dance|p1a: Pawniard
|-boost|p1a: Pawniard|atk|2
|
|upkeep
|turn|21
|choice|move knockoff|move aquajet
|
|move|p2a: Samurott|Aqua Jet|p1a: Pawniard
|-damage|p1a: Pawniard|110\/232
|-damage|p2a: Samurott|183\/331|[from] item: Life Orb
|move|p1a: Pawniard|Knock Off|p2a: Samurott
|-damage|p2a: Samurott|0 fnt
|-enditem|p2a: Samurott|Life Orb|[from] move: Knock Off|[of] p1a: Pawniard
|faint|p2a: Samurott
|
|upkeep
|choice||switch 6
|
|switch|p2a: Golurk|Golurk|340\/340
|-damage|p2a: Golurk|319\/340|[from] Stealth Rock
|turn|22
|c|+Disjunction!!|regigigas pawniard 6-0'd
|c|☆Blast|ecks
|choice|move knockoff|move earthquake
|
|move|p1a: Pawniard|Knock Off|p2a: Golurk
|-supereffective|p2a: Golurk
|-enditem|p2a: Golurk|Colbur Berry|[eat]
|-enditem|p2a: Golurk|Colbur Berry|[weaken]
|-damage|p2a: Golurk|0 fnt
|faint|p2a: Golurk
|
|upkeep
|c|☆brawlfest|FUCK OFF
|c| yo!gi!o_o!|lol
|c|☆Blast|GG
|c|☆brawlfest|T_T
|choice||switch 4
|
|switch|p2a: Mesprit|Mesprit|264\/301
|-damage|p2a: Mesprit|227\/301|[from] Stealth Rock
|turn|23
|c| TheTankCat|lol
|choice|move suckerpunch|move healingwish
|
|move|p1a: Pawniard|Sucker Punch|p2a: Mesprit|[still]
|-fail|p1a: Pawniard
|move|p2a: Mesprit|Healing Wish|p2a: Mesprit
|-fail|p2a: Mesprit
|
|upkeep
|turn|24
|c|☆brawlfest|Read
|c|☆brawlfest|fucking read
|l|Queen Motorhead
|c|☆Blast|lol
|c|☆Blast|youre going out in style
|choice|move knockoff|move healingwish
|
|move|p2a: Mesprit|Healing Wish|p2a: Mesprit
|-fail|p2a: Mesprit
|move|p1a: Pawniard|Knock Off|p2a: Mesprit
|-supereffective|p2a: Mesprit
|-damage|p2a: Mesprit|0 fnt
|-enditem|p2a: Mesprit|Choice Scarf|[from] move: Knock Off|[of] p1a: Pawniard
|faint|p2a: Mesprit
|
|win|Blast
|c|☆brawlfest|ggs
|l|yo!gi!o_o!
|l|Disjunction!!
|c|☆Blast|mhm
|l|TheTankCat
|l|brawlfest
|l|Blast
|j|Blast</script>
</div>
<div class="battle-log battle-log-inline"><div class="inner"><div class="battle-options"></div><div class="inner"><div class="chat"><small>Blast joined.</small></div><div class="chat"><small>brawlfest joined.</small></div><div class=""><small>Format:</small> <br><strong>NU</strong></div><div class=""><small><em>Sleep Clause Mod:</em> Limit one foe put to sleep</small></div><div class=""><small><em>Species Clause:</em> Limit one of each Pokémon</small></div><div class=""><small><em>OHKO Clause:</em> OHKO moves are banned</small></div><div class=""><small><em>Moody Clause:</em> Moody is banned</small></div><div class=""><small><em>Evasion Moves Clause:</em> Evasion moves are banned</small></div><div class=""><small><em>Endless Battle Clause:</em> Forcing endless battles is banned</small></div><div class=""><small><em>HP Percentage Mod:</em> HP is shown in percentages</small></div><div class=""><small><em>Swagger Clause:</em> Swagger is banned</small></div><div class=""><small><em>Baton Pass Clause:</em> Limit one Baton Passer, can't pass Spe and other stats simultaneously</small></div><div class="chat battle-history"><strong>Blast's team:</strong> <em style="color:#445566;display:block;">Pawniard / Garbodor / Cacturne / Dusknoir / Poliwrath / Rhydon</em></div><div class="chat battle-history"><strong>brawlfest's team:</strong> <em style="color:#445566;display:block;">Swellow / Tauros / Kangaskhan / Samurott / Golurk / Mesprit</em></div><div class="chat chatmessage-brawlfest"><strong style="color:hsl(215,66%,49.7724632704%)"><small>☆</small><span class="username" data-name="brawlfest">brawlfest</span>:</strong> <em>IS PAWN EVEN RELEVANT THE FUCK</em></div><div class="chat chatmessage-blast"><strong style="color:hsl(10,65%,45%)"><small>☆</small><span class="username" data-name="Blast">Blast</span>:</strong> <em>i'll show u relevant</em></div><div class="chat"><small>kay くコ彡 joined.</small></div><div class="chat"><small>yo!gi!o_o! joined.</small></div><div class="spacer battle-history"><br></div><div class="battle-history">Battle started between Blast and brawlfest!<br></div><div class="spacer battle-history"><br></div><div class="battle-history">Go! <strong>Poliwrath</strong>!<br></div><div class="spacer battle-history"><br></div><div class="battle-history">brawlfest sent out <strong>Mesprit</strong>!<br></div><div class="spacer battle-history"><br></div><h2 class="battle-history">Turn 1</h2><div class="chat"><small>Queen Motorhead joined.</small></div><div class="chat chatmessage-brawlfest"><strong style="color:hsl(215,66%,49.7724632704%)"><small>☆</small><span class="username" data-name="brawlfest">brawlfest</span>:</strong> <em>GOTTEM</em></div><div class="chat chatmessage-blast"><strong style="color:hsl(10,65%,45%)"><small>☆</small><span class="username" data-name="Blast">Blast</span>:</strong> <em>ew</em></div><div class="chat chatmessage-brawlfest"><strong style="color:hsl(215,66%,49.7724632704%)"><small>☆</small><span class="username" data-name="brawlfest">brawlfest</span>:</strong> <em>go to them dark types</em></div><div class="chat chatmessage-brawlfest"><strong style="color:hsl(215,66%,49.7724632704%)"><small>☆</small><span class="username" data-name="brawlfest">brawlfest</span>:</strong> <em>fuckin dare you</em></div><div class="spacer battle-history"><br></div><div class="battle-history">Poliwrath, come back!<br></div><div class="battle-history">Go! <strong>Dusknoir</strong>!<br></div><div class="battle-history"><small>[Dusknoir's Pressure]</small><br><small>Dusknoir is exerting its pressure!</small><br></div><div class="spacer battle-history"><br></div><div class="battle-history">The opposing Mesprit used <strong>Ice Beam</strong>!<br></div><div class="battle-history"><small>(Dusknoir lost <abbr title="−80/281">28.5%</abbr> of its health!)</small><br></div><div class="spacer battle-history"><br></div><h2 class="battle-history">Turn 2</h2><div class="chat chatmessage-kay"><strong style="color:hsl(255,66%,56.8105735479296%)"><small>%</small><span class="username" data-name="kay くコ彡">kay くコ彡</span>:</strong> <em>0</em></div><div class="chat"><small>RawMelon joined.</small></div><div class="chat chatmessage-brawlfest"><strong style="color:hsl(215,66%,49.7724632704%)"><small>☆</small><span class="username" data-name="brawlfest">brawlfest</span>:</strong> <em>ur garbage</em></div><div class="spacer battle-history"><br></div><div class="battle-history">brawlfest withdrew Mesprit!<br></div><div class="battle-history">brawlfest sent out <strong>Samurott</strong>!<br></div><div class="spacer battle-history"><br></div><div class="battle-history">Dusknoir used <strong>Ice Punch</strong>!<br></div><div class="battle-history"><small>It's not very effective...</small><br></div><div class="battle-history"><small>(The opposing Samurott lost <abbr title="−74/331">22.4%</abbr> of its health!)</small><br></div><div class="spacer battle-history"><br></div><h2 class="battle-history">Turn 3</h2><div class="spacer battle-history"><br></div><div class="battle-history">brawlfest withdrew Samurott!<br></div><div class="battle-history">brawlfest sent out <strong>Mesprit</strong>!<br></div><div class="spacer battle-history"><br></div><div class="battle-history">Dusknoir, come back!<br></div><div class="battle-history">Go! <strong>Poliwrath</strong>!<br></div><div class="spacer battle-history"><br></div><h2 class="battle-history">Turn 4</h2><div class="chat chatmessage-rawmelon"><strong style="color:hsl(223,45%,54.735457078935404%)"><small> </small><span class="username" data-name="RawMelon">RawMelon</span>:</strong> <em>That's like an xy PU team kinda</em></div><div class="spacer battle-history"><br></div><div class="battle-history">Poliwrath, come back!<br></div><div class="battle-history">Go! <strong>Pawniard</strong>!<br></div><div class="spacer battle-history"><br></div><div class="battle-history">The opposing Mesprit used <strong>U-turn</strong>!<br></div><div class="battle-history"><small>(Pawniard lost <abbr title="−48/232">20.7%</abbr> of its health!)</small><br></div><div class="chat chatmessage-blast"><strong style="color:hsl(10,65%,45%)"><small>☆</small><span class="username" data-name="Blast">Blast</span>:</strong> <em>drat</em></div><div class="spacer battle-history"><br></div><div class="battle-history">The opposing Mesprit went back to brawlfest!<br></div><div class="battle-history">brawlfest sent out <strong>Golurk</strong>!<br></div><div class="spacer battle-history"><br></div><h2 class="battle-history">Turn 5</h2><div class="chat"><small>Taskr joined.</small></div><div class="chat"><small>RawMelon left.</small></div><div class="chat chatmessage-brawlfest"><strong style="color:hsl(215,66%,49.7724632704%)"><small>☆</small><span class="username" data-name="brawlfest">brawlfest</span>:</strong> <em>!dt dusknoir</em></div><div class="chat message-error">[outdated code no longer supported]</div><div class="chat"><font size="1"><font color="#686868">Dex#:</font> 477&nbsp;|  <font color="#686868">Gen:</font> 4&nbsp;|  <font color="#686868">Height:</font> 2.2 m&nbsp;|  <font color="#686868">Weight:</font> 106.6 kg <em>(100 BP)</em>&nbsp;|  <font color="#686868">Dex Colour:</font> Black&nbsp;|  <font color="#686868">Egg Group(s):</font> Amorphous&nbsp;|  <font color="#686868">Does Not Evolve</font></font></div><div class="chat"><small>Taskr left.</small></div><div class="spacer battle-history"><br></div><div class="battle-history">Pawniard, come back!<br></div><div class="battle-history">Go! <strong>Poliwrath</strong>!<br></div><div class="spacer battle-history"><br></div><div class="battle-history">The opposing Golurk used <strong>Earthquake</strong>!<br></div><div class="battle-history"><small>(Poliwrath lost <abbr title="−187/341">54.8%</abbr> of its health!)</small><br></div><div class="spacer battle-history"><br></div><div class="battle-history"><small>Poliwrath restored a little HP using its Leftovers!</small><br></div><div class="spacer battle-history"><br></div><h2 class="battle-history">Turn 6</h2><div class="chat chatmessage-yogioo"><strong style="color:hsl(113,89%,34.63407077469547%)"><small> </small><span class="username" data-name="yo!gi!o_o!">yo!gi!o_o!</span>:</strong> <em>chew?</em></div><div class="chat chatmessage-brawlfest"><strong style="color:hsl(215,66%,49.7724632704%)"><small>☆</small><span class="username" data-name="brawlfest">brawlfest</span>:</strong> <em>WHAT GROUND RESIST</em></div><div class="spacer battle-history"><br></div><div class="battle-history">Poliwrath, come back!<br></div><div class="battle-history">Go! <strong>Cacturne</strong>!<br></div><div class="spacer battle-history"><br></div><div class="battle-history">The opposing Golurk used <strong>Earthquake</strong>!<br></div><div class="battle-history"><small>It's not very effective...</small><br></div><div class="battle-history"><small>(Cacturne lost <abbr title="−148/281">52.7%</abbr> of its health!)</small><br></div><div class="spacer battle-history"><br></div><h2 class="battle-history">Turn 7</h2><div class="chat chatmessage-brawlfest"><strong style="color:hsl(215,66%,49.7724632704%)"><small>☆</small><span class="username" data-name="brawlfest">brawlfest</span>:</strong> <em>chewed</em></div><div class="chat chatmessage-yogioo"><strong style="color:hsl(113,89%,34.63407077469547%)"><small> </small><span class="username" data-name="yo!gi!o_o!">yo!gi!o_o!</span>:</strong> <em>chew?...</em></div><div class="chat chatmessage-blast"><strong style="color:hsl(10,65%,45%)"><small>☆</small><span class="username" data-name="Blast">Blast</span>:</strong> <em>x</em></div><div class="spacer battle-history"><br></div><div class="battle-history">brawlfest withdrew Golurk!<br></div><div class="battle-history">brawlfest sent out <strong>Swellow</strong>!<br></div><div class="spacer battle-history"><br></div><div class="battle-history">Cacturne used <strong>Giga Drain</strong>!<br></div><div class="battle-history"><small>It's not very effective...</small><br></div><div class="battle-history"><small>(The opposing Swellow lost <abbr title="−160/261">61.3%</abbr> of its health!)</small><br></div><div class="battle-history"><small>The opposing Swellow had its energy drained!</small><br></div><div class="battle-history"><small>Cacturne lost some of its HP!</small><br></div><div class="spacer battle-history"><br></div><h2 class="battle-history">Turn 8</h2><div class="chat chatmessage-brawlfest"><strong style="color:hsl(215,66%,49.7724632704%)"><small>☆</small><span class="username" data-name="brawlfest">brawlfest</span>:</strong> <em>jesus</em></div><div class="spacer battle-history"><br></div><div class="battle-history">Cacturne used <strong>Sucker Punch</strong>!<br></div><div class="battle-history"><small>(The opposing Swellow lost <abbr title="−101/261">38.7%</abbr> of its health!)</small><br></div><div class="battle-history"><small>Cacturne lost some of its HP!</small><br></div><div class="spacer battle-history"><br></div><div class="battle-history">The opposing Swellow fainted!<br></div><div class="spacer battle-history"><br></div><div class="battle-history">brawlfest sent out <strong>Kangaskhan</strong>!<br></div><div class="spacer battle-history"><br></div><h2 class="battle-history">Turn 9</h2><div class="chat chatmessage-blast"><strong style="color:hsl(10,65%,45%)"><small>☆</small><span class="username" data-name="Blast">Blast</span>:</strong> <em>i'm staying in on the aqua tail</em></div><div class="chat chatmessage-brawlfest"><strong style="color:hsl(215,66%,49.7724632704%)"><small>☆</small><span class="username" data-name="brawlfest">brawlfest</span>:</strong> <em>^^^</em></div><div class="spacer battle-history"><br></div><div class="battle-history">brawlfest withdrew Kangaskhan!<br></div><div class="battle-history">brawlfest sent out <strong>Golurk</strong>!<br></div><div class="spacer battle-history"><br></div><div class="battle-history">Cacturne, come back!<br></div><div class="battle-history">Go! <strong>Rhydon</strong>!<br></div><div class="spacer battle-history"><br></div><h2 class="battle-history">Turn 10</h2><div class="chat chatmessage-brawlfest"><strong style="color:hsl(215,66%,49.7724632704%)"><small>☆</small><span class="username" data-name="brawlfest">brawlfest</span>:</strong> <em>sounds good blast sounds good</em></div><div class="spacer battle-history"><br></div><div class="battle-history">The opposing Golurk used <strong>Stealth Rock</strong>!<br></div><div class="battle-history"><small>Pointed stones float in the air around your team!</small><br></div><div class="spacer battle-history"><br></div><div class="battle-history">Rhydon used <strong>Metal Burst</strong>!<br></div><div class="battle-history"><small>But it failed!</small><br></div><div class="spacer battle-history"><br></div><h2 class="battle-history">Turn 11</h2><div class="chat chatmessage-blast"><strong style="color:hsl(10,65%,45%)"><small>☆</small><span class="username" data-name="Blast">Blast</span>:</strong> <em>damn it</em></div><div class="chat chatmessage-brawlfest"><strong style="color:hsl(215,66%,49.7724632704%)"><small>☆</small><span class="username" data-name="brawlfest">brawlfest</span>:</strong> <em>oh hoh hoh</em></div><div class="chat chatmessage-brawlfest"><strong style="color:hsl(215,66%,49.7724632704%)"><small>☆</small><span class="username" data-name="brawlfest">brawlfest</span>:</strong> <em>ur cool</em></div><div class="spacer battle-history"><br></div><div class="battle-history">The opposing Golurk used <strong>Earthquake</strong>!<br></div><div class="battle-history"><small>It's super effective!</small><br></div><div class="battle-history"><small>(Rhydon lost <abbr title="−230/414">55.6%</abbr> of its health!)</small><br></div><div class="spacer battle-history"><br></div><div class="battle-history">Rhydon used <strong>Stealth Rock</strong>!<br></div><div class="battle-history"><small>Pointed stones float in the air around the opposing team!</small><br></div><div class="spacer battle-history"><br></div><h2 class="battle-history">Turn 12</h2><div class="spacer battle-history"><br></div><div class="battle-history">The opposing Golurk used <strong>Earthquake</strong>!<br></div><div class="battle-history"><small>It's super effective!</small><br></div><div class="battle-history"><small>(Rhydon lost <abbr title="−184/414">44.4%</abbr> of its health!)</small><br></div><div class="spacer battle-history"><br></div><div class="battle-history">Rhydon fainted!<br></div><div class="spacer battle-history"><br></div><div class="battle-history">Go! <strong>Dusknoir</strong>!<br></div><div class="battle-history"><small>Pointed stones dug into Dusknoir!</small><br></div><div class="battle-history"><small>[Dusknoir's Pressure]</small><br><small>Dusknoir is exerting its pressure!</small><br></div><div class="spacer battle-history"><br></div><h2 class="battle-history">Turn 13</h2><div class="spacer battle-history"><br></div><div class="battle-history">The opposing Golurk used <strong>Shadow Punch</strong>!<br></div><div class="battle-history"><small>It's super effective!</small><br></div><div class="battle-history"><small>(Dusknoir lost <abbr title="−166/281">59.1%</abbr> of its health!)</small><br></div><div class="spacer battle-history"><br></div><div class="battle-history">Dusknoir fainted!<br></div><div class="chat chatmessage-brawlfest"><strong style="color:hsl(215,66%,49.7724632704%)"><small>☆</small><span class="username" data-name="brawlfest">brawlfest</span>:</strong> <em>!dt dusknoir</em></div><div class="chat message-error">[outdated code no longer supported]</div><div class="chat"><font size="1"><font color="#686868">Dex#:</font> 477&nbsp;|  <font color="#686868">Gen:</font> 4&nbsp;|  <font color="#686868">Height:</font> 2.2 m&nbsp;|  <font color="#686868">Weight:</font> 106.6 kg <em>(100 BP)</em>&nbsp;|  <font color="#686868">Dex Colour:</font> Black&nbsp;|  <font color="#686868">Egg Group(s):</font> Amorphous&nbsp;|  <font color="#686868">Does Not Evolve</font></font></div><div class="chat chatmessage-brawlfest"><strong style="color:hsl(215,66%,49.7724632704%)"><small>☆</small><span class="username" data-name="brawlfest">brawlfest</span>:</strong> <em>ezpz</em></div><div class="chat chatmessage-blast"><strong style="color:hsl(10,65%,45%)"><small>☆</small><span class="username" data-name="Blast">Blast</span>:</strong> <em>golurk is broken</em></div><div class="chat chatmessage-brawlfest"><strong style="color:hsl(215,66%,49.7724632704%)"><small>☆</small><span class="username" data-name="brawlfest">brawlfest</span>:</strong> <em>^</em></div><div class="chat chatmessage-brawlfest"><strong style="color:hsl(215,66%,49.7724632704%)"><small>☆</small><span class="username" data-name="brawlfest">brawlfest</span>:</strong> <em>s tier</em></div><div class="spacer battle-history"><br></div><div class="battle-history">Go! <strong>Cacturne</strong>!<br></div><div class="battle-history"><small>Pointed stones dug into Cacturne!</small><br></div><div class="spacer battle-history"><br></div><h2 class="battle-history">Turn 14</h2><div class="chat chatmessage-brawlfest"><strong style="color:hsl(215,66%,49.7724632704%)"><small>☆</small><span class="username" data-name="brawlfest">brawlfest</span>:</strong> <em>checks tauros too</em></div><div class="spacer battle-history"><br></div><div class="battle-history">brawlfest withdrew Golurk!<br></div><div class="battle-history">brawlfest sent out <strong>Kangaskhan</strong>!<br></div><div class="battle-history"><small>Pointed stones dug into the opposing Kangaskhan!</small><br></div><div class="spacer battle-history"><br></div><div class="battle-history">Cacturne used <strong>Giga Drain</strong>!<br></div><div class="battle-history"><small>(The opposing Kangaskhan lost <abbr title="−208/351">59.3%</abbr> of its health!)</small><br></div><div class="battle-history"><small>The opposing Kangaskhan had its energy drained!</small><br></div><div class="battle-history"><small>Cacturne lost some of its HP!</small><br></div><div class="spacer battle-history"><br></div><h2 class="battle-history">Turn 15</h2><div class="chat"><small>Disjunction!! joined.</small></div><div class="spacer battle-history"><br></div><div class="battle-history">The opposing Kangaskhan used <strong>Fake Out</strong>!<br></div><div class="battle-history"><small>(Cacturne lost <abbr title="−124/281">44.1%</abbr> of its health!)</small><br></div><div class="spacer battle-history"><br></div><div class="battle-history">Cacturne flinched and couldn't move!<br></div><div class="spacer battle-history"><br></div><h2 class="battle-history">Turn 16</h2><div class="chat chatmessage-brawlfest"><strong style="color:hsl(215,66%,49.7724632704%)"><small>☆</small><span class="username" data-name="brawlfest">brawlfest</span>:</strong> <em>HOW DOES ONE BEAT THIS THING I DONT UNDERSTAND</em></div><div class="chat chatmessage-brawlfest"><strong style="color:hsl(215,66%,49.7724632704%)"><small>☆</small><span class="username" data-name="brawlfest">brawlfest</span>:</strong> <em>wait</em></div><div class="chat chatmessage-yogioo"><strong style="color:hsl(113,89%,34.63407077469547%)"><small> </small><span class="username" data-name="yo!gi!o_o!">yo!gi!o_o!</span>:</strong> <em>x</em></div><div class="chat chatmessage-brawlfest"><strong style="color:hsl(215,66%,49.7724632704%)"><small>☆</small><span class="username" data-name="brawlfest">brawlfest</span>:</strong> <em>so like</em></div><div class="chat chatmessage-brawlfest"><strong style="color:hsl(215,66%,49.7724632704%)"><small>☆</small><span class="username" data-name="brawlfest">brawlfest</span>:</strong> <em>if i sucker your sucker</em></div><div class="chat chatmessage-brawlfest"><strong style="color:hsl(215,66%,49.7724632704%)"><small>☆</small><span class="username" data-name="brawlfest">brawlfest</span>:</strong> <em>its a reset and i kill</em></div><div class="chat chatmessage-disjunction"><strong style="color:hsl(184,62%,41.666666666666664%)"><small>+</small><span class="username" data-name="Disjunction!!">Disjunction!!</span>:</strong> <em>brawl are you coming back for sumo</em></div><div class="chat chatmessage-brawlfest"><strong style="color:hsl(215,66%,49.7724632704%)"><small>☆</small><span class="username" data-name="brawlfest">brawlfest</span>:</strong> <em>but if you sucker and i dont</em></div><div class="chat chatmessage-brawlfest"><strong style="color:hsl(215,66%,49.7724632704%)"><small>☆</small><span class="username" data-name="brawlfest">brawlfest</span>:</strong> <em>am i a dead man</em></div><div class="chat chatmessage-brawlfest"><strong style="color:hsl(215,66%,49.7724632704%)"><small>☆</small><span class="username" data-name="brawlfest">brawlfest</span>:</strong> <em>tf i forget how mind games work</em></div><div class="chat chatmessage-brawlfest"><strong style="color:hsl(215,66%,49.7724632704%)"><small>☆</small><span class="username" data-name="brawlfest">brawlfest</span>:</strong> <em>probably not :/</em></div><div class="chat chatmessage-brawlfest"><strong style="color:hsl(215,66%,49.7724632704%)"><small>☆</small><span class="username" data-name="brawlfest">brawlfest</span>:</strong> <em>this is kind a one time thing</em></div><div class="chat chatmessage-brawlfest"><strong style="color:hsl(215,66%,49.7724632704%)"><small>☆</small><span class="username" data-name="brawlfest">brawlfest</span>:</strong> <em>i might but like</em></div><div class="chat chatmessage-yogioo"><strong style="color:hsl(113,89%,34.63407077469547%)"><small> </small><span class="username" data-name="yo!gi!o_o!">yo!gi!o_o!</span>:</strong> <em>no if you sucker you kill</em></div><div class="chat chatmessage-brawlfest"><strong style="color:hsl(215,66%,49.7724632704%)"><small>☆</small><span class="username" data-name="brawlfest">brawlfest</span>:</strong> <em>uni is going really will</em></div><div class="chat chatmessage-yogioo"><strong style="color:hsl(113,89%,34.63407077469547%)"><small> </small><span class="username" data-name="yo!gi!o_o!">yo!gi!o_o!</span>:</strong> <em>regardless</em></div><div class="chat chatmessage-brawlfest"><strong style="color:hsl(215,66%,49.7724632704%)"><small>☆</small><span class="username" data-name="brawlfest">brawlfest</span>:</strong> <em>*well</em></div><div class="spacer battle-history"><br></div><div class="battle-history">The opposing Kangaskhan used <strong>Sucker Punch</strong>!<br></div><div class="battle-history"><small>It's not very effective...</small><br></div><div class="battle-history"><small>(Cacturne lost <abbr title="−67/281">23.8%</abbr> of its health!)</small><br></div><div class="spacer battle-history"><br></div><div class="battle-history">Cacturne used <strong>Giga Drain</strong>!<br></div><div class="battle-history"><small>(The opposing Kangaskhan lost <abbr title="−100/351">28.5%</abbr> of its health!)</small><br></div><div class="battle-history"><small>The opposing Kangaskhan had its energy drained!</small><br></div><div class="battle-history"><small>Cacturne lost some of its HP!</small><br></div><div class="spacer battle-history"><br></div><div class="battle-history">The opposing Kangaskhan fainted!<br></div><div class="chat chatmessage-yogioo"><strong style="color:hsl(113,89%,34.63407077469547%)"><small> </small><span class="username" data-name="yo!gi!o_o!">yo!gi!o_o!</span>:</strong> <em>wtf</em></div><div class="chat chatmessage-brawlfest"><strong style="color:hsl(215,66%,49.7724632704%)"><small>☆</small><span class="username" data-name="brawlfest">brawlfest</span>:</strong> <em>WHO THE FUCK JUST LIED TO ME</em></div><div class="chat chatmessage-yogioo"><strong style="color:hsl(113,89%,34.63407077469547%)"><small> </small><span class="username" data-name="yo!gi!o_o!">yo!gi!o_o!</span>:</strong> <em>blast</em></div><div class="chat chatmessage-yogioo"><strong style="color:hsl(113,89%,34.63407077469547%)"><small> </small><span class="username" data-name="yo!gi!o_o!">yo!gi!o_o!</span>:</strong> <em>are you fucking defensive</em></div><div class="chat chatmessage-blast"><strong style="color:hsl(10,65%,45%)"><small>☆</small><span class="username" data-name="Blast">Blast</span>:</strong> <em>yum</em></div><div class="chat chatmessage-yogioo"><strong style="color:hsl(113,89%,34.63407077469547%)"><small> </small><span class="username" data-name="yo!gi!o_o!">yo!gi!o_o!</span>:</strong> <em>of some shit</em></div><div class="chat chatmessage-yogioo"><strong style="color:hsl(113,89%,34.63407077469547%)"><small> </small><span class="username" data-name="yo!gi!o_o!">yo!gi!o_o!</span>:</strong> <em>o.o</em></div><div class="spacer battle-history"><br></div><div class="battle-history">brawlfest sent out <strong>Tauros</strong>!<br></div><div class="battle-history"><small>Pointed stones dug into the opposing Tauros!</small><br></div><div class="spacer battle-history"><br></div><h2 class="battle-history">Turn 17</h2><div class="chat chatmessage-brawlfest"><strong style="color:hsl(215,66%,49.7724632704%)"><small>☆</small><span class="username" data-name="brawlfest">brawlfest</span>:</strong> <em>if this one shots im sueing</em></div><div class="spacer battle-history"><br></div><div class="battle-history">Cacturne used <strong>Sucker Punch</strong>!<br></div><div class="battle-history"><small>(The opposing Tauros lost <abbr title="−140/291">48.1%</abbr> of its health!)</small><br></div><div class="battle-history"><small>Cacturne lost some of its HP!</small><br></div><div class="spacer battle-history"><br></div><div class="battle-history">The opposing Tauros used <strong>Earthquake</strong>!<br></div><div class="battle-history"><small>It's not very effective...</small><br></div><div class="battle-history"><small>(Cacturne lost <abbr title="−1/281">0.4%</abbr> of its health!)</small><br></div><div class="battle-history"><small>The opposing Tauros lost some of its HP!</small><br></div><div class="spacer battle-history"><br></div><div class="battle-history">Cacturne fainted!<br></div><div class="chat"><small>TheTankCat joined.</small></div><div class="spacer battle-history"><br></div><div class="battle-history">Go! <strong>Poliwrath</strong>!<br></div><div class="battle-history"><small>Pointed stones dug into Poliwrath!</small><br></div><div class="spacer battle-history"><br></div><h2 class="battle-history">Turn 18</h2><div class="chat chatmessage-brawlfest"><strong style="color:hsl(215,66%,49.7724632704%)"><small>☆</small><span class="username" data-name="brawlfest">brawlfest</span>:</strong> <em>bless</em></div><div class="spacer battle-history"><br></div><div class="battle-history">Poliwrath used <strong>Vacuum Wave</strong>!<br></div><div class="battle-history"><small>It's super effective!</small><br></div><div class="battle-history"><small>(The opposing Tauros lost <abbr title="−86/291">29.6%</abbr> of its health!)</small><br></div><div class="spacer battle-history"><br></div><div class="battle-history">The opposing Tauros fainted!<br></div><div class="spacer battle-history"><br></div><div class="battle-history"><small>Poliwrath restored a little HP using its Leftovers!</small><br></div><div class="chat chatmessage-brawlfest"><strong style="color:hsl(215,66%,49.7724632704%)"><small>☆</small><span class="username" data-name="brawlfest">brawlfest</span>:</strong> <em>fuck</em></div><div class="spacer battle-history"><br></div><div class="battle-history">brawlfest sent out <strong>Mesprit</strong>!<br></div><div class="battle-history"><small>Pointed stones dug into the opposing Mesprit!</small><br></div><div class="spacer battle-history"><br></div><h2 class="battle-history">Turn 19</h2><div class="chat chatmessage-thetankcat"><strong style="color:hsl(109,48%,42%)"><small> </small><span class="username" data-name="TheTankCat">TheTankCat</span>:</strong> <em>poliwank</em></div><div class="spacer battle-history"><br></div><div class="battle-history">The opposing Mesprit used <strong>Psychic</strong>!<br></div><div class="battle-history"><small>It's super effective!</small><br></div><div class="battle-history"><small>(Poliwrath lost <abbr title="−175/341">51.3%</abbr> of its health!)</small><br></div><div class="spacer battle-history"><br></div><div class="battle-history">Poliwrath fainted!<br></div><div class="chat chatmessage-brawlfest"><strong style="color:hsl(215,66%,49.7724632704%)"><small>☆</small><span class="username" data-name="brawlfest">brawlfest</span>:</strong> <em>PLS JUST LET ME PREDICT</em></div><div class="chat chatmessage-brawlfest"><strong style="color:hsl(215,66%,49.7724632704%)"><small>☆</small><span class="username" data-name="brawlfest">brawlfest</span>:</strong> <em>FUCK YES</em></div><div class="spacer battle-history"><br></div><div class="battle-history">Go! <strong>Pawniard</strong>!<br></div><div class="battle-history"><small>Pointed stones dug into Pawniard!</small><br></div><div class="spacer battle-history"><br></div><h2 class="battle-history">Turn 20</h2><div class="spacer battle-history"><br></div><div class="battle-history">brawlfest withdrew Mesprit!<br></div><div class="battle-history">brawlfest sent out <strong>Samurott</strong>!<br></div><div class="battle-history"><small>Pointed stones dug into the opposing Samurott!</small><br></div><div class="spacer battle-history"><br></div><div class="battle-history">Pawniard used <strong>Swords Dance</strong>!<br></div><div class="battle-history"><small>Pawniard's Attack rose sharply!</small><br></div><div class="spacer battle-history"><br></div><h2 class="battle-history">Turn 21</h2><div class="spacer battle-history"><br></div><div class="battle-history">The opposing Samurott used <strong>Aqua Jet</strong>!<br></div><div class="battle-history"><small>(Pawniard lost <abbr title="−60/232">25.9%</abbr> of its health!)</small><br></div><div class="battle-history"><small>The opposing Samurott lost some of its HP!</small><br></div><div class="spacer battle-history"><br></div><div class="battle-history">Pawniard used <strong>Knock Off</strong>!<br></div><div class="battle-history"><small>(The opposing Samurott lost <abbr title="−183/331">55.3%</abbr> of its health!)</small><br></div><div class="battle-history"><small>Pawniard knocked off the opposing Samurott's Life Orb!</small><br></div><div class="spacer battle-history"><br></div><div class="battle-history">The opposing Samurott fainted!<br></div><div class="spacer battle-history"><br></div><div class="battle-history">brawlfest sent out <strong>Golurk</strong>!<br></div><div class="battle-history"><small>Pointed stones dug into the opposing Golurk!</small><br></div><div class="spacer battle-history"><br></div><h2 class="battle-history">Turn 22</h2><div class="chat chatmessage-disjunction"><strong style="color:hsl(184,62%,41.666666666666664%)"><small>+</small><span class="username" data-name="Disjunction!!">Disjunction!!</span>:</strong> <em>regigigas pawniard 6-0'd</em></div><div class="chat chatmessage-blast"><strong style="color:hsl(10,65%,45%)"><small>☆</small><span class="username" data-name="Blast">Blast</span>:</strong> <em>ecks</em></div><div class="spacer battle-history"><br></div><div class="battle-history">Pawniard used <strong>Knock Off</strong>!<br></div><div class="battle-history"><small>It's super effective!</small><br></div><div class="battle-history"><small>The opposing Golurk ate its Colbur Berry!</small><br></div><div class="battle-history"><small>The Colbur Berry weakened the damage to the opposing Golurk!</small><br></div><div class="battle-history"><small>(The opposing Golurk lost <abbr title="−319/340">93.8%</abbr> of its health!)</small><br></div><div class="spacer battle-history"><br></div><div class="battle-history">The opposing Golurk fainted!<br></div><div class="chat chatmessage-brawlfest"><strong style="color:hsl(215,66%,49.7724632704%)"><small>☆</small><span class="username" data-name="brawlfest">brawlfest</span>:</strong> <em>FUCK OFF</em></div><div class="chat chatmessage-yogioo"><strong style="color:hsl(113,89%,34.63407077469547%)"><small> </small><span class="username" data-name="yo!gi!o_o!">yo!gi!o_o!</span>:</strong> <em>lol</em></div><div class="chat chatmessage-blast"><strong style="color:hsl(10,65%,45%)"><small>☆</small><span class="username" data-name="Blast">Blast</span>:</strong> <em>GG</em></div><div class="chat chatmessage-brawlfest"><strong style="color:hsl(215,66%,49.7724632704%)"><small>☆</small><span class="username" data-name="brawlfest">brawlfest</span>:</strong> <em>T_T</em></div><div class="spacer battle-history"><br></div><div class="battle-history">brawlfest sent out <strong>Mesprit</strong>!<br></div><div class="battle-history"><small>Pointed stones dug into the opposing Mesprit!</small><br></div><div class="spacer battle-history"><br></div><h2 class="battle-history">Turn 23</h2><div class="chat chatmessage-thetankcat"><strong style="color:hsl(109,48%,42%)"><small> </small><span class="username" data-name="TheTankCat">TheTankCat</span>:</strong> <em>lol</em></div><div class="spacer battle-history"><br></div><div class="battle-history">Pawniard used <strong>Sucker Punch</strong>!<br></div><div class="battle-history"><small>But it failed!</small><br></div><div class="spacer battle-history"><br></div><div class="battle-history">The opposing Mesprit used <strong>Healing Wish</strong>!<br></div><div class="battle-history"><small>But it failed!</small><br></div><div class="spacer battle-history"><br></div><h2 class="battle-history">Turn 24</h2><div class="chat chatmessage-brawlfest"><strong style="color:hsl(215,66%,49.7724632704%)"><small>☆</small><span class="username" data-name="brawlfest">brawlfest</span>:</strong> <em>Read</em></div><div class="chat chatmessage-brawlfest"><strong style="color:hsl(215,66%,49.7724632704%)"><small>☆</small><span class="username" data-name="brawlfest">brawlfest</span>:</strong> <em>fucking read</em></div><div class="chat"><small>Queen Motorhead left.</small></div><div class="chat chatmessage-blast"><strong style="color:hsl(10,65%,45%)"><small>☆</small><span class="username" data-name="Blast">Blast</span>:</strong> <em>lol</em></div><div class="chat chatmessage-blast"><strong style="color:hsl(10,65%,45%)"><small>☆</small><span class="username" data-name="Blast">Blast</span>:</strong> <em>youre going out in style</em></div><div class="spacer battle-history"><br></div><div class="battle-history">The opposing Mesprit used <strong>Healing Wish</strong>!<br></div><div class="battle-history"><small>But it failed!</small><br></div><div class="spacer battle-history"><br></div><div class="battle-history">Pawniard used <strong>Knock Off</strong>!<br></div><div class="battle-history"><small>It's super effective!</small><br></div><div class="battle-history"><small>(The opposing Mesprit lost <abbr title="−227/301">75.4%</abbr> of its health!)</small><br></div><div class="battle-history"><small>Pawniard knocked off the opposing Mesprit's Choice Scarf!</small><br></div><div class="spacer battle-history"><br></div><div class="battle-history">The opposing Mesprit fainted!<br></div><div class="spacer battle-history"><br></div><div class="battle-history"><strong>Blast</strong> won the battle!<br></div><div class="chat chatmessage-brawlfest"><strong style="color:hsl(215,66%,49.7724632704%)"><small>☆</small><span class="username" data-name="brawlfest">brawlfest</span>:</strong> <em>ggs</em></div><div class="chat"><small>yo!gi!o_o! left.</small></div><div class="chat"><small>Disjunction!! left.</small></div><div class="chat chatmessage-blast"><strong style="color:hsl(10,65%,45%)"><small>☆</small><span class="username" data-name="Blast">Blast</span>:</strong> <em>mhm</em></div><div class="chat"><small>TheTankCat left.</small></div><div class="chat"><small>brawlfest left.</small></div><div class="chat"><small>Blast left.</small></div><div class="chat"><small>Blast joined.</small></div></div><div class="inner-preempt"></div></div></div>
</div>
<script>
let daily = Math.floor(Date.now()/1000/60/60/24);document.write('<script src="https://play.pokemonshowdown.com/js/replay-embed.js?version'+daily+'"></'+'script>');
</script>
