<!DOCTYPE html>
<meta charset="utf-8" />
<!-- version 1 -->
<title>NU replay: TriDuoSolo vs. ryuzaki_mrl</title>
<style>
html,body {font-family:Verdana, sans-serif;font-size:10pt;margin:0;padding:0;}body{padding:12px 0;} .battle-log {font-family:Verdana, sans-serif;font-size:10pt;} .battle-log-inline {border:1px solid #AAAAAA;background:#EEF2F5;color:black;max-width:640px;margin:0 auto 80px;padding-bottom:5px;} .battle-log .inner {padding:4px 8px 0px 8px;} .battle-log .inner-preempt {padding:0 8px 4px 8px;} .battle-log .inner-after {margin-top:0.5em;} .battle-log h2 {margin:0.5em -8px;padding:4px 8px;border:1px solid #AAAAAA;background:#E0E7EA;border-left:0;border-right:0;font-family:Verdana, sans-serif;font-size:13pt;} .battle-log .chat {vertical-align:middle;padding:3px 0 3px 0;font-size:8pt;} .battle-log .chat strong {color:#40576A;} .battle-log .chat em {padding:1px 4px 1px 3px;color:#000000;font-style:normal;} .chat.mine {background:rgba(0,0,0,0.05);margin-left:-8px;margin-right:-8px;padding-left:8px;padding-right:8px;} .spoiler {color:#BBBBBB;background:#BBBBBB;padding:0px 3px;} .spoiler:hover, .spoiler:active, .spoiler-shown {color:#000000;background:#E2E2E2;padding:0px 3px;} .spoiler a {color:#BBBBBB;} .spoiler:hover a, .spoiler:active a, .spoiler-shown a {color:#2288CC;} .chat code, .chat .spoiler:hover code, .chat .spoiler:active code, .chat .spoiler-shown code {border:1px solid #C0C0C0;background:#EEEEEE;color:black;padding:0 2px;} .chat .spoiler code {border:1px solid #CCCCCC;background:#CCCCCC;color:#CCCCCC;} .battle-log .rated {padding:3px 4px;} .battle-log .rated strong {color:white;background:#89A;padding:1px 4px;border-radius:4px;} .spacer {margin-top:0.5em;} .message-announce {background:#6688AA;color:white;padding:1px 4px 2px;} .message-announce a, .broadcast-green a, .broadcast-blue a, .broadcast-red a {color:#DDEEFF;} .broadcast-green {background-color:#559955;color:white;padding:2px 4px;} .broadcast-blue {background-color:#6688AA;color:white;padding:2px 4px;} .infobox {border:1px solid #6688AA;padding:2px 4px;} .infobox-limited {max-height:200px;overflow:auto;overflow-x:hidden;} .broadcast-red {background-color:#AA5544;color:white;padding:2px 4px;} .message-learn-canlearn {font-weight:bold;color:#228822;text-decoration:underline;} .message-learn-cannotlearn {font-weight:bold;color:#CC2222;text-decoration:underline;} .message-effect-weak {font-weight:bold;color:#CC2222;} .message-effect-resist {font-weight:bold;color:#6688AA;} .message-effect-immune {font-weight:bold;color:#666666;} .message-learn-list {margin-top:0;margin-bottom:0;} .message-throttle-notice, .message-error {color:#992222;} .message-overflow, .chat small.message-overflow {font-size:0pt;} .message-overflow::before {font-size:9pt;content:'...';} .subtle {color:#3A4A66;}
</style>
<div class="wrapper replay-wrapper" style="max-width:1180px;margin:0 auto">
<input type="hidden" name="replayid" value="nu-503341692" />
<div class="battle"></div><div class="battle-log"></div><div class="replay-controls"></div><div class="replay-controls-2"></div>
<h1 style="font-weight:normal;text-align:center"><strong>NU</strong><br /><a href="http://pokemonshowdown.com/users/triduosolo" class="subtle" target="_blank">TriDuoSolo</a> vs. <a href="http://pokemonshowdown.com/users/ryuzakimrl" class="subtle" target="_blank">ryuzaki_mrl</a></h1>
<script type="text/plain" class="battle-log-data">|j|TriDuoSolo
|j|ryuzaki_mrl
|player|p1|TriDuoSolo|222
|player|p2|ryuzaki_mrl|1
|gametype|singles
|gen|6
|tier|NU
|rated
|seed|35870,28506,64870,62255
|rule|Baton Pass Speed Clause: Limit one Baton Passer, can't pass Speed
|rule|Sleep Clause Mod: Limit one foe put to sleep
|rule|Species Clause: Limit one of each Pokémon
|rule|OHKO Clause: OHKO moves are banned
|rule|Moody Clause: Moody is banned
|rule|Evasion Moves Clause: Evasion moves are banned
|rule|Endless Battle Clause: Forcing endless battles is banned
|rule|HP Percentage Mod: HP is shown in percentages
|clearpoke
|poke|p1|Malamar, M|item
|poke|p1|Kecleon, M|item
|poke|p1|Aggron, M|item
|poke|p1|Vivillon, M|item
|poke|p1|Swellow, F|item
|poke|p1|Mismagius, F|item
|poke|p2|Ariados, F|item
|poke|p2|Ludicolo, M|item
|poke|p2|Piloswine, M|item
|poke|p2|Kangaskhan, F|item
|poke|p2|Xatu, M|item
|poke|p2|Weezing, M|item
|rule|Swagger Clause: Swagger is banned
|rule|Baton Pass Clause: Limit one Baton Passer, can't pass Spe and other stats simultaneously
|teampreview
|c|★TriDuoSolo|gl hf
|choice|team 3, team 2, team 1, team 4, team 5, team 6|team 1, team 2, team 3, team 4, team 5, team 6
|
|start
|switch|p1a: Swap|Aggron, M|295\/295
|switch|p2a: Miss Spider|Ariados, F|281\/281
|turn|1
|choice|move stealthrock|move stickyweb
|
|move|p2a: Miss Spider|Sticky Web|p1a: Swap
|-sidestart|p1: TriDuoSolo|move: Sticky Web
|move|p1a: Swap|Stealth Rock|p2a: Miss Spider
|-sidestart|p2: ryuzaki_mrl|move: Stealth Rock
|
|upkeep
|turn|2
|choice|move headsmash|move toxicspikes
|
|move|p2a: Miss Spider|Toxic Spikes|p1a: Swap
|-sidestart|p1: TriDuoSolo|move: Toxic Spikes
|move|p1a: Swap|Head Smash|p2a: Miss Spider
|-supereffective|p2a: Miss Spider
|-enditem|p2a: Miss Spider|Focus Sash
|-damage|p2a: Miss Spider|1\/281
|
|upkeep
|turn|3
|choice|move earthquake|move toxicspikes
|
|move|p2a: Miss Spider|Toxic Spikes|p1a: Swap
|-sidestart|p1: TriDuoSolo|move: Toxic Spikes
|move|p1a: Swap|Earthquake|p2a: Miss Spider
|-damage|p2a: Miss Spider|0 fnt
|faint|p2a: Miss Spider
|
|upkeep
|choice||switch 6
|
|switch|p2a: I'm high lol|Weezing, M|334\/334
|-damage|p2a: I'm high lol|293\/334|[from] Stealth Rock
|turn|4
|choice|move dragontail|move sludgewave
|
|move|p2a: I'm high lol|Sludge Wave|p1a: Swap
|-immune|p1a: Swap|[msg]
|move|p1a: Swap|Dragon Tail|p2a: I'm high lol
|-damage|p2a: I'm high lol|254\/334
|-damage|p1a: Swap|246\/295|[from] item: Rocky Helmet|[of] p2a: I'm high lol
|drag|p2a: Kangaskhan|Kangaskhan, F|413\/413
|-damage|p2a: Kangaskhan|362\/413|[from] Stealth Rock
|
|upkeep
|turn|5
|choice|move headsmash|move fakeout
|
|move|p2a: Kangaskhan|Fake Out|p1a: Swap
|-resisted|p1a: Swap
|-damage|p1a: Swap|238\/295
|-damage|p2a: Kangaskhan|294\/413|[from] item: Rocky Helmet|[of] p1a: Swap
|cant|p1a: Swap|flinch
|
|upkeep
|turn|6
|choice|move headsmash|move drainpunch
|
|move|p2a: Kangaskhan|Drain Punch|p1a: Swap
|-supereffective|p1a: Swap
|-damage|p1a: Swap|86\/295
|-heal|p2a: Kangaskhan|370\/413|[from] drain|[of] p1a: Swap
|-damage|p2a: Kangaskhan|302\/413|[from] item: Rocky Helmet|[of] p1a: Swap
|move|p1a: Swap|Head Smash|p2a: Kangaskhan
|-damage|p2a: Kangaskhan|8\/413
|
|upkeep
|turn|7
|choice|switch 6|move drainpunch
|
|switch|p1a: Red Mage|Mismagius, F|280\/280
|move|p2a: Kangaskhan|Drain Punch|p1a: Red Mage
|-damage|p1a: Red Mage|152\/280
|-heal|p2a: Kangaskhan|72\/413|[from] drain|[of] p1a: Red Mage
|
|-heal|p1a: Red Mage|169\/280|[from] item: Leftovers
|upkeep
|turn|8
|choice|move nastyplot|move suckerpunch
|
|move|p2a: Kangaskhan|Sucker Punch|p1a: Red Mage|[still]
|-fail|p2a: Kangaskhan
|move|p1a: Red Mage|Nasty Plot|p1a: Red Mage
|-boost|p1a: Red Mage|spa|2
|
|-heal|p1a: Red Mage|186\/280|[from] item: Leftovers
|upkeep
|turn|9
|choice|move energyball|move suckerpunch
|
|move|p2a: Kangaskhan|Sucker Punch|p1a: Red Mage
|-supereffective|p1a: Red Mage
|-damage|p1a: Red Mage|0 fnt
|faint|p1a: Red Mage
|
|upkeep
|choice|switch 2|
|
|switch|p1a: Quick|Kecleon, M|324\/324
|-activate|p1a: Quick|move: Sticky Web
|-unboost|p1a: Quick|spe|1
|-status|p1a: Quick|tox
|turn|10
|choice|move fakeout|move drainpunch
|
|move|p1a: Quick|Fake Out|p2a: Kangaskhan
|-damage|p2a: Kangaskhan|0 fnt
|-damage|p1a: Quick|292\/324 tox|[from] item: Life Orb
|faint|p2a: Kangaskhan
|
|-damage|p1a: Quick|272\/324 tox|[from] psn
|upkeep
|choice||switch 5
|
|switch|p2a: Xatu|Xatu, M|334\/334
|-damage|p2a: Xatu|251\/334|[from] Stealth Rock
|turn|11
|choice|move shadowsneak|move calmmind
|
|move|p1a: Quick|Shadow Sneak|p2a: Xatu
|-start|p1a: Quick|typechange|Ghost|[from] Protean
|-supereffective|p2a: Xatu
|-damage|p2a: Xatu|111\/334
|-enditem|p2a: Xatu|Kee Berry|[eat]
|-boost|p2a: Xatu|def|1
|-damage|p1a: Quick|240\/324 tox|[from] item: Life Orb
|move|p2a: Xatu|Calm Mind|p2a: Xatu
|-boost|p2a: Xatu|spa|1
|-boost|p2a: Xatu|spd|1
|
|-damage|p1a: Quick|200\/324 tox|[from] psn
|upkeep
|turn|12
|choice|move shadowsneak|move roost
|
|move|p1a: Quick|Shadow Sneak|p2a: Xatu
|-supereffective|p2a: Xatu
|-damage|p2a: Xatu|15\/334
|-damage|p1a: Quick|168\/324 tox|[from] item: Life Orb
|move|p2a: Xatu|Roost|p2a: Xatu
|-heal|p2a: Xatu|182\/334
|
|-damage|p1a: Quick|108\/324 tox|[from] psn
|upkeep
|turn|13
|choice|move irontail|move roost
|
|move|p2a: Xatu|Roost|p2a: Xatu
|-heal|p2a: Xatu|334\/334
|move|p1a: Quick|Iron Tail|p2a: Xatu
|-start|p1a: Quick|typechange|Steel|[from] Protean
|-damage|p2a: Xatu|221\/334
|-damage|p1a: Quick|76\/324 tox|[from] item: Life Orb
|
|-damage|p1a: Quick|0 fnt|[from] psn
|upkeep
|faint|p1a: Quick
|choice|switch 6|
|
|switch|p1a: Swap|Aggron, M|86\/295
|-activate|p1a: Swap|move: Sticky Web
|-unboost|p1a: Swap|spe|1
|turn|14
|choice|move headsmash|move roost
|
|move|p2a: Xatu|Roost|p2a: Xatu
|-heal|p2a: Xatu|334\/334
|move|p1a: Swap|Head Smash|p2a: Xatu
|-damage|p2a: Xatu|195\/334
|
|upkeep
|turn|15
|choice|move dragontail|switch 4
|
|switch|p2a: I'm high lol|Weezing, M|254\/334
|-damage|p2a: I'm high lol|213\/334|[from] Stealth Rock
|move|p1a: Swap|Dragon Tail|p2a: I'm high lol
|-damage|p2a: I'm high lol|177\/334
|-damage|p1a: Swap|37\/295|[from] item: Rocky Helmet|[of] p2a: I'm high lol
|drag|p2a: Piloswine|Piloswine, M|403\/403
|-damage|p2a: Piloswine|353\/403|[from] Stealth Rock
|
|upkeep
|turn|16
|choice|move earthquake|move iceshard
|
|move|p2a: Piloswine|Ice Shard|p1a: Swap
|-resisted|p1a: Swap
|-damage|p1a: Swap|22\/295
|move|p1a: Swap|Earthquake|p2a: Piloswine
|-damage|p2a: Piloswine|270\/403
|
|upkeep
|turn|17
|choice|move headsmash|move earthquake
|
|move|p2a: Piloswine|Earthquake|p1a: Swap
|-supereffective|p1a: Swap
|-damage|p1a: Swap|0 fnt
|faint|p1a: Swap
|
|upkeep
|choice|switch 3|
|
|switch|p1a: Cement|Malamar, M|376\/376
|-status|p1a: Cement|tox
|-activate|p1a: Cement|move: Sticky Web
|-boost|p1a: Cement|spe|1
|turn|18
|choice|move superpower|switch 3
|
|switch|p2a: I'm high lol|Weezing, M|177\/334
|-damage|p2a: I'm high lol|136\/334|[from] Stealth Rock
|move|p1a: Cement|Superpower|p2a: I'm high lol
|-resisted|p2a: I'm high lol
|-damage|p2a: I'm high lol|107\/334
|-damage|p1a: Cement|314\/376 tox|[from] item: Rocky Helmet|[of] p2a: I'm high lol
|-boost|p1a: Cement|atk|1
|-boost|p1a: Cement|def|1
|
|-heal|p1a: Cement|337\/376 tox|[from] item: Leftovers
|-damage|p1a: Cement|314\/376 tox|[from] psn
|upkeep
|turn|19
|choice|move psychocut|move painsplit
|
|move|p1a: Cement|Psycho Cut|p2a: I'm high lol
|-supereffective|p2a: I'm high lol
|-damage|p2a: I'm high lol|0 fnt
|faint|p2a: I'm high lol
|
|-heal|p1a: Cement|337\/376 tox|[from] item: Leftovers
|-damage|p1a: Cement|291\/376 tox|[from] psn
|upkeep
|choice||switch 3
|
|switch|p2a: Piloswine|Piloswine, M|270\/403
|-damage|p2a: Piloswine|220\/403|[from] Stealth Rock
|turn|20
|choice|move superpower|move protect
|
|move|p2a: Piloswine|Protect|p2a: Piloswine
|-singleturn|p2a: Piloswine|Protect
|move|p1a: Cement|Superpower|p2a: Piloswine
|-activate|p2a: Piloswine|move: Protect
|
|-heal|p1a: Cement|314\/376 tox|[from] item: Leftovers
|-damage|p1a: Cement|245\/376 tox|[from] psn
|upkeep
|turn|21
|choice|move superpower|switch 4
|
|switch|p2a: Xatu|Xatu, M|195\/334
|-damage|p2a: Xatu|112\/334|[from] Stealth Rock
|move|p1a: Cement|Superpower|p2a: Xatu
|-resisted|p2a: Xatu
|-damage|p2a: Xatu|84\/334
|-boost|p1a: Cement|atk|1
|-boost|p1a: Cement|def|1
|
|-heal|p1a: Cement|268\/376 tox|[from] item: Leftovers
|-damage|p1a: Cement|176\/376 tox|[from] psn
|upkeep
|turn|22
|choice|move knockoff|move roost
|
|move|p1a: Cement|Knock Off|p2a: Xatu
|-supereffective|p2a: Xatu
|-damage|p2a: Xatu|0 fnt
|faint|p2a: Xatu
|
|-heal|p1a: Cement|199\/376 tox|[from] item: Leftovers
|-damage|p1a: Cement|84\/376 tox|[from] psn
|upkeep
|choice||switch 4
|
|switch|p2a: Piloswine|Piloswine, M|220\/403
|-damage|p2a: Piloswine|170\/403|[from] Stealth Rock
|turn|23
|choice|switch 4|move protect
|
|switch|p1a: Crush|Vivillon, M|302\/302
|move|p2a: Piloswine|Protect|p2a: Piloswine
|-fail|p2a: Piloswine
|
|upkeep
|turn|24
|choice|move sleeppowder|move iciclecrash
|
|move|p1a: Crush|Sleep Powder|p2a: Piloswine
|-status|p2a: Piloswine|slp
|cant|p2a: Piloswine|slp
|
|upkeep
|turn|25
|choice|move quiverdance|move iciclecrash
|
|move|p1a: Crush|Quiver Dance|p1a: Crush
|-boost|p1a: Crush|spa|1
|-boost|p1a: Crush|spd|1
|-boost|p1a: Crush|spe|1
|-curestatus|p2a: Piloswine|slp|[msg]
|move|p2a: Piloswine|Icicle Crash|p1a: Crush
|-supereffective|p1a: Crush
|-enditem|p1a: Crush|Focus Sash
|-damage|p1a: Crush|1\/302
|
|upkeep
|turn|26
|choice|move hurricane|move iceshard
|
|move|p2a: Piloswine|Ice Shard|p1a: Crush
|-supereffective|p1a: Crush
|-damage|p1a: Crush|0 fnt
|faint|p1a: Crush
|
|upkeep
|choice|switch 5|
|
|switch|p1a: Masochist|Swellow, F|262\/262
|turn|27
|choice|move quickattack|move iceshard
|
|move|p1a: Masochist|Quick Attack|p2a: Piloswine
|-damage|p2a: Piloswine|130\/403
|move|p2a: Piloswine|Ice Shard|p1a: Masochist
|-supereffective|p1a: Masochist
|-damage|p1a: Masochist|80\/262
|
|-status|p1a: Masochist|brn|[from] item: Flame Orb
|upkeep
|turn|28
|choice|move quickattack|move iceshard
|
|move|p1a: Masochist|Quick Attack|p2a: Piloswine
|-damage|p2a: Piloswine|58\/403
|move|p2a: Piloswine|Ice Shard|p1a: Masochist
|-supereffective|p1a: Masochist
|-damage|p1a: Masochist|0 fnt
|faint|p1a: Masochist
|
|upkeep
|choice|switch 4|
|
|switch|p1a: Cement|Malamar, M|84\/376 tox
|-activate|p1a: Cement|move: Sticky Web
|-boost|p1a: Cement|spe|1
|turn|29
|choice|move superpower|move iceshard
|
|move|p2a: Piloswine|Ice Shard|p1a: Cement
|-damage|p1a: Cement|6\/376 tox
|move|p1a: Cement|Superpower|p2a: Piloswine
|-supereffective|p2a: Piloswine
|-damage|p2a: Piloswine|0 fnt
|-boost|p1a: Cement|atk|1
|-boost|p1a: Cement|def|1
|faint|p2a: Piloswine
|
|-heal|p1a: Cement|29\/376 tox|[from] item: Leftovers
|-damage|p1a: Cement|6\/376 tox|[from] psn
|upkeep
|choice||switch 2
|
|switch|p2a: Ludicolo|Ludicolo, M|364\/364
|-damage|p2a: Ludicolo|319\/364|[from] Stealth Rock
|turn|30
|c|★TriDuoSolo|Oh my god
|choice|move knockoff|move protect
|
|move|p2a: Ludicolo|Protect|p2a: Ludicolo
|-singleturn|p2a: Ludicolo|Protect
|move|p1a: Cement|Knock Off|p2a: Ludicolo
|-activate|p2a: Ludicolo|move: Protect
|
|-heal|p1a: Cement|29\/376 tox|[from] item: Leftovers
|-heal|p2a: Ludicolo|341\/364|[from] item: Leftovers
|-damage|p1a: Cement|0 fnt|[from] psn
|upkeep
|faint|p1a: Cement
|
|win|ryuzaki_mrl
|player|p1
|player|p2
|c|★TriDuoSolo|aw dammit
|c|★TriDuoSolo|gg
|c|★ryuzaki_mrl|gg
|l|TriDuoSolo</script>
</div>
<div class="battle-log battle-log-inline"><div class="inner"><div class="battle-options"></div><div class="inner"><div class="chat"><small>TriDuoSolo joined.</small></div><div class="chat"><small>ryuzaki_mrl joined.</small></div><div class=""><small>Format:</small> <br><strong>NU</strong></div><div class="rated"><strong>Rated battle</strong></div><div class=""><small><em>Baton Pass Speed Clause:</em> Limit one Baton Passer, can't pass Speed</small></div><div class=""><small><em>Sleep Clause Mod:</em> Limit one foe put to sleep</small></div><div class=""><small><em>Species Clause:</em> Limit one of each Pokémon</small></div><div class=""><small><em>OHKO Clause:</em> OHKO moves are banned</small></div><div class=""><small><em>Moody Clause:</em> Moody is banned</small></div><div class=""><small><em>Evasion Moves Clause:</em> Evasion moves are banned</small></div><div class=""><small><em>Endless Battle Clause:</em> Forcing endless battles is banned</small></div><div class=""><small><em>HP Percentage Mod:</em> HP is shown in percentages</small></div><div class=""><small><em>Swagger Clause:</em> Swagger is banned</small></div><div class=""><small><em>Baton Pass Clause:</em> Limit one Baton Passer, can't pass Spe and other stats simultaneously</small></div><div class="chat battle-history"><strong>TriDuoSolo's team:</strong> <em style="color:#445566;display:block;">Malamar / Kecleon / Aggron / Vivillon / Swellow / Mismagius</em></div><div class="chat battle-history"><strong>ryuzaki_mrl's team:</strong> <em style="color:#445566;display:block;">Ariados / Ludicolo / Piloswine / Kangaskhan / Xatu / Weezing</em></div><div class="chat chatmessage-triduosolo"><strong style="color:hsl(51,82%,36.9191994097943%)"><small>★</small><span class="username" data-name="TriDuoSolo">TriDuoSolo</span>:</strong> <em>gl hf</em></div><div class="spacer battle-history"><br></div><div class="battle-history">Battle started between TriDuoSolo and ryuzaki_mrl!<br></div><div class="spacer battle-history"><br></div><div class="battle-history">Go! Swap (<strong>Aggron</strong>)!<br></div><div class="spacer battle-history"><br></div><div class="battle-history">ryuzaki_mrl sent out Miss Spider (<strong>Ariados</strong>)!<br></div><div class="spacer battle-history"><br></div><h2 class="battle-history">Turn 1</h2><div class="spacer battle-history"><br></div><div class="battle-history">The opposing Miss Spider used <strong>Sticky Web</strong>!<br></div><div class="battle-history"><small>A sticky web spreads out on the ground around your team!</small><br></div><div class="spacer battle-history"><br></div><div class="battle-history">Swap used <strong>Stealth Rock</strong>!<br></div><div class="battle-history"><small>Pointed stones float in the air around the opposing team!</small><br></div><div class="spacer battle-history"><br></div><h2 class="battle-history">Turn 2</h2><div class="spacer battle-history"><br></div><div class="battle-history">The opposing Miss Spider used <strong>Toxic Spikes</strong>!<br></div><div class="battle-history"><small>Poison spikes were scattered on the ground all around your team!</small><br></div><div class="spacer battle-history"><br></div><div class="battle-history">Swap used <strong>Head Smash</strong>!<br></div><div class="battle-history"><small>It's super effective!</small><br></div><div class="battle-history"><small>The opposing Miss Spider hung on using its Focus Sash!</small><br></div><div class="battle-history"><small>(The opposing Miss Spider lost <abbr title="−280/281">99.6%</abbr> of its health!)</small><br></div><div class="spacer battle-history"><br></div><h2 class="battle-history">Turn 3</h2><div class="spacer battle-history"><br></div><div class="battle-history">The opposing Miss Spider used <strong>Toxic Spikes</strong>!<br></div><div class="battle-history"><small>Poison spikes were scattered on the ground all around your team!</small><br></div><div class="spacer battle-history"><br></div><div class="battle-history">Swap used <strong>Earthquake</strong>!<br></div><div class="battle-history"><small>(The opposing Miss Spider lost <abbr title="−1/281">0.4%</abbr> of its health!)</small><br></div><div class="spacer battle-history"><br></div><div class="battle-history">The opposing Miss Spider fainted!<br></div><div class="spacer battle-history"><br></div><div class="battle-history">ryuzaki_mrl sent out I'm high lol (<strong>Weezing</strong>)!<br></div><div class="battle-history"><small>Pointed stones dug into the opposing I'm high lol!</small><br></div><div class="spacer battle-history"><br></div><h2 class="battle-history">Turn 4</h2><div class="spacer battle-history"><br></div><div class="battle-history">The opposing I'm high lol used <strong>Sludge Wave</strong>!<br></div><div class="battle-history"><small>It doesn't affect Swap...</small><br></div><div class="spacer battle-history"><br></div><div class="battle-history">Swap used <strong>Dragon Tail</strong>!<br></div><div class="battle-history"><small>(The opposing I'm high lol lost <abbr title="−39/334">11.7%</abbr> of its health!)</small><br></div><div class="battle-history"><small>Swap was hurt by the Rocky Helmet!</small><br></div><div class="spacer battle-history"><br></div><div class="battle-history"><strong>Kangaskhan</strong> was dragged out!<br></div><div class="battle-history"><small>Pointed stones dug into the opposing Kangaskhan!</small><br></div><div class="spacer battle-history"><br></div><h2 class="battle-history">Turn 5</h2><div class="spacer battle-history"><br></div><div class="battle-history">The opposing Kangaskhan used <strong>Fake Out</strong>!<br></div><div class="battle-history"><small>It's not very effective...</small><br></div><div class="battle-history"><small>(Swap lost <abbr title="−8/295">2.7%</abbr> of its health!)</small><br></div><div class="battle-history"><small>The opposing Kangaskhan was hurt by the Rocky Helmet!</small><br></div><div class="spacer battle-history"><br></div><div class="battle-history">Swap flinched and couldn't move!<br></div><div class="spacer battle-history"><br></div><h2 class="battle-history">Turn 6</h2><div class="spacer battle-history"><br></div><div class="battle-history">The opposing Kangaskhan used <strong>Drain Punch</strong>!<br></div><div class="battle-history"><small>It's super effective!</small><br></div><div class="battle-history"><small>(Swap lost <abbr title="−152/295">51.5%</abbr> of its health!)</small><br></div><div class="battle-history"><small>Swap had its energy drained!</small><br></div><div class="battle-history"><small>The opposing Kangaskhan was hurt by the Rocky Helmet!</small><br></div><div class="spacer battle-history"><br></div><div class="battle-history">Swap used <strong>Head Smash</strong>!<br></div><div class="battle-history"><small>(The opposing Kangaskhan lost <abbr title="−294/413">71.2%</abbr> of its health!)</small><br></div><div class="spacer battle-history"><br></div><h2 class="battle-history">Turn 7</h2><div class="spacer battle-history"><br></div><div class="battle-history">Swap, come back!<br></div><div class="battle-history">Go! Red Mage (<strong>Mismagius</strong>)!<br></div><div class="spacer battle-history"><br></div><div class="battle-history">The opposing Kangaskhan used <strong>Drain Punch</strong>!<br></div><div class="battle-history"><small>(Red Mage lost <abbr title="−128/280">45.7%</abbr> of its health!)</small><br></div><div class="battle-history"><small>Red Mage had its energy drained!</small><br></div><div class="spacer battle-history"><br></div><div class="battle-history"><small>Red Mage restored a little HP using its Leftovers!</small><br></div><div class="spacer battle-history"><br></div><h2 class="battle-history">Turn 8</h2><div class="spacer battle-history"><br></div><div class="battle-history">The opposing Kangaskhan used <strong>Sucker Punch</strong>!<br></div><div class="battle-history"><small>But it failed!</small><br></div><div class="spacer battle-history"><br></div><div class="battle-history">Red Mage used <strong>Nasty Plot</strong>!<br></div><div class="battle-history"><small>Red Mage's Special Attack rose sharply!</small><br></div><div class="spacer battle-history"><br></div><div class="battle-history"><small>Red Mage restored a little HP using its Leftovers!</small><br></div><div class="spacer battle-history"><br></div><h2 class="battle-history">Turn 9</h2><div class="spacer battle-history"><br></div><div class="battle-history">The opposing Kangaskhan used <strong>Sucker Punch</strong>!<br></div><div class="battle-history"><small>It's super effective!</small><br></div><div class="battle-history"><small>(Red Mage lost <abbr title="−186/280">66.4%</abbr> of its health!)</small><br></div><div class="spacer battle-history"><br></div><div class="battle-history">Red Mage fainted!<br></div><div class="spacer battle-history"><br></div><div class="battle-history">Go! Quick (<strong>Kecleon</strong>)!<br></div><div class="battle-history"><small>Quick was caught in a sticky web!</small><br></div><div class="battle-history"><small>Quick's Speed fell!</small><br></div><div class="battle-history"><small>Quick was badly poisoned!</small><br></div><div class="spacer battle-history"><br></div><h2 class="battle-history">Turn 10</h2><div class="spacer battle-history"><br></div><div class="battle-history">Quick used <strong>Fake Out</strong>!<br></div><div class="battle-history"><small>(The opposing Kangaskhan lost <abbr title="−72/413">17.4%</abbr> of its health!)</small><br></div><div class="battle-history"><small>Quick lost some of its HP!</small><br></div><div class="spacer battle-history"><br></div><div class="battle-history">The opposing Kangaskhan fainted!<br></div><div class="spacer battle-history"><br></div><div class="battle-history"><small>Quick was hurt by poison!</small><br></div><div class="spacer battle-history"><br></div><div class="battle-history">ryuzaki_mrl sent out <strong>Xatu</strong>!<br></div><div class="battle-history"><small>Pointed stones dug into the opposing Xatu!</small><br></div><div class="spacer battle-history"><br></div><h2 class="battle-history">Turn 11</h2><div class="spacer battle-history"><br></div><div class="battle-history">Quick used <strong>Shadow Sneak</strong>!<br></div><div class="spacer battle-history"><br></div><div class="battle-history"><small>[Quick's Protean]</small><br><small>Quick transformed into the Ghost type!</small><br></div><div class="battle-history"><small>It's super effective!</small><br></div><div class="battle-history"><small>(The opposing Xatu lost <abbr title="−140/334">41.9%</abbr> of its health!)</small><br></div><div class="battle-history"><small>The opposing Xatu ate its Kee Berry!</small><br></div><div class="battle-history"><small>The opposing Xatu's Defense rose!</small><br></div><div class="battle-history"><small>Quick lost some of its HP!</small><br></div><div class="spacer battle-history"><br></div><div class="battle-history">The opposing Xatu used <strong>Calm Mind</strong>!<br></div><div class="battle-history"><small>The opposing Xatu's Special Attack rose!</small><br></div><div class="battle-history"><small>The opposing Xatu's Special Defense rose!</small><br></div><div class="spacer battle-history"><br></div><div class="battle-history"><small>Quick was hurt by poison!</small><br></div><div class="spacer battle-history"><br></div><h2 class="battle-history">Turn 12</h2><div class="spacer battle-history"><br></div><div class="battle-history">Quick used <strong>Shadow Sneak</strong>!<br></div><div class="battle-history"><small>It's super effective!</small><br></div><div class="battle-history"><small>(The opposing Xatu lost <abbr title="−96/334">28.7%</abbr> of its health!)</small><br></div><div class="battle-history"><small>Quick lost some of its HP!</small><br></div><div class="spacer battle-history"><br></div><div class="battle-history">The opposing Xatu used <strong>Roost</strong>!<br></div><div class="battle-history"><small>The opposing Xatu restored its HP.</small><br></div><div class="spacer battle-history"><br></div><div class="battle-history"><small>Quick was hurt by poison!</small><br></div><div class="spacer battle-history"><br></div><h2 class="battle-history">Turn 13</h2><div class="spacer battle-history"><br></div><div class="battle-history">The opposing Xatu used <strong>Roost</strong>!<br></div><div class="battle-history"><small>The opposing Xatu restored its HP.</small><br></div><div class="spacer battle-history"><br></div><div class="battle-history">Quick used <strong>Iron Tail</strong>!<br></div><div class="spacer battle-history"><br></div><div class="battle-history"><small>[Quick's Protean]</small><br><small>Quick transformed into the Steel type!</small><br></div><div class="battle-history"><small>(The opposing Xatu lost <abbr title="−113/334">33.8%</abbr> of its health!)</small><br></div><div class="battle-history"><small>Quick lost some of its HP!</small><br></div><div class="spacer battle-history"><br></div><div class="battle-history"><small>Quick was hurt by poison!</small><br></div><div class="spacer battle-history"><br></div><div class="battle-history">Quick fainted!<br></div><div class="spacer battle-history"><br></div><div class="battle-history">Go! Swap (<strong>Aggron</strong>)!<br></div><div class="battle-history"><small>Swap was caught in a sticky web!</small><br></div><div class="battle-history"><small>Swap's Speed fell!</small><br></div><div class="spacer battle-history"><br></div><h2 class="battle-history">Turn 14</h2><div class="spacer battle-history"><br></div><div class="battle-history">The opposing Xatu used <strong>Roost</strong>!<br></div><div class="battle-history"><small>The opposing Xatu restored its HP.</small><br></div><div class="spacer battle-history"><br></div><div class="battle-history">Swap used <strong>Head Smash</strong>!<br></div><div class="battle-history"><small>(The opposing Xatu lost <abbr title="−139/334">41.6%</abbr> of its health!)</small><br></div><div class="spacer battle-history"><br></div><h2 class="battle-history">Turn 15</h2><div class="spacer battle-history"><br></div><div class="battle-history">ryuzaki_mrl withdrew Xatu!<br></div><div class="battle-history">ryuzaki_mrl sent out I'm high lol (<strong>Weezing</strong>)!<br></div><div class="battle-history"><small>Pointed stones dug into the opposing I'm high lol!</small><br></div><div class="spacer battle-history"><br></div><div class="battle-history">Swap used <strong>Dragon Tail</strong>!<br></div><div class="battle-history"><small>(The opposing I'm high lol lost <abbr title="−36/334">10.8%</abbr> of its health!)</small><br></div><div class="battle-history"><small>Swap was hurt by the Rocky Helmet!</small><br></div><div class="spacer battle-history"><br></div><div class="battle-history"><strong>Piloswine</strong> was dragged out!<br></div><div class="battle-history"><small>Pointed stones dug into the opposing Piloswine!</small><br></div><div class="spacer battle-history"><br></div><h2 class="battle-history">Turn 16</h2><div class="spacer battle-history"><br></div><div class="battle-history">The opposing Piloswine used <strong>Ice Shard</strong>!<br></div><div class="battle-history"><small>It's not very effective...</small><br></div><div class="battle-history"><small>(Swap lost <abbr title="−15/295">5.1%</abbr> of its health!)</small><br></div><div class="spacer battle-history"><br></div><div class="battle-history">Swap used <strong>Earthquake</strong>!<br></div><div class="battle-history"><small>(The opposing Piloswine lost <abbr title="−83/403">20.6%</abbr> of its health!)</small><br></div><div class="spacer battle-history"><br></div><h2 class="battle-history">Turn 17</h2><div class="spacer battle-history"><br></div><div class="battle-history">The opposing Piloswine used <strong>Earthquake</strong>!<br></div><div class="battle-history"><small>It's super effective!</small><br></div><div class="battle-history"><small>(Swap lost <abbr title="−22/295">7.5%</abbr> of its health!)</small><br></div><div class="spacer battle-history"><br></div><div class="battle-history">Swap fainted!<br></div><div class="spacer battle-history"><br></div><div class="battle-history">Go! Cement (<strong>Malamar</strong>)!<br></div><div class="battle-history"><small>Cement was badly poisoned!</small><br></div><div class="battle-history"><small>Cement was caught in a sticky web!</small><br></div><div class="battle-history"><small>Cement's Speed rose!</small><br></div><div class="spacer battle-history"><br></div><h2 class="battle-history">Turn 18</h2><div class="spacer battle-history"><br></div><div class="battle-history">ryuzaki_mrl withdrew Piloswine!<br></div><div class="battle-history">ryuzaki_mrl sent out I'm high lol (<strong>Weezing</strong>)!<br></div><div class="battle-history"><small>Pointed stones dug into the opposing I'm high lol!</small><br></div><div class="spacer battle-history"><br></div><div class="battle-history">Cement used <strong>Superpower</strong>!<br></div><div class="battle-history"><small>It's not very effective...</small><br></div><div class="battle-history"><small>(The opposing I'm high lol lost <abbr title="−29/334">8.7%</abbr> of its health!)</small><br></div><div class="battle-history"><small>Cement was hurt by the Rocky Helmet!</small><br></div><div class="battle-history"><small>Cement's Attack rose!</small><br></div><div class="battle-history"><small>Cement's Defense rose!</small><br></div><div class="spacer battle-history"><br></div><div class="battle-history"><small>Cement restored a little HP using its Leftovers!</small><br></div><div class="battle-history"><small>Cement was hurt by poison!</small><br></div><div class="spacer battle-history"><br></div><h2 class="battle-history">Turn 19</h2><div class="spacer battle-history"><br></div><div class="battle-history">Cement used <strong>Psycho Cut</strong>!<br></div><div class="battle-history"><small>It's super effective!</small><br></div><div class="battle-history"><small>(The opposing I'm high lol lost <abbr title="−107/334">32.0%</abbr> of its health!)</small><br></div><div class="spacer battle-history"><br></div><div class="battle-history">The opposing I'm high lol fainted!<br></div><div class="spacer battle-history"><br></div><div class="battle-history"><small>Cement restored a little HP using its Leftovers!</small><br></div><div class="battle-history"><small>Cement was hurt by poison!</small><br></div><div class="spacer battle-history"><br></div><div class="battle-history">ryuzaki_mrl sent out <strong>Piloswine</strong>!<br></div><div class="battle-history"><small>Pointed stones dug into the opposing Piloswine!</small><br></div><div class="spacer battle-history"><br></div><h2 class="battle-history">Turn 20</h2><div class="spacer battle-history"><br></div><div class="battle-history">The opposing Piloswine used <strong>Protect</strong>!<br></div><div class="battle-history"><small>The opposing Piloswine protected itself!</small><br></div><div class="spacer battle-history"><br></div><div class="battle-history">Cement used <strong>Superpower</strong>!<br></div><div class="battle-history"><small>The opposing Piloswine protected itself!</small><br></div><div class="spacer battle-history"><br></div><div class="battle-history"><small>Cement restored a little HP using its Leftovers!</small><br></div><div class="battle-history"><small>Cement was hurt by poison!</small><br></div><div class="spacer battle-history"><br></div><h2 class="battle-history">Turn 21</h2><div class="spacer battle-history"><br></div><div class="battle-history">ryuzaki_mrl withdrew Piloswine!<br></div><div class="battle-history">ryuzaki_mrl sent out <strong>Xatu</strong>!<br></div><div class="battle-history"><small>Pointed stones dug into the opposing Xatu!</small><br></div><div class="spacer battle-history"><br></div><div class="battle-history">Cement used <strong>Superpower</strong>!<br></div><div class="battle-history"><small>It's not very effective...</small><br></div><div class="battle-history"><small>(The opposing Xatu lost <abbr title="−28/334">8.4%</abbr> of its health!)</small><br></div><div class="battle-history"><small>Cement's Attack rose!</small><br></div><div class="battle-history"><small>Cement's Defense rose!</small><br></div><div class="spacer battle-history"><br></div><div class="battle-history"><small>Cement restored a little HP using its Leftovers!</small><br></div><div class="battle-history"><small>Cement was hurt by poison!</small><br></div><div class="spacer battle-history"><br></div><h2 class="battle-history">Turn 22</h2><div class="spacer battle-history"><br></div><div class="battle-history">Cement used <strong>Knock Off</strong>!<br></div><div class="battle-history"><small>It's super effective!</small><br></div><div class="battle-history"><small>(The opposing Xatu lost <abbr title="−84/334">25.1%</abbr> of its health!)</small><br></div><div class="spacer battle-history"><br></div><div class="battle-history">The opposing Xatu fainted!<br></div><div class="spacer battle-history"><br></div><div class="battle-history"><small>Cement restored a little HP using its Leftovers!</small><br></div><div class="battle-history"><small>Cement was hurt by poison!</small><br></div><div class="spacer battle-history"><br></div><div class="battle-history">ryuzaki_mrl sent out <strong>Piloswine</strong>!<br></div><div class="battle-history"><small>Pointed stones dug into the opposing Piloswine!</small><br></div><div class="spacer battle-history"><br></div><h2 class="battle-history">Turn 23</h2><div class="spacer battle-history"><br></div><div class="battle-history">Cement, come back!<br></div><div class="battle-history">Go! Crush (<strong>Vivillon</strong>)!<br></div><div class="spacer battle-history"><br></div><div class="battle-history">The opposing Piloswine used <strong>Protect</strong>!<br></div><div class="battle-history"><small>But it failed!</small><br></div><div class="spacer battle-history"><br></div><h2 class="battle-history">Turn 24</h2><div class="spacer battle-history"><br></div><div class="battle-history">Crush used <strong>Sleep Powder</strong>!<br></div><div class="battle-history"><small>The opposing Piloswine fell asleep!</small><br></div><div class="spacer battle-history"><br></div><div class="battle-history">The opposing Piloswine is fast asleep.<br></div><div class="spacer battle-history"><br></div><h2 class="battle-history">Turn 25</h2><div class="spacer battle-history"><br></div><div class="battle-history">Crush used <strong>Quiver Dance</strong>!<br></div><div class="battle-history"><small>Crush's Special Attack rose!</small><br></div><div class="battle-history"><small>Crush's Special Defense rose!</small><br></div><div class="battle-history"><small>Crush's Speed rose!</small><br></div><div class="battle-history"><small>The opposing Piloswine woke up!</small><br></div><div class="spacer battle-history"><br></div><div class="battle-history">The opposing Piloswine used <strong>Icicle Crash</strong>!<br></div><div class="battle-history"><small>It's super effective!</small><br></div><div class="battle-history"><small>Crush hung on using its Focus Sash!</small><br></div><div class="battle-history"><small>(Crush lost <abbr title="−301/302">99.7%</abbr> of its health!)</small><br></div><div class="spacer battle-history"><br></div><h2 class="battle-history">Turn 26</h2><div class="spacer battle-history"><br></div><div class="battle-history">The opposing Piloswine used <strong>Ice Shard</strong>!<br></div><div class="battle-history"><small>It's super effective!</small><br></div><div class="battle-history"><small>(Crush lost <abbr title="−1/302">0.3%</abbr> of its health!)</small><br></div><div class="spacer battle-history"><br></div><div class="battle-history">Crush fainted!<br></div><div class="spacer battle-history"><br></div><div class="battle-history">Go! Masochist (<strong>Swellow</strong>)!<br></div><div class="spacer battle-history"><br></div><h2 class="battle-history">Turn 27</h2><div class="spacer battle-history"><br></div><div class="battle-history">Masochist used <strong>Quick Attack</strong>!<br></div><div class="battle-history"><small>(The opposing Piloswine lost <abbr title="−40/403">9.9%</abbr> of its health!)</small><br></div><div class="spacer battle-history"><br></div><div class="battle-history">The opposing Piloswine used <strong>Ice Shard</strong>!<br></div><div class="battle-history"><small>It's super effective!</small><br></div><div class="battle-history"><small>(Masochist lost <abbr title="−182/262">69.5%</abbr> of its health!)</small><br></div><div class="spacer battle-history"><br></div><div class="battle-history"><small>Masochist was burned!</small><br></div><div class="spacer battle-history"><br></div><h2 class="battle-history">Turn 28</h2><div class="spacer battle-history"><br></div><div class="battle-history">Masochist used <strong>Quick Attack</strong>!<br></div><div class="battle-history"><small>(The opposing Piloswine lost <abbr title="−72/403">17.9%</abbr> of its health!)</small><br></div><div class="spacer battle-history"><br></div><div class="battle-history">The opposing Piloswine used <strong>Ice Shard</strong>!<br></div><div class="battle-history"><small>It's super effective!</small><br></div><div class="battle-history"><small>(Masochist lost <abbr title="−80/262">30.5%</abbr> of its health!)</small><br></div><div class="spacer battle-history"><br></div><div class="battle-history">Masochist fainted!<br></div><div class="spacer battle-history"><br></div><div class="battle-history">Go! Cement (<strong>Malamar</strong>)!<br></div><div class="battle-history"><small>Cement was caught in a sticky web!</small><br></div><div class="battle-history"><small>Cement's Speed rose!</small><br></div><div class="spacer battle-history"><br></div><h2 class="battle-history">Turn 29</h2><div class="spacer battle-history"><br></div><div class="battle-history">The opposing Piloswine used <strong>Ice Shard</strong>!<br></div><div class="battle-history"><small>(Cement lost <abbr title="−78/376">20.7%</abbr> of its health!)</small><br></div><div class="spacer battle-history"><br></div><div class="battle-history">Cement used <strong>Superpower</strong>!<br></div><div class="battle-history"><small>It's super effective!</small><br></div><div class="battle-history"><small>(The opposing Piloswine lost <abbr title="−58/403">14.4%</abbr> of its health!)</small><br></div><div class="battle-history"><small>Cement's Attack rose!</small><br></div><div class="battle-history"><small>Cement's Defense rose!</small><br></div><div class="spacer battle-history"><br></div><div class="battle-history">The opposing Piloswine fainted!<br></div><div class="spacer battle-history"><br></div><div class="battle-history"><small>Cement restored a little HP using its Leftovers!</small><br></div><div class="battle-history"><small>Cement was hurt by poison!</small><br></div><div class="spacer battle-history"><br></div><div class="battle-history">ryuzaki_mrl sent out <strong>Ludicolo</strong>!<br></div><div class="battle-history"><small>Pointed stones dug into the opposing Ludicolo!</small><br></div><div class="spacer battle-history"><br></div><h2 class="battle-history">Turn 30</h2><div class="chat chatmessage-triduosolo"><strong style="color:hsl(51,82%,36.9191994097943%)"><small>★</small><span class="username" data-name="TriDuoSolo">TriDuoSolo</span>:</strong> <em>Oh my god</em></div><div class="spacer battle-history"><br></div><div class="battle-history">The opposing Ludicolo used <strong>Protect</strong>!<br></div><div class="battle-history"><small>The opposing Ludicolo protected itself!</small><br></div><div class="spacer battle-history"><br></div><div class="battle-history">Cement used <strong>Knock Off</strong>!<br></div><div class="battle-history"><small>The opposing Ludicolo protected itself!</small><br></div><div class="spacer battle-history"><br></div><div class="battle-history"><small>Cement restored a little HP using its Leftovers!</small><br></div><div class="battle-history"><small>The opposing Ludicolo restored a little HP using its Leftovers!</small><br></div><div class="battle-history"><small>Cement was hurt by poison!</small><br></div><div class="spacer battle-history"><br></div><div class="battle-history">Cement fainted!<br></div><div class="spacer battle-history"><br></div><div class="battle-history"><strong>ryuzaki_mrl</strong> won the battle!<br></div><div class="chat chatmessage-triduosolo"><strong style="color:hsl(51,82%,36.9191994097943%)"><small>★</small><span class="username" data-name="TriDuoSolo">TriDuoSolo</span>:</strong> <em>aw dammit</em></div><div class="chat chatmessage-triduosolo"><strong style="color:hsl(51,82%,36.9191994097943%)"><small>★</small><span class="username" data-name="TriDuoSolo">TriDuoSolo</span>:</strong> <em>gg</em></div><div class="chat chatmessage-ryuzakimrl"><strong style="color:hsl(134,40%,44%)"><small>★</small><span class="username" data-name="ryuzaki_mrl">ryuzaki_mrl</span>:</strong> <em>gg</em></div><div class="chat"><small>TriDuoSolo left.</small></div></div><div class="inner-preempt"></div></div></div>
</div>
<script>
let daily = Math.floor(Date.now()/1000/60/60/24);document.write('<script src="https://play.pokemonshowdown.com/js/replay-embed.js?version'+daily+'"></'+'script>');
</script>
