<!DOCTYPE html>
<meta charset="utf-8" />
<!-- version 1 -->
<title>NU replay: LuisGR vs. Flamita</title>
<style>
html,body {font-family:Verdana, sans-serif;font-size:10pt;margin:0;padding:0;}body{padding:12px 0;} .battle-log {font-family:Verdana, sans-serif;font-size:10pt;} .battle-log-inline {border:1px solid #AAAAAA;background:#EEF2F5;color:black;max-width:640px;margin:0 auto 80px;padding-bottom:5px;} .battle-log .inner {padding:4px 8px 0px 8px;} .battle-log .inner-preempt {padding:0 8px 4px 8px;} .battle-log .inner-after {margin-top:0.5em;} .battle-log h2 {margin:0.5em -8px;padding:4px 8px;border:1px solid #AAAAAA;background:#E0E7EA;border-left:0;border-right:0;font-family:Verdana, sans-serif;font-size:13pt;} .battle-log .chat {vertical-align:middle;padding:3px 0 3px 0;font-size:8pt;} .battle-log .chat strong {color:#40576A;} .battle-log .chat em {padding:1px 4px 1px 3px;color:#000000;font-style:normal;} .chat.mine {background:rgba(0,0,0,0.05);margin-left:-8px;margin-right:-8px;padding-left:8px;padding-right:8px;} .spoiler {color:#BBBBBB;background:#BBBBBB;padding:0px 3px;} .spoiler:hover, .spoiler:active, .spoiler-shown {color:#000000;background:#E2E2E2;padding:0px 3px;} .spoiler a {color:#BBBBBB;} .spoiler:hover a, .spoiler:active a, .spoiler-shown a {color:#2288CC;} .chat code, .chat .spoiler:hover code, .chat .spoiler:active code, .chat .spoiler-shown code {border:1px solid #C0C0C0;background:#EEEEEE;color:black;padding:0 2px;} .chat .spoiler code {border:1px solid #CCCCCC;background:#CCCCCC;color:#CCCCCC;} .battle-log .rated {padding:3px 4px;} .battle-log .rated strong {color:white;background:#89A;padding:1px 4px;border-radius:4px;} .spacer {margin-top:0.5em;} .message-announce {background:#6688AA;color:white;padding:1px 4px 2px;} .message-announce a, .broadcast-green a, .broadcast-blue a, .broadcast-red a {color:#DDEEFF;} .broadcast-green {background-color:#559955;color:white;padding:2px 4px;} .broadcast-blue {background-color:#6688AA;color:white;padding:2px 4px;} .infobox {border:1px solid #6688AA;padding:2px 4px;} .infobox-limited {max-height:200px;overflow:auto;overflow-x:hidden;} .broadcast-red {background-color:#AA5544;color:white;padding:2px 4px;} .message-learn-canlearn {font-weight:bold;color:#228822;text-decoration:underline;} .message-learn-cannotlearn {font-weight:bold;color:#CC2222;text-decoration:underline;} .message-effect-weak {font-weight:bold;color:#CC2222;} .message-effect-resist {font-weight:bold;color:#6688AA;} .message-effect-immune {font-weight:bold;color:#666666;} .message-learn-list {margin-top:0;margin-bottom:0;} .message-throttle-notice, .message-error {color:#992222;} .message-overflow, .chat small.message-overflow {font-size:0pt;} .message-overflow::before {font-size:9pt;content:'...';} .subtle {color:#3A4A66;}
</style>
<div class="wrapper replay-wrapper" style="max-width:1180px;margin:0 auto">
<input type="hidden" name="replayid" value="destiny-nu-317028" />
<div class="battle"></div><div class="battle-log"></div><div class="replay-controls"></div><div class="replay-controls-2"></div>
<h1 style="font-weight:normal;text-align:center"><strong>NU</strong><br /><a href="http://pokemonshowdown.com/users/luisgr" class="subtle" target="_blank">LuisGR</a> vs. <a href="http://pokemonshowdown.com/users/flamita" class="subtle" target="_blank">Flamita</a></h1>
<script type="text/plain" class="battle-log-data">|j|LuisGR
|j|Flamita
|player|p1|LuisGR|luisgr.gif?5309e16e
|player|p2|Flamita|flamita.gif?186c866d
|gametype|singles
|gen|7
|tier|NU
|seed|52378,6984,56573,2616
|rule|Cláusula-Mod de Dormir: solo puedes dormir a uno de tus oponentes a la vez.
|rule|Cláusula de Especie: Hasta un Pokémon de cada especie
|rule|Cláusula de Golpe Fulminante: los movimientos fulminantes (OHKO) estan prohibidos
|rule|Cláusula de Moody: la habilidad Moody está prohibida
|rule|Cláusula de Movimientos Evasivos: los movimientos de evasion estan prohibidos
|rule|Cláusula de Batallas Eternas: forzar batallas eternas está prohibido
|clearpoke
|poke|p1|Exeggutor-Alola, F|item
|poke|p1|Uxie|item
|poke|p1|Audino, F|item
|poke|p1|Vikavolt, M|item
|poke|p1|Ursaring, F|item
|poke|p1|Slowbro, F|item
|poke|p2|Garbodor, M|item
|poke|p2|Minior|item
|poke|p2|Sneasel, M|item
|poke|p2|Braviary, M|item
|poke|p2|Mismagius, F|item
|poke|p2|Vaporeon, F|item
|teampreview
|choice|*team 213456|*
|choice|*|*team 213456
|choice|team 2, team 1, team 3, team 4, team 5, team 6|team 2, team 1, team 3, team 4, team 5, team 6
|
|start
|switch|p1a: Uxie|Uxie|353\/353
|switch|p2a: Tungushka|Minior|230\/230
|-formechange|p2a: Tungushka|Minior-Meteor|[from] ability: Shields Down
|turn|1
|choice|*|*move 1
|choice|*move 1|*
|choice|move trickroom|move stealthrock
|
|move|p2a: Tungushka|Stealth Rock|p1a: Uxie
|-sidestart|p1: LuisGR|move: Stealth Rock
|move|p1a: Uxie|Trick Room|p1a: Uxie
|-fieldstart|move: Trick Room|[of] p1a: Uxie
|
|upkeep
|turn|2
|choice|*move 3|*
|choice|*|*move 4
|choice|move stealthrock|move acrobatics
|
|move|p1a: Uxie|Stealth Rock|p2a: Tungushka
|-sidestart|p2: Flamita|move: Stealth Rock
|move|p2a: Tungushka|Acrobatics|p1a: Uxie
|-damage|p1a: Uxie|313\/353
|
|upkeep
|turn|3
|choice|*|*move 4
|choice|*move 2|*
|choice|move uturn|move acrobatics
|
|move|p1a: Uxie|U-turn|p2a: Tungushka
|-resisted|p2a: Tungushka
|-damage|p2a: Tungushka|205\/230
|choice|*switch 6|*
|choice|switch 6|
|
|switch|p1a: Slowbro|Slowbro, F|394\/394
|-damage|p1a: Slowbro|345\/394|[from] Stealth Rock
|move|p2a: Tungushka|Acrobatics|p1a: Slowbro
|-damage|p1a: Slowbro|284\/394
|
|upkeep
|turn|4
|choice|*|*switch 6
|choice|*move 4|*
|choice|move surf|switch 6
|
|switch|p2a: Water Eevee|Vaporeon, F|401\/401
|-damage|p2a: Water Eevee|351\/401|[from] Stealth Rock
|move|p1a: Slowbro|Surf|p2a: Water Eevee
|-heal|p2a: Water Eevee|401\/401|[from] ability: Water Absorb|[of] p1a: Slowbro
|
|upkeep
|turn|5
|choice|*|*switch 3
|choice|*switch 6|*
|choice|switch 6|switch 3
|
|switch|p1a: Uxie|Uxie|313\/353
|-damage|p1a: Uxie|269\/353|[from] Stealth Rock
|switch|p2a: Nysel|Sneasel, M|251\/251
|-damage|p2a: Nysel|189\/251|[from] Stealth Rock
|
|-fieldend|move: Trick Room
|upkeep
|turn|6
|choice|*|*move 1
|choice|*move 1|*
|choice|move trickroom|move knockoff
|
|move|p2a: Nysel|Knock Off|p1a: Uxie
|-supereffective|p1a: Uxie
|-damage|p1a: Uxie|17\/353
|-enditem|p1a: Uxie|Mental Herb|[from] move: Knock Off|[of] p2a: Nysel
|move|p1a: Uxie|Trick Room|p1a: Uxie
|-fieldstart|move: Trick Room|[of] p1a: Uxie
|
|upkeep
|turn|7
|choice|*move 2|*
|choice|*|*switch 2
|choice|move uturn|switch 2
|
|switch|p2a: Basura|Garbodor, M|301\/301
|-damage|p2a: Basura|264\/301|[from] Stealth Rock
|move|p1a: Uxie|U-turn|p2a: Basura
|-resisted|p2a: Basura
|-damage|p2a: Basura|238\/301
|-ability|p2a: Basura|Weak Armor|boost
|-unboost|p2a: Basura|def|1
|-boost|p2a: Basura|spe|2
|choice|*switch 5|*
|choice|switch 5|
|
|switch|p1a: Ursaring|Ursaring, F|383\/383
|-damage|p1a: Ursaring|336\/383|[from] Stealth Rock
|
|-status|p1a: Ursaring|brn|[from] item: Flame Orb
|upkeep
|turn|8
|choice|*|*switch 5
|choice|*|*undo
|choice|*|*switch 5
|choice|*move 3|*
|choice|move swordsdance|switch 5
|
|switch|p2a: Magius|Mismagius, F|261\/261
|-damage|p2a: Magius|229\/261|[from] Stealth Rock
|move|p1a: Ursaring|Swords Dance|p1a: Ursaring
|-boost|p1a: Ursaring|atk|2
|
|-damage|p1a: Ursaring|313\/383 brn|[from] brn
|upkeep
|turn|9
|choice|*move 4|*
|choice|*|*switch 5
|choice|move crunch|switch 5
|
|switch|p2a: Basura|Garbodor, M|238\/301
|-damage|p2a: Basura|201\/301|[from] Stealth Rock
|move|p1a: Ursaring|Crunch|p2a: Basura
|-damage|p2a: Basura|0 fnt
|faint|p2a: Basura
|
|-damage|p1a: Ursaring|290\/383 brn|[from] brn
|upkeep
|choice|*|*switch 6
|choice||switch 6
|
|switch|p2a: Tungushka|Minior|205\/230
|-damage|p2a: Tungushka|148\/230|[from] Stealth Rock
|-formechange|p2a: Tungushka|Minior-Meteor|[from] ability: Shields Down
|turn|10
|choice|*move 1|*
|choice|*|*move 4
|choice|move closecombat|move acrobatics
|
|move|p1a: Ursaring|Close Combat|p2a: Tungushka
|-damage|p2a: Tungushka|0 fnt
|-unboost|p1a: Ursaring|def|1
|-unboost|p1a: Ursaring|spd|1
|faint|p2a: Tungushka
|
|-damage|p1a: Ursaring|267\/383 brn|[from] brn
|-fieldend|move: Trick Room
|upkeep
|choice|*|*switch 2
|choice||switch 2
|
|switch|p2a: Nysel|Sneasel, M|189\/251
|-damage|p2a: Nysel|127\/251|[from] Stealth Rock
|turn|11
|choice|*|*move 4
|choice|*switch 5|*
|choice|switch 5|move pursuit
|
|-activate|p1a: Ursaring|move: Pursuit
|move|p2a: Nysel|Pursuit|p1a: Ursaring|[from]Pursuit
|-damage|p1a: Ursaring|0 fnt
|faint|p1a: Ursaring
|
|upkeep
|choice|*switch 3|*
|choice|switch 3|
|
|switch|p1a: Audino|Audino, F|410\/410
|-damage|p1a: Audino|359\/410|[from] Stealth Rock
|turn|12
|choice|*|*switch 4
|choice|*move 1 mega|*
|choice|move trickroom mega|switch 4
|
|switch|p2a: Mighty Eagle|Braviary, M|341\/341
|-damage|p2a: Mighty Eagle|256\/341|[from] Stealth Rock
|detailschange|p1a: Audino|Audino-Mega, F
|-mega|p1a: Audino|Audino|Audinite
|move|p1a: Audino|Trick Room|p1a: Audino
|-fieldstart|move: Trick Room|[of] p1a: Audino
|
|upkeep
|turn|13
|choice|*move 3|*
|choice|*undo|*
|choice|*switch 5|*
|choice|*|*move 1
|choice|switch 5|move bravebird
|
|switch|p1a: Uxie|Uxie|17\/353
|-damage|p1a: Uxie|0 fnt|[from] Stealth Rock
|faint|p1a: Uxie
|move|p2a: Mighty Eagle|Brave Bird|p1: Uxie|[notarget]
|-notarget
|
|upkeep
|choice|*switch 4|*
|choice|switch 4|
|
|switch|p1a: Vikavolt|Vikavolt, M|358\/358
|-damage|p1a: Vikavolt|269\/358|[from] Stealth Rock
|turn|14
|choice|*|*move 1
|choice|*move 3|*
|choice|move thunderbolt|move bravebird
|
|move|p1a: Vikavolt|Thunderbolt|p2a: Mighty Eagle
|-supereffective|p2a: Mighty Eagle
|-damage|p2a: Mighty Eagle|0 fnt
|-damage|p1a: Vikavolt|234\/358|[from] item: Life Orb
|faint|p2a: Mighty Eagle
|
|upkeep
|choice|*|*switch 5
|choice||switch 5
|
|switch|p2a: Magius|Mismagius, F|229\/261
|-damage|p2a: Magius|197\/261|[from] Stealth Rock
|turn|15
|choice|*|*move 2
|choice|*move 4|*
|choice|move voltswitch|move shadowball
|
|move|p1a: Vikavolt|Volt Switch|p2a: Magius
|-damage|p2a: Magius|20\/261
|-damage|p1a: Vikavolt|199\/358|[from] item: Life Orb
|choice|*switch 5|*
|choice|switch 5|
|
|switch|p1a: Audino|Audino-Mega, F|359\/410
|-damage|p1a: Audino|308\/410|[from] Stealth Rock
|move|p2a: Magius|Shadow Ball|p1a: Audino
|-immune|p1a: Audino|[msg]
|
|upkeep
|turn|16
|choice|*move 4|*
|choice|*|*move 1
|choice|move dazzlinggleam|move nastyplot
|
|move|p1a: Audino|Dazzling Gleam|p2a: Magius
|-damage|p2a: Magius|0 fnt
|faint|p2a: Magius
|
|-fieldend|move: Trick Room
|upkeep
|choice|*|*switch 4
|choice||switch 4
|
|switch|p2a: Nysel|Sneasel, M|127\/251
|-damage|p2a: Nysel|65\/251|[from] Stealth Rock
|turn|17
|choice|*move 2|*
|choice|*|*move 2
|choice|move protect|move iciclecrash
|
|move|p1a: Audino|Protect|p1a: Audino
|-singleturn|p1a: Audino|Protect
|move|p2a: Nysel|Icicle Crash|p1a: Audino
|-activate|p1a: Audino|move: Protect
|
|upkeep
|turn|18
|choice|*|*move 2
|choice|*move 1|*
|choice|move trickroom|move iciclecrash
|
|move|p2a: Nysel|Icicle Crash|p1a: Audino
|-damage|p1a: Audino|148\/410
|cant|p1a: Audino|flinch
|
|upkeep
|turn|19
|choice|*move 2|*
|choice|*|*move 2
|choice|move protect|move iciclecrash
|
|move|p1a: Audino|Protect|p1a: Audino
|-singleturn|p1a: Audino|Protect
|move|p2a: Nysel|Icicle Crash|p1a: Audino
|-activate|p1a: Audino|move: Protect
|
|upkeep
|turn|20
|choice|*|*move 2
|choice|*switch 6|*
|choice|switch 6|move iciclecrash
|
|switch|p1a: Slowbro|Slowbro, F|394\/394
|-damage|p1a: Slowbro|345\/394|[from] Stealth Rock
|move|p2a: Nysel|Icicle Crash|p1a: Slowbro
|-resisted|p1a: Slowbro
|-damage|p1a: Slowbro|257\/394
|
|upkeep
|turn|21
|choice|*|*move 2
|choice|*switch 6|*
|choice|switch 6|move iciclecrash
|
|switch|p1a: Audino|Audino-Mega, F|148\/410
|-damage|p1a: Audino|97\/410|[from] Stealth Rock
|move|p2a: Nysel|Icicle Crash|p1a: Audino
|-crit|p1a: Audino
|-damage|p1a: Audino|0 fnt
|faint|p1a: Audino
|
|upkeep
|choice|*switch 6|*
|choice|switch 6|
|
|switch|p1a: Slowbro|Slowbro, F|388\/394
|-damage|p1a: Slowbro|339\/394|[from] Stealth Rock
|turn|22
|choice|*|*move 2
|choice|*move 2|*
|choice|move calmmind|move iciclecrash
|
|move|p2a: Nysel|Icicle Crash|p1a: Slowbro
|-resisted|p1a: Slowbro
|-damage|p1a: Slowbro|262\/394
|move|p1a: Slowbro|Calm Mind|p1a: Slowbro
|-boost|p1a: Slowbro|spa|1
|-boost|p1a: Slowbro|spd|1
|
|upkeep
|turn|23
|choice|*|*move 2
|choice|*move 1|*
|choice|move triattack|move iciclecrash
|
|move|p2a: Nysel|Icicle Crash|p1a: Slowbro|[miss]
|-miss|p2a: Nysel|p1a: Slowbro
|move|p1a: Slowbro|Tri Attack|p2a: Nysel
|-damage|p2a: Nysel|0 fnt
|faint|p2a: Nysel
|
|upkeep
|choice|*|*switch 3
|choice||switch 3
|
|switch|p2a: Water Eevee|Vaporeon, F|401\/401
|-damage|p2a: Water Eevee|351\/401|[from] Stealth Rock
|turn|24
|choice|*move 2|*
|choice|*|*move 1 zmove
|choice|move calmmind|move celebrate zmove
|
|-zpower|p2a: Water Eevee
|move|p2a: Water Eevee|Z-Celebrate|p2a: Water Eevee|[anim]Celebrate
|-boost|p2a: Water Eevee|atk|1|[zeffect]
|-boost|p2a: Water Eevee|def|1|[zeffect]
|-boost|p2a: Water Eevee|spa|1|[zeffect]
|-boost|p2a: Water Eevee|spd|1|[zeffect]
|-boost|p2a: Water Eevee|spe|1|[zeffect]
|-activate|p2a: Water Eevee|move: Celebrate
|move|p1a: Slowbro|Calm Mind|p1a: Slowbro
|-boost|p1a: Slowbro|spa|1
|-boost|p1a: Slowbro|spd|1
|
|upkeep
|turn|25
|choice|*|*move 4
|choice|*move 3|*
|choice|move psyshock|move shadowball
|
|move|p2a: Water Eevee|Shadow Ball|p1a: Slowbro
|-supereffective|p1a: Slowbro
|-damage|p1a: Slowbro|98\/394
|move|p1a: Slowbro|Psyshock|p2a: Water Eevee
|-damage|p2a: Water Eevee|74\/401
|
|upkeep
|turn|26
|choice|*move 3|*
|choice|*undo|*
|choice|*|*move 4
|choice|*move 3|*
|choice|move psyshock|move shadowball
|
|move|p2a: Water Eevee|Shadow Ball|p1a: Slowbro
|-supereffective|p1a: Slowbro
|-damage|p1a: Slowbro|0 fnt
|faint|p1a: Slowbro
|
|upkeep
|choice|*switch 2|*
|choice|switch 2|
|
|switch|p1a: Exeggutor|Exeggutor-Alola, F|394\/394
|-damage|p1a: Exeggutor|345\/394|[from] Stealth Rock
|-item|p2a: Water Eevee|Normalium Z|[from] ability: Frisk|[of] p1a: Exeggutor|[identify]
|turn|27
|choice|*|*move 3
|choice|*move 3 zmove|*
|choice|move dracometeor zmove|move icebeam
|
|move|p2a: Water Eevee|Ice Beam|p1a: Exeggutor
|-supereffective|p1a: Exeggutor
|-damage|p1a: Exeggutor|0 fnt
|faint|p1a: Exeggutor
|
|upkeep
|choice|*switch 5|*
|choice|switch 5|
|
|switch|p1a: Vikavolt|Vikavolt, M|199\/358
|-damage|p1a: Vikavolt|110\/358|[from] Stealth Rock
|turn|28
|choice|*move 3|*
|choice|*|*move 3
|choice|move thunderbolt|move icebeam
|
|move|p2a: Water Eevee|Ice Beam|p1a: Vikavolt
|-damage|p1a: Vikavolt|0 fnt
|faint|p1a: Vikavolt
|
|win|Flamita
|player|p1
|player|p2
|c|☆Flamita|gg
|c|☆LuisGR|gg</script>
</div>
<div class="battle-log battle-log-inline"><div class="inner"><div class="battle-options"></div><div class="inner"><div class="chat"><small>LuisGR joined.</small></div><div class="chat"><small>Flamita joined.</small></div><div class=""><small>Format:</small> <br><strong>NU</strong></div><div class=""><small><em>Cláusula-Mod de Dormir:</em> solo puedes dormir a uno de tus oponentes a la vez.</small></div><div class=""><small><em>Cláusula de Especie:</em> Hasta un Pokémon de cada especie</small></div><div class=""><small><em>Cláusula de Golpe Fulminante:</em> los movimientos fulminantes (OHKO) estan prohibidos</small></div><div class=""><small><em>Cláusula de Moody:</em> la habilidad Moody está prohibida</small></div><div class=""><small><em>Cláusula de Movimientos Evasivos:</em> los movimientos de evasion estan prohibidos</small></div><div class=""><small><em>Cláusula de Batallas Eternas:</em> forzar batallas eternas está prohibido</small></div><div class="chat battle-history"><strong>LuisGR's team:</strong> <em style="color:#445566;display:block;">Exeggutor-Alola / Uxie / Audino / Vikavolt / Ursaring / Slowbro</em></div><div class="chat battle-history"><strong>Flamita's team:</strong> <em style="color:#445566;display:block;">Garbodor / Minior / Sneasel / Braviary / Mismagius / Vaporeon</em></div><div class="spacer battle-history"><br></div><div class="battle-history">Battle started between LuisGR and Flamita!<br></div><div class="spacer battle-history"><br></div><div class="battle-history">Go! <strong>Uxie</strong>!<br></div><div class="spacer battle-history"><br></div><div class="battle-history">Flamita sent out Tungushka (<strong>Minior</strong>)!<br></div><div class="battle-history"><small>[The opposing Tungushka's Shields Down]</small><br>Shields Down deactivated!<br>(the opposing Tungushka shielded itself.)<br></div><div class="spacer battle-history"><br></div><h2 class="battle-history">Turn 1</h2><div class="spacer battle-history"><br></div><div class="battle-history">The opposing Tungushka used <strong>Stealth Rock</strong>!<br></div><div class="battle-history"><small>Pointed stones float in the air around your team!</small><br></div><div class="spacer battle-history"><br></div><div class="battle-history">Uxie used <strong>Trick Room</strong>!<br></div><div class="battle-history"><small>Uxie twisted the dimensions!</small><br></div><div class="spacer battle-history"><br></div><h2 class="battle-history">Turn 2</h2><div class="spacer battle-history"><br></div><div class="battle-history">Uxie used <strong>Stealth Rock</strong>!<br></div><div class="battle-history"><small>Pointed stones float in the air around the opposing team!</small><br></div><div class="spacer battle-history"><br></div><div class="battle-history">The opposing Tungushka used <strong>Acrobatics</strong>!<br></div><div class="battle-history"><small>(Uxie lost <abbr title="−40/353">11.3%</abbr> of its health!)</small><br></div><div class="spacer battle-history"><br></div><h2 class="battle-history">Turn 3</h2><div class="spacer battle-history"><br></div><div class="battle-history">Uxie used <strong>U-turn</strong>!<br></div><div class="battle-history"><small>It's not very effective...</small><br></div><div class="battle-history"><small>(The opposing Tungushka lost <abbr title="−25/230">10.9%</abbr> of its health!)</small><br></div><div class="spacer battle-history"><br></div><div class="battle-history">Uxie went back to LuisGR!<br></div><div class="battle-history">Go! <strong>Slowbro</strong>!<br></div><div class="battle-history"><small>Pointed stones dug into Slowbro!</small><br></div><div class="spacer battle-history"><br></div><div class="battle-history">The opposing Tungushka used <strong>Acrobatics</strong>!<br></div><div class="battle-history"><small>(Slowbro lost <abbr title="−61/394">15.5%</abbr> of its health!)</small><br></div><div class="spacer battle-history"><br></div><h2 class="battle-history">Turn 4</h2><div class="spacer battle-history"><br></div><div class="battle-history">Flamita withdrew Tungushka!<br></div><div class="battle-history">Flamita sent out Water Eevee (<strong>Vaporeon</strong>)!<br></div><div class="battle-history"><small>Pointed stones dug into the opposing Water Eevee!</small><br></div><div class="spacer battle-history"><br></div><div class="battle-history">Slowbro used <strong>Surf</strong>!<br></div><div class="battle-history"><small>[The opposing Water Eevee's Water Absorb]</small><br><small>The opposing Water Eevee restored its HP.</small><br></div><div class="spacer battle-history"><br></div><h2 class="battle-history">Turn 5</h2><div class="spacer battle-history"><br></div><div class="battle-history">Slowbro, come back!<br></div><div class="battle-history">Go! <strong>Uxie</strong>!<br></div><div class="battle-history"><small>Pointed stones dug into Uxie!</small><br></div><div class="spacer battle-history"><br></div><div class="battle-history">Flamita withdrew Water Eevee!<br></div><div class="battle-history">Flamita sent out Nysel (<strong>Sneasel</strong>)!<br></div><div class="battle-history"><small>Pointed stones dug into the opposing Nysel!</small><br></div><div class="spacer battle-history"><br></div><div class="battle-history"><small>The twisted dimensions returned to normal!</small><br></div><div class="spacer battle-history"><br></div><h2 class="battle-history">Turn 6</h2><div class="spacer battle-history"><br></div><div class="battle-history">The opposing Nysel used <strong>Knock Off</strong>!<br></div><div class="battle-history"><small>It's super effective!</small><br></div><div class="battle-history"><small>(Uxie lost <abbr title="−252/353">71.4%</abbr> of its health!)</small><br></div><div class="battle-history"><small>The opposing Nysel knocked off Uxie's Mental Herb!</small><br></div><div class="spacer battle-history"><br></div><div class="battle-history">Uxie used <strong>Trick Room</strong>!<br></div><div class="battle-history"><small>Uxie twisted the dimensions!</small><br></div><div class="spacer battle-history"><br></div><h2 class="battle-history">Turn 7</h2><div class="spacer battle-history"><br></div><div class="battle-history">Flamita withdrew Nysel!<br></div><div class="battle-history">Flamita sent out Basura (<strong>Garbodor</strong>)!<br></div><div class="battle-history"><small>Pointed stones dug into the opposing Basura!</small><br></div><div class="spacer battle-history"><br></div><div class="battle-history">Uxie used <strong>U-turn</strong>!<br></div><div class="battle-history"><small>It's not very effective...</small><br></div><div class="battle-history"><small>(The opposing Basura lost <abbr title="−26/301">8.6%</abbr> of its health!)</small><br></div><div class="battle-history"><small>[The opposing Basura's Weak Armor]</small><br></div><div class="battle-history"><small>The opposing Basura's Defense fell!</small><br></div><div class="battle-history"><small>The opposing Basura's Speed rose sharply!</small><br></div><div class="spacer battle-history"><br></div><div class="battle-history">Uxie went back to LuisGR!<br></div><div class="battle-history">Go! <strong>Ursaring</strong>!<br></div><div class="battle-history"><small>Pointed stones dug into Ursaring!</small><br></div><div class="spacer battle-history"><br></div><div class="battle-history"><small>Ursaring was burned!</small><br></div><div class="spacer battle-history"><br></div><h2 class="battle-history">Turn 8</h2><div class="spacer battle-history"><br></div><div class="battle-history">Flamita withdrew Basura!<br></div><div class="battle-history">Flamita sent out Magius (<strong>Mismagius</strong>)!<br></div><div class="battle-history"><small>Pointed stones dug into the opposing Magius!</small><br></div><div class="spacer battle-history"><br></div><div class="battle-history">Ursaring used <strong>Swords Dance</strong>!<br></div><div class="battle-history"><small>Ursaring's Attack rose sharply!</small><br></div><div class="spacer battle-history"><br></div><div class="battle-history"><small>Ursaring was hurt by its burn!</small><br></div><div class="spacer battle-history"><br></div><h2 class="battle-history">Turn 9</h2><div class="spacer battle-history"><br></div><div class="battle-history">Flamita withdrew Magius!<br></div><div class="battle-history">Flamita sent out Basura (<strong>Garbodor</strong>)!<br></div><div class="battle-history"><small>Pointed stones dug into the opposing Basura!</small><br></div><div class="spacer battle-history"><br></div><div class="battle-history">Ursaring used <strong>Crunch</strong>!<br></div><div class="battle-history"><small>(The opposing Basura lost <abbr title="−201/301">66.8%</abbr> of its health!)</small><br></div><div class="spacer battle-history"><br></div><div class="battle-history">The opposing Basura fainted!<br></div><div class="spacer battle-history"><br></div><div class="battle-history"><small>Ursaring was hurt by its burn!</small><br></div><div class="spacer battle-history"><br></div><div class="battle-history">Flamita sent out Tungushka (<strong>Minior</strong>)!<br></div><div class="battle-history"><small>Pointed stones dug into the opposing Tungushka!</small><br></div><div class="battle-history"><small>[The opposing Tungushka's Shields Down]</small><br>Shields Down deactivated!<br>(the opposing Tungushka shielded itself.)<br></div><div class="spacer battle-history"><br></div><h2 class="battle-history">Turn 10</h2><div class="spacer battle-history"><br></div><div class="battle-history">Ursaring used <strong>Close Combat</strong>!<br></div><div class="battle-history"><small>(The opposing Tungushka lost <abbr title="−148/230">64.3%</abbr> of its health!)</small><br></div><div class="battle-history"><small>Ursaring's Defense fell!</small><br></div><div class="battle-history"><small>Ursaring's Special Defense fell!</small><br></div><div class="spacer battle-history"><br></div><div class="battle-history">The opposing Tungushka fainted!<br></div><div class="spacer battle-history"><br></div><div class="battle-history"><small>Ursaring was hurt by its burn!</small><br></div><div class="battle-history"><small>The twisted dimensions returned to normal!</small><br></div><div class="spacer battle-history"><br></div><div class="battle-history">Flamita sent out Nysel (<strong>Sneasel</strong>)!<br></div><div class="battle-history"><small>Pointed stones dug into the opposing Nysel!</small><br></div><div class="spacer battle-history"><br></div><h2 class="battle-history">Turn 11</h2><div class="spacer battle-history"><br></div><div class="battle-history"><small>(Ursaring is being withdrawn...)</small><br></div><div class="spacer battle-history"><br></div><div class="battle-history">The opposing Nysel used <strong>Pursuit</strong>!<br></div><div class="battle-history"><small>(Ursaring lost <abbr title="−267/383">69.7%</abbr> of its health!)</small><br></div><div class="spacer battle-history"><br></div><div class="battle-history">Ursaring fainted!<br></div><div class="spacer battle-history"><br></div><div class="battle-history">Go! <strong>Audino</strong>!<br></div><div class="battle-history"><small>Pointed stones dug into Audino!</small><br></div><div class="spacer battle-history"><br></div><h2 class="battle-history">Turn 12</h2><div class="spacer battle-history"><br></div><div class="battle-history">Flamita withdrew Nysel!<br></div><div class="battle-history">Flamita sent out Mighty Eagle (<strong>Braviary</strong>)!<br></div><div class="battle-history"><small>Pointed stones dug into the opposing Mighty Eagle!</small><br></div><div class="spacer battle-history"><br></div><div class="battle-history"><small>Audino's Audinite is reacting to the Key Stone!</small><br>Audino has Mega Evolved into Mega Audino!<br></div><div class="spacer battle-history"><br></div><div class="battle-history">Audino used <strong>Trick Room</strong>!<br></div><div class="battle-history"><small>Audino twisted the dimensions!</small><br></div><div class="spacer battle-history"><br></div><h2 class="battle-history">Turn 13</h2><div class="spacer battle-history"><br></div><div class="battle-history">Audino, come back!<br></div><div class="battle-history">Go! <strong>Uxie</strong>!<br></div><div class="battle-history"><small>Pointed stones dug into Uxie!</small><br></div><div class="spacer battle-history"><br></div><div class="battle-history">Uxie fainted!<br></div><div class="battle-history">The opposing Mighty Eagle used <strong>Brave Bird</strong>!<br></div><div class="battle-history"><small>But there was no target...</small><br></div><div class="spacer battle-history"><br></div><div class="battle-history">Go! <strong>Vikavolt</strong>!<br></div><div class="battle-history"><small>Pointed stones dug into Vikavolt!</small><br></div><div class="spacer battle-history"><br></div><h2 class="battle-history">Turn 14</h2><div class="spacer battle-history"><br></div><div class="battle-history">Vikavolt used <strong>Thunderbolt</strong>!<br></div><div class="battle-history"><small>It's super effective!</small><br></div><div class="battle-history"><small>(The opposing Mighty Eagle lost <abbr title="−256/341">75.1%</abbr> of its health!)</small><br></div><div class="battle-history"><small>Vikavolt lost some of its HP!</small><br></div><div class="spacer battle-history"><br></div><div class="battle-history">The opposing Mighty Eagle fainted!<br></div><div class="spacer battle-history"><br></div><div class="battle-history">Flamita sent out Magius (<strong>Mismagius</strong>)!<br></div><div class="battle-history"><small>Pointed stones dug into the opposing Magius!</small><br></div><div class="spacer battle-history"><br></div><h2 class="battle-history">Turn 15</h2><div class="spacer battle-history"><br></div><div class="battle-history">Vikavolt used <strong>Volt Switch</strong>!<br></div><div class="battle-history"><small>(The opposing Magius lost <abbr title="−177/261">67.8%</abbr> of its health!)</small><br></div><div class="battle-history"><small>Vikavolt lost some of its HP!</small><br></div><div class="spacer battle-history"><br></div><div class="battle-history">Vikavolt went back to LuisGR!<br></div><div class="battle-history">Go! Audino (<strong>Audino-Mega</strong>)!<br></div><div class="battle-history"><small>Pointed stones dug into Audino!</small><br></div><div class="spacer battle-history"><br></div><div class="battle-history">The opposing Magius used <strong>Shadow Ball</strong>!<br></div><div class="battle-history"><small>It doesn't affect Audino...</small><br></div><div class="spacer battle-history"><br></div><h2 class="battle-history">Turn 16</h2><div class="spacer battle-history"><br></div><div class="battle-history">Audino used <strong>Dazzling Gleam</strong>!<br></div><div class="battle-history"><small>(The opposing Magius lost <abbr title="−20/261">7.7%</abbr> of its health!)</small><br></div><div class="spacer battle-history"><br></div><div class="battle-history">The opposing Magius fainted!<br></div><div class="spacer battle-history"><br></div><div class="battle-history"><small>The twisted dimensions returned to normal!</small><br></div><div class="spacer battle-history"><br></div><div class="battle-history">Flamita sent out Nysel (<strong>Sneasel</strong>)!<br></div><div class="battle-history"><small>Pointed stones dug into the opposing Nysel!</small><br></div><div class="spacer battle-history"><br></div><h2 class="battle-history">Turn 17</h2><div class="spacer battle-history"><br></div><div class="battle-history">Audino used <strong>Protect</strong>!<br></div><div class="battle-history"><small>Audino protected itself!</small><br></div><div class="spacer battle-history"><br></div><div class="battle-history">The opposing Nysel used <strong>Icicle Crash</strong>!<br></div><div class="battle-history"><small>Audino protected itself!</small><br></div><div class="spacer battle-history"><br></div><h2 class="battle-history">Turn 18</h2><div class="spacer battle-history"><br></div><div class="battle-history">The opposing Nysel used <strong>Icicle Crash</strong>!<br></div><div class="battle-history"><small>(Audino lost <abbr title="−160/410">39.0%</abbr> of its health!)</small><br></div><div class="spacer battle-history"><br></div><div class="battle-history">Audino flinched and couldn't move!<br></div><div class="spacer battle-history"><br></div><h2 class="battle-history">Turn 19</h2><div class="spacer battle-history"><br></div><div class="battle-history">Audino used <strong>Protect</strong>!<br></div><div class="battle-history"><small>Audino protected itself!</small><br></div><div class="spacer battle-history"><br></div><div class="battle-history">The opposing Nysel used <strong>Icicle Crash</strong>!<br></div><div class="battle-history"><small>Audino protected itself!</small><br></div><div class="spacer battle-history"><br></div><h2 class="battle-history">Turn 20</h2><div class="spacer battle-history"><br></div><div class="battle-history">Audino, come back!<br></div><div class="battle-history">Go! <strong>Slowbro</strong>!<br></div><div class="battle-history"><small>Pointed stones dug into Slowbro!</small><br></div><div class="spacer battle-history"><br></div><div class="battle-history">The opposing Nysel used <strong>Icicle Crash</strong>!<br></div><div class="battle-history"><small>It's not very effective...</small><br></div><div class="battle-history"><small>(Slowbro lost <abbr title="−88/394">22.3%</abbr> of its health!)</small><br></div><div class="spacer battle-history"><br></div><h2 class="battle-history">Turn 21</h2><div class="spacer battle-history"><br></div><div class="battle-history">Slowbro, come back!<br></div><div class="battle-history">Go! Audino (<strong>Audino-Mega</strong>)!<br></div><div class="battle-history"><small>Pointed stones dug into Audino!</small><br></div><div class="spacer battle-history"><br></div><div class="battle-history">The opposing Nysel used <strong>Icicle Crash</strong>!<br></div><div class="battle-history"><small>A critical hit!</small><br></div><div class="battle-history"><small>(Audino lost <abbr title="−97/410">23.7%</abbr> of its health!)</small><br></div><div class="spacer battle-history"><br></div><div class="battle-history">Audino fainted!<br></div><div class="spacer battle-history"><br></div><div class="battle-history">Go! <strong>Slowbro</strong>!<br></div><div class="battle-history"><small>Pointed stones dug into Slowbro!</small><br></div><div class="spacer battle-history"><br></div><h2 class="battle-history">Turn 22</h2><div class="spacer battle-history"><br></div><div class="battle-history">The opposing Nysel used <strong>Icicle Crash</strong>!<br></div><div class="battle-history"><small>It's not very effective...</small><br></div><div class="battle-history"><small>(Slowbro lost <abbr title="−77/394">19.5%</abbr> of its health!)</small><br></div><div class="spacer battle-history"><br></div><div class="battle-history">Slowbro used <strong>Calm Mind</strong>!<br></div><div class="battle-history"><small>Slowbro's Special Attack rose!</small><br></div><div class="battle-history"><small>Slowbro's Special Defense rose!</small><br></div><div class="spacer battle-history"><br></div><h2 class="battle-history">Turn 23</h2><div class="spacer battle-history"><br></div><div class="battle-history">The opposing Nysel used <strong>Icicle Crash</strong>!<br></div><div class="battle-history"><small>Slowbro avoided the attack!</small><br></div><div class="spacer battle-history"><br></div><div class="battle-history">Slowbro used <strong>Tri Attack</strong>!<br></div><div class="battle-history"><small>(The opposing Nysel lost <abbr title="−65/251">25.9%</abbr> of its health!)</small><br></div><div class="spacer battle-history"><br></div><div class="battle-history">The opposing Nysel fainted!<br></div><div class="spacer battle-history"><br></div><div class="battle-history">Flamita sent out Water Eevee (<strong>Vaporeon</strong>)!<br></div><div class="battle-history"><small>Pointed stones dug into the opposing Water Eevee!</small><br></div><div class="spacer battle-history"><br></div><h2 class="battle-history">Turn 24</h2><div class="spacer battle-history"><br></div><div class="battle-history"><small>The opposing Water Eevee surrounded itself with its Z-Power!</small><br></div><div class="spacer battle-history"><br></div><div class="battle-history">The opposing Water Eevee used <strong>Z-Celebrate</strong>!<br></div><div class="battle-history"><small>The opposing Water Eevee boosted its Attack using its Z-Power!</small><br></div><div class="battle-history"><small>The opposing Water Eevee boosted its Defense using its Z-Power!</small><br></div><div class="battle-history"><small>The opposing Water Eevee boosted its Special Attack using its Z-Power!</small><br></div><div class="battle-history"><small>The opposing Water Eevee boosted its Special Defense using its Z-Power!</small><br></div><div class="battle-history"><small>The opposing Water Eevee boosted its Speed using its Z-Power!</small><br></div><div class="battle-history"><small>Congratulations, Flamita!</small><br></div><div class="spacer battle-history"><br></div><div class="battle-history">Slowbro used <strong>Calm Mind</strong>!<br></div><div class="battle-history"><small>Slowbro's Special Attack rose!</small><br></div><div class="battle-history"><small>Slowbro's Special Defense rose!</small><br></div><div class="spacer battle-history"><br></div><h2 class="battle-history">Turn 25</h2><div class="spacer battle-history"><br></div><div class="battle-history">The opposing Water Eevee used <strong>Shadow Ball</strong>!<br></div><div class="battle-history"><small>It's super effective!</small><br></div><div class="battle-history"><small>(Slowbro lost <abbr title="−164/394">41.6%</abbr> of its health!)</small><br></div><div class="spacer battle-history"><br></div><div class="battle-history">Slowbro used <strong>Psyshock</strong>!<br></div><div class="battle-history"><small>(The opposing Water Eevee lost <abbr title="−277/401">69.1%</abbr> of its health!)</small><br></div><div class="spacer battle-history"><br></div><h2 class="battle-history">Turn 26</h2><div class="spacer battle-history"><br></div><div class="battle-history">The opposing Water Eevee used <strong>Shadow Ball</strong>!<br></div><div class="battle-history"><small>It's super effective!</small><br></div><div class="battle-history"><small>(Slowbro lost <abbr title="−98/394">24.9%</abbr> of its health!)</small><br></div><div class="spacer battle-history"><br></div><div class="battle-history">Slowbro fainted!<br></div><div class="spacer battle-history"><br></div><div class="battle-history">Go! Exeggutor (<strong>Exeggutor-Alola</strong>)!<br></div><div class="battle-history"><small>Pointed stones dug into Exeggutor!</small><br></div><div class="battle-history"><small>[Exeggutor's Frisk]</small><br><small>Exeggutor frisked the opposing Water Eevee and found its Normalium Z!</small><br></div><div class="spacer battle-history"><br></div><h2 class="battle-history">Turn 27</h2><div class="spacer battle-history"><br></div><div class="battle-history">The opposing Water Eevee used <strong>Ice Beam</strong>!<br></div><div class="battle-history"><small>It's super effective!</small><br></div><div class="battle-history"><small>(Exeggutor lost <abbr title="−345/394">87.6%</abbr> of its health!)</small><br></div><div class="spacer battle-history"><br></div><div class="battle-history">Exeggutor fainted!<br></div><div class="spacer battle-history"><br></div><div class="battle-history">Go! <strong>Vikavolt</strong>!<br></div><div class="battle-history"><small>Pointed stones dug into Vikavolt!</small><br></div><div class="spacer battle-history"><br></div><h2 class="battle-history">Turn 28</h2><div class="spacer battle-history"><br></div><div class="battle-history">The opposing Water Eevee used <strong>Ice Beam</strong>!<br></div><div class="battle-history"><small>(Vikavolt lost <abbr title="−110/358">30.7%</abbr> of its health!)</small><br></div><div class="spacer battle-history"><br></div><div class="battle-history">Vikavolt fainted!<br></div><div class="spacer battle-history"><br></div><div class="battle-history"><strong>Flamita</strong> won the battle!<br></div><div class="chat chatmessage-flamita"><strong style="color:hsl(259,69%,56.36692557934839%)"><small>☆</small><span class="username" data-name="Flamita">Flamita</span>:</strong> <em>gg</em></div><div class="chat chatmessage-luisgr"><strong style="color:hsl(74,49%,36%)"><small>☆</small><span class="username" data-name="LuisGR">LuisGR</span>:</strong> <em>gg</em></div></div><div class="inner-preempt"></div></div></div>
</div>
<script>
let daily = Math.floor(Date.now()/1000/60/60/24);document.write('<script src="https://play.pokemonshowdown.com/js/replay-embed.js?version'+daily+'"></'+'script>');
</script>
