<!DOCTYPE html>
<meta charset="utf-8" />
<!-- version 1 -->
<title>NU replay: Georges Lothaire vs. Shdowlss Chrzrd</title>
<style>
html,body {font-family:Verdana, sans-serif;font-size:10pt;margin:0;padding:0;}body{padding:12px 0;} .battle-log {font-family:Verdana, sans-serif;font-size:10pt;} .battle-log-inline {border:1px solid #AAAAAA;background:#EEF2F5;color:black;max-width:640px;margin:0 auto 80px;padding-bottom:5px;} .battle-log .inner {padding:4px 8px 0px 8px;} .battle-log .inner-preempt {padding:0 8px 4px 8px;} .battle-log .inner-after {margin-top:0.5em;} .battle-log h2 {margin:0.5em -8px;padding:4px 8px;border:1px solid #AAAAAA;background:#E0E7EA;border-left:0;border-right:0;font-family:Verdana, sans-serif;font-size:13pt;} .battle-log .chat {vertical-align:middle;padding:3px 0 3px 0;font-size:8pt;} .battle-log .chat strong {color:#40576A;} .battle-log .chat em {padding:1px 4px 1px 3px;color:#000000;font-style:normal;} .chat.mine {background:rgba(0,0,0,0.05);margin-left:-8px;margin-right:-8px;padding-left:8px;padding-right:8px;} .spoiler {color:#BBBBBB;background:#BBBBBB;padding:0px 3px;} .spoiler:hover, .spoiler:active, .spoiler-shown {color:#000000;background:#E2E2E2;padding:0px 3px;} .spoiler a {color:#BBBBBB;} .spoiler:hover a, .spoiler:active a, .spoiler-shown a {color:#2288CC;} .chat code, .chat .spoiler:hover code, .chat .spoiler:active code, .chat .spoiler-shown code {border:1px solid #C0C0C0;background:#EEEEEE;color:black;padding:0 2px;} .chat .spoiler code {border:1px solid #CCCCCC;background:#CCCCCC;color:#CCCCCC;} .battle-log .rated {padding:3px 4px;} .battle-log .rated strong {color:white;background:#89A;padding:1px 4px;border-radius:4px;} .spacer {margin-top:0.5em;} .message-announce {background:#6688AA;color:white;padding:1px 4px 2px;} .message-announce a, .broadcast-green a, .broadcast-blue a, .broadcast-red a {color:#DDEEFF;} .broadcast-green {background-color:#559955;color:white;padding:2px 4px;} .broadcast-blue {background-color:#6688AA;color:white;padding:2px 4px;} .infobox {border:1px solid #6688AA;padding:2px 4px;} .infobox-limited {max-height:200px;overflow:auto;overflow-x:hidden;} .broadcast-red {background-color:#AA5544;color:white;padding:2px 4px;} .message-learn-canlearn {font-weight:bold;color:#228822;text-decoration:underline;} .message-learn-cannotlearn {font-weight:bold;color:#CC2222;text-decoration:underline;} .message-effect-weak {font-weight:bold;color:#CC2222;} .message-effect-resist {font-weight:bold;color:#6688AA;} .message-effect-immune {font-weight:bold;color:#666666;} .message-learn-list {margin-top:0;margin-bottom:0;} .message-throttle-notice, .message-error {color:#992222;} .message-overflow, .chat small.message-overflow {font-size:0pt;} .message-overflow::before {font-size:9pt;content:'...';} .subtle {color:#3A4A66;}
</style>
<div class="wrapper replay-wrapper" style="max-width:1180px;margin:0 auto">
<input type="hidden" name="replayid" value="nu-535493493" />
<div class="battle"></div><div class="battle-log"></div><div class="replay-controls"></div><div class="replay-controls-2"></div>
<h1 style="font-weight:normal;text-align:center"><strong>NU</strong><br /><a href="http://pokemonshowdown.com/users/georgeslothaire" class="subtle" target="_blank">Georges Lothaire</a> vs. <a href="http://pokemonshowdown.com/users/shdowlsschrzrd" class="subtle" target="_blank">Shdowlss Chrzrd</a></h1>
<script type="text/plain" class="battle-log-data">|j|Georges Lothaire
|j|Shdowlss Chrzrd
|player|p1|Georges Lothaire|110
|player|p2|Shdowlss Chrzrd|124
|gametype|singles
|gen|6
|tier|NU
|rated
|seed|47816,352,17198,17464
|rule|Sleep Clause Mod: Limit one foe put to sleep
|rule|Species Clause: Limit one of each Pokémon
|rule|OHKO Clause: OHKO moves are banned
|rule|Moody Clause: Moody is banned
|rule|Evasion Moves Clause: Evasion moves are banned
|rule|Endless Battle Clause: Forcing endless battles is banned
|rule|HP Percentage Mod: HP is shown in percentages
|clearpoke
|poke|p1|Muk, F|item
|poke|p1|Rhydon, F|item
|poke|p1|Girafarig, F|item
|poke|p1|Gastrodon, M|item
|poke|p1|Articuno|item
|poke|p1|Scyther, F|item
|poke|p2|Rhydon, F, shiny|item
|poke|p2|Lanturn, M, shiny|item
|poke|p2|Barbaracle, F, shiny|item
|poke|p2|Miltank, F, shiny|item
|poke|p2|Mismagius, M, shiny|item
|poke|p2|Steelix, F, shiny|item
|rule|Swagger Clause: Swagger is banned
|rule|Baton Pass Clause: Limit one Baton Passer, can't pass Spe and other stats simultaneously
|teampreview
|choice|team 2, team 1, team 3, team 4, team 5, team 6|team 2, team 1, team 3, team 4, team 5, team 6
|
|start
|switch|p1a: Rhydon|Rhydon, F|414\/414
|switch|p2a: Lanturn|Lanturn, M, shiny|391\/391
|turn|1
|choice|switch 4|move scald
|
|switch|p1a: Gastrodon|Gastrodon, M|426\/426
|move|p2a: Lanturn|Scald|p1a: Gastrodon
|-ability|p1a: Gastrodon|Storm Drain|boost
|-boost|p1a: Gastrodon|spa|1
|
|upkeep
|turn|2
|choice|move scald|move toxic
|
|move|p2a: Lanturn|Toxic|p1a: Gastrodon
|-status|p1a: Gastrodon|tox
|move|p1a: Gastrodon|Scald|p2a: Lanturn
|-immune|p2a: Lanturn|[msg]|[from] ability: Water Absorb
|
|-damage|p1a: Gastrodon|400\/426 tox|[from] psn
|upkeep
|turn|3
|choice|move earthpower|move protect
|
|move|p2a: Lanturn|Protect|p2a: Lanturn
|-singleturn|p2a: Lanturn|Protect
|move|p1a: Gastrodon|Earth Power|p2a: Lanturn
|-activate|p2a: Lanturn|move: Protect
|
|-heal|p1a: Gastrodon|426\/426 tox|[from] item: Leftovers
|-damage|p1a: Gastrodon|374\/426 tox|[from] psn
|upkeep
|turn|4
|choice|move yawn|switch 6
|
|switch|p2a: Steelix|Steelix, F, shiny|354\/354
|move|p1a: Gastrodon|Yawn|p2a: Steelix
|-start|p2a: Steelix|move: Yawn|[of] p1a: Gastrodon
|
|-heal|p1a: Gastrodon|400\/426 tox|[from] item: Leftovers
|-damage|p1a: Gastrodon|322\/426 tox|[from] psn
|upkeep
|turn|5
|choice|move earthpower|move heavyslam
|
|move|p1a: Gastrodon|Earth Power|p2a: Steelix
|-supereffective|p2a: Steelix
|-damage|p2a: Steelix|0 fnt
|faint|p2a: Steelix
|
|-heal|p1a: Gastrodon|348\/426 tox|[from] item: Leftovers
|-damage|p1a: Gastrodon|244\/426 tox|[from] psn
|upkeep
|choice||switch 2
|
|switch|p2a: Rhydon|Rhydon, F, shiny|414\/414
|turn|6
|choice|move scald|switch 6
|
|switch|p2a: Lanturn|Lanturn, M, shiny|391\/391
|move|p1a: Gastrodon|Scald|p2a: Lanturn
|-immune|p2a: Lanturn|[msg]|[from] ability: Water Absorb
|
|-heal|p1a: Gastrodon|270\/426 tox|[from] item: Leftovers
|-damage|p1a: Gastrodon|140\/426 tox|[from] psn
|upkeep
|turn|7
|choice|switch 5|move protect
|
|switch|p1a: Articuno|Articuno|382\/382
|-ability|p1a: Articuno|Pressure
|move|p2a: Lanturn|Protect|p2a: Lanturn
|-fail|p2a: Lanturn
|
|upkeep
|turn|8
|choice|move toxic|switch 4
|
|switch|p2a: Miltank|Miltank, F, shiny|394\/394
|move|p1a: Articuno|Toxic|p2a: Miltank
|-status|p2a: Miltank|tox
|
|-damage|p2a: Miltank|370\/394 tox|[from] psn
|upkeep
|turn|9
|choice|switch 4|move toxic
|
|switch|p1a: Rhydon|Rhydon, F|414\/414
|move|p2a: Miltank|Toxic|p1a: Rhydon
|-status|p1a: Rhydon|tox
|
|-heal|p2a: Miltank|394\/394 tox|[from] item: Leftovers
|-damage|p2a: Miltank|346\/394 tox|[from] psn
|-damage|p1a: Rhydon|389\/414 tox|[from] psn
|upkeep
|turn|10
|choice|move stealthrock|move seismictoss
|
|move|p2a: Miltank|Seismic Toss|p1a: Rhydon
|-damage|p1a: Rhydon|289\/414 tox
|move|p1a: Rhydon|Stealth Rock|p2a: Miltank
|-sidestart|p2: Shdowlss Chrzrd|move: Stealth Rock
|
|-heal|p2a: Miltank|370\/394 tox|[from] item: Leftovers
|-damage|p2a: Miltank|298\/394 tox|[from] psn
|-damage|p1a: Rhydon|239\/414 tox|[from] psn
|upkeep
|turn|11
|choice|switch 5|move healbell
|
|switch|p1a: Gastrodon|Gastrodon, M|140\/426 tox
|move|p2a: Miltank|Heal Bell|p2a: Miltank
|-activate|p2a: Miltank|move: Heal Bell
|-curestatus|p2a: Miltank|tox|[msg]
|
|-heal|p2a: Miltank|322\/394|[from] item: Leftovers
|-heal|p1a: Gastrodon|166\/426 tox|[from] item: Leftovers
|-damage|p1a: Gastrodon|140\/426 tox|[from] psn
|upkeep
|turn|12
|choice|move recover|move seismictoss
|
|move|p2a: Miltank|Seismic Toss|p1a: Gastrodon
|-damage|p1a: Gastrodon|40\/426 tox
|move|p1a: Gastrodon|Recover|p1a: Gastrodon
|-heal|p1a: Gastrodon|253\/426 tox
|
|-heal|p2a: Miltank|346\/394|[from] item: Leftovers
|-heal|p1a: Gastrodon|279\/426 tox|[from] item: Leftovers
|-damage|p1a: Gastrodon|227\/426 tox|[from] psn
|upkeep
|turn|13
|choice|move yawn|move seismictoss
|
|move|p2a: Miltank|Seismic Toss|p1a: Gastrodon
|-damage|p1a: Gastrodon|127\/426 tox
|move|p1a: Gastrodon|Yawn|p2a: Miltank
|-start|p2a: Miltank|move: Yawn|[of] p1a: Gastrodon
|
|-heal|p2a: Miltank|370\/394|[from] item: Leftovers
|-heal|p1a: Gastrodon|153\/426 tox|[from] item: Leftovers
|-damage|p1a: Gastrodon|75\/426 tox|[from] psn
|upkeep
|turn|14
|choice|move recover|move seismictoss
|
|move|p2a: Miltank|Seismic Toss|p1a: Gastrodon
|-damage|p1a: Gastrodon|0 fnt
|faint|p1a: Gastrodon
|
|-end|p2a: Miltank|move: Yawn|[silent]
|-status|p2a: Miltank|slp
|-heal|p2a: Miltank|394\/394 slp|[from] item: Leftovers
|upkeep
|choice|switch 2|
|
|switch|p1a: Muk|Muk, F|414\/414
|turn|15
|choice|move brickbreak|move seismictoss
|
|cant|p2a: Miltank|slp
|move|p1a: Muk|Brick Break|p2a: Miltank
|-supereffective|p2a: Miltank
|-crit|p2a: Miltank
|-damage|p2a: Miltank|182\/394 slp
|
|-heal|p2a: Miltank|206\/394 slp|[from] item: Leftovers
|upkeep
|turn|16
|choice|move brickbreak|switch 5
|
|switch|p2a: Mismagius|Mismagius, M, shiny|261\/261
|-damage|p2a: Mismagius|229\/261|[from] Stealth Rock
|move|p1a: Muk|Brick Break|p2a: Mismagius
|-immune|p2a: Mismagius|[msg]
|
|upkeep
|turn|17
|choice|move shadowsneak|move calmmind
|
|move|p1a: Muk|Shadow Sneak|p2a: Mismagius
|-supereffective|p2a: Mismagius
|-damage|p2a: Mismagius|97\/261
|move|p2a: Mismagius|Calm Mind|p2a: Mismagius
|-boost|p2a: Mismagius|spa|1
|-boost|p2a: Mismagius|spd|1
|
|upkeep
|turn|18
|choice|move shadowsneak|move psychic
|
|move|p1a: Muk|Shadow Sneak|p2a: Mismagius
|-supereffective|p2a: Mismagius
|-damage|p2a: Mismagius|0 fnt
|faint|p2a: Mismagius
|
|upkeep
|choice||switch 6
|
|switch|p2a: Rhydon|Rhydon, F, shiny|414\/414
|-damage|p2a: Rhydon|389\/414|[from] Stealth Rock
|turn|19
|choice|switch 3|move rockpolish
|
|switch|p1a: Girafarig|Girafarig, F|281\/281
|move|p2a: Rhydon|Rock Polish|p2a: Rhydon
|-boost|p2a: Rhydon|spe|2
|
|upkeep
|turn|20
|choice|move earthquake|move poweruppunch
|
|move|p1a: Girafarig|Earthquake|p2a: Rhydon
|-supereffective|p2a: Rhydon
|-damage|p2a: Rhydon|262\/414
|-damage|p1a: Girafarig|253\/281|[from] item: Life Orb
|move|p2a: Rhydon|Power-Up Punch|p1a: Girafarig
|-damage|p1a: Girafarig|191\/281
|-boost|p2a: Rhydon|atk|1
|
|upkeep
|turn|21
|choice|switch 4|move drillrun
|
|switch|p1a: Articuno|Articuno|382\/382
|-ability|p1a: Articuno|Pressure
|move|p2a: Rhydon|Drill Run|p1a: Articuno
|-immune|p1a: Articuno|[msg]
|
|upkeep
|turn|22
|choice|move freezedry|move firepunch
|
|move|p2a: Rhydon|Fire Punch|p1a: Articuno
|-supereffective|p1a: Articuno
|-damage|p1a: Articuno|172\/382
|move|p1a: Articuno|Freeze-Dry|p2a: Rhydon
|-supereffective|p2a: Rhydon
|-damage|p2a: Rhydon|130\/414
|-status|p2a: Rhydon|frz
|
|upkeep
|turn|23
|choice|move freezedry|move firepunch
|
|cant|p2a: Rhydon|frz
|move|p1a: Articuno|Freeze-Dry|p2a: Rhydon
|-supereffective|p2a: Rhydon
|-crit|p2a: Rhydon
|-damage|p2a: Rhydon|0 fnt
|faint|p2a: Rhydon
|
|upkeep
|c|★Shdowlss Chrzrd|lol
|-message|Shdowlss Chrzrd forfeited.
|
|win|Georges Lothaire
|player|p1
|player|p2
|l|Shdowlss Chrzrd
|raw|Georges Lothaire's rating: 1000 &rarr; <strong>1043<\/strong><br \/>(+43 for winning)
|raw|Shdowlss Chrzrd's rating: 1028 &rarr; <strong>1013<\/strong><br \/>(-15 for losing)
|c|★Georges Lothaire|welp
|c|★Georges Lothaire|kinda sorry ?</script>
</div>
<div class="battle-log battle-log-inline"><div class="inner"><div class="battle-options"></div><div class="inner"><div class="chat"><small>Georges Lothaire joined.</small></div><div class="chat"><small>Shdowlss Chrzrd joined.</small></div><div class=""><small>Format:</small> <br><strong>NU</strong></div><div class="rated"><strong>Rated battle</strong></div><div class=""><small><em>Sleep Clause Mod:</em> Limit one foe put to sleep</small></div><div class=""><small><em>Species Clause:</em> Limit one of each Pokémon</small></div><div class=""><small><em>OHKO Clause:</em> OHKO moves are banned</small></div><div class=""><small><em>Moody Clause:</em> Moody is banned</small></div><div class=""><small><em>Evasion Moves Clause:</em> Evasion moves are banned</small></div><div class=""><small><em>Endless Battle Clause:</em> Forcing endless battles is banned</small></div><div class=""><small><em>HP Percentage Mod:</em> HP is shown in percentages</small></div><div class=""><small><em>Swagger Clause:</em> Swagger is banned</small></div><div class=""><small><em>Baton Pass Clause:</em> Limit one Baton Passer, can't pass Spe and other stats simultaneously</small></div><div class="chat battle-history"><strong>Georges Lothaire's team:</strong> <em style="color:#445566;display:block;">Muk / Rhydon / Girafarig / Gastrodon / Articuno / Scyther</em></div><div class="chat battle-history"><strong>Shdowlss Chrzrd's team:</strong> <em style="color:#445566;display:block;">Rhydon / Lanturn / Barbaracle / Miltank / Mismagius / Steelix</em></div><div class="spacer battle-history"><br></div><div class="battle-history">Battle started between Georges Lothaire and Shdowlss Chrzrd!<br></div><div class="spacer battle-history"><br></div><div class="battle-history">Go! <strong>Rhydon</strong>!<br></div><div class="spacer battle-history"><br></div><div class="battle-history">Shdowlss Chrzrd sent out <strong>Lanturn</strong>!<br></div><div class="spacer battle-history"><br></div><h2 class="battle-history">Turn 1</h2><div class="spacer battle-history"><br></div><div class="battle-history">Rhydon, come back!<br></div><div class="battle-history">Go! <strong>Gastrodon</strong>!<br></div><div class="spacer battle-history"><br></div><div class="battle-history">The opposing Lanturn used <strong>Scald</strong>!<br></div><div class="battle-history"><small>[Gastrodon's Storm Drain]</small><br></div><div class="battle-history"><small>Gastrodon's Special Attack rose!</small><br></div><div class="spacer battle-history"><br></div><h2 class="battle-history">Turn 2</h2><div class="spacer battle-history"><br></div><div class="battle-history">The opposing Lanturn used <strong>Toxic</strong>!<br></div><div class="battle-history"><small>Gastrodon was badly poisoned!</small><br></div><div class="spacer battle-history"><br></div><div class="battle-history">Gastrodon used <strong>Scald</strong>!<br></div><div class="battle-history"><small>[The opposing Lanturn's Water Absorb]</small><br><small>It doesn't affect the opposing Lanturn...</small><br></div><div class="spacer battle-history"><br></div><div class="battle-history"><small>Gastrodon was hurt by poison!</small><br></div><div class="spacer battle-history"><br></div><h2 class="battle-history">Turn 3</h2><div class="spacer battle-history"><br></div><div class="battle-history">The opposing Lanturn used <strong>Protect</strong>!<br></div><div class="battle-history"><small>The opposing Lanturn protected itself!</small><br></div><div class="spacer battle-history"><br></div><div class="battle-history">Gastrodon used <strong>Earth Power</strong>!<br></div><div class="battle-history"><small>The opposing Lanturn protected itself!</small><br></div><div class="spacer battle-history"><br></div><div class="battle-history"><small>Gastrodon restored a little HP using its Leftovers!</small><br></div><div class="battle-history"><small>Gastrodon was hurt by poison!</small><br></div><div class="spacer battle-history"><br></div><h2 class="battle-history">Turn 4</h2><div class="spacer battle-history"><br></div><div class="battle-history">Shdowlss Chrzrd withdrew Lanturn!<br></div><div class="battle-history">Shdowlss Chrzrd sent out <strong>Steelix</strong>!<br></div><div class="spacer battle-history"><br></div><div class="battle-history">Gastrodon used <strong>Yawn</strong>!<br></div><div class="battle-history"><small>The opposing Steelix grew drowsy!</small><br></div><div class="spacer battle-history"><br></div><div class="battle-history"><small>Gastrodon restored a little HP using its Leftovers!</small><br></div><div class="battle-history"><small>Gastrodon was hurt by poison!</small><br></div><div class="spacer battle-history"><br></div><h2 class="battle-history">Turn 5</h2><div class="spacer battle-history"><br></div><div class="battle-history">Gastrodon used <strong>Earth Power</strong>!<br></div><div class="battle-history"><small>It's super effective!</small><br></div><div class="battle-history"><small>(The opposing Steelix lost <abbr title="−354/354">100%</abbr> of its health!)</small><br></div><div class="spacer battle-history"><br></div><div class="battle-history">The opposing Steelix fainted!<br></div><div class="spacer battle-history"><br></div><div class="battle-history"><small>Gastrodon restored a little HP using its Leftovers!</small><br></div><div class="battle-history"><small>Gastrodon was hurt by poison!</small><br></div><div class="spacer battle-history"><br></div><div class="battle-history">Shdowlss Chrzrd sent out <strong>Rhydon</strong>!<br></div><div class="spacer battle-history"><br></div><h2 class="battle-history">Turn 6</h2><div class="spacer battle-history"><br></div><div class="battle-history">Shdowlss Chrzrd withdrew Rhydon!<br></div><div class="battle-history">Shdowlss Chrzrd sent out <strong>Lanturn</strong>!<br></div><div class="spacer battle-history"><br></div><div class="battle-history">Gastrodon used <strong>Scald</strong>!<br></div><div class="battle-history"><small>[The opposing Lanturn's Water Absorb]</small><br><small>It doesn't affect the opposing Lanturn...</small><br></div><div class="spacer battle-history"><br></div><div class="battle-history"><small>Gastrodon restored a little HP using its Leftovers!</small><br></div><div class="battle-history"><small>Gastrodon was hurt by poison!</small><br></div><div class="spacer battle-history"><br></div><h2 class="battle-history">Turn 7</h2><div class="spacer battle-history"><br></div><div class="battle-history">Gastrodon, come back!<br></div><div class="battle-history">Go! <strong>Articuno</strong>!<br></div><div class="battle-history"><small>[Articuno's Pressure]</small><br><small>Articuno is exerting its pressure!</small><br></div><div class="spacer battle-history"><br></div><div class="battle-history">The opposing Lanturn used <strong>Protect</strong>!<br></div><div class="battle-history"><small>But it failed!</small><br></div><div class="spacer battle-history"><br></div><h2 class="battle-history">Turn 8</h2><div class="spacer battle-history"><br></div><div class="battle-history">Shdowlss Chrzrd withdrew Lanturn!<br></div><div class="battle-history">Shdowlss Chrzrd sent out <strong>Miltank</strong>!<br></div><div class="spacer battle-history"><br></div><div class="battle-history">Articuno used <strong>Toxic</strong>!<br></div><div class="battle-history"><small>The opposing Miltank was badly poisoned!</small><br></div><div class="spacer battle-history"><br></div><div class="battle-history"><small>The opposing Miltank was hurt by poison!</small><br></div><div class="spacer battle-history"><br></div><h2 class="battle-history">Turn 9</h2><div class="spacer battle-history"><br></div><div class="battle-history">Articuno, come back!<br></div><div class="battle-history">Go! <strong>Rhydon</strong>!<br></div><div class="spacer battle-history"><br></div><div class="battle-history">The opposing Miltank used <strong>Toxic</strong>!<br></div><div class="battle-history"><small>Rhydon was badly poisoned!</small><br></div><div class="spacer battle-history"><br></div><div class="battle-history"><small>The opposing Miltank restored a little HP using its Leftovers!</small><br></div><div class="battle-history"><small>The opposing Miltank was hurt by poison!</small><br></div><div class="battle-history"><small>Rhydon was hurt by poison!</small><br></div><div class="spacer battle-history"><br></div><h2 class="battle-history">Turn 10</h2><div class="spacer battle-history"><br></div><div class="battle-history">The opposing Miltank used <strong>Seismic Toss</strong>!<br></div><div class="battle-history"><small>(Rhydon lost <abbr title="−100/414">24.2%</abbr> of its health!)</small><br></div><div class="spacer battle-history"><br></div><div class="battle-history">Rhydon used <strong>Stealth Rock</strong>!<br></div><div class="battle-history"><small>Pointed stones float in the air around the opposing team!</small><br></div><div class="spacer battle-history"><br></div><div class="battle-history"><small>The opposing Miltank restored a little HP using its Leftovers!</small><br></div><div class="battle-history"><small>The opposing Miltank was hurt by poison!</small><br></div><div class="battle-history"><small>Rhydon was hurt by poison!</small><br></div><div class="spacer battle-history"><br></div><h2 class="battle-history">Turn 11</h2><div class="spacer battle-history"><br></div><div class="battle-history">Rhydon, come back!<br></div><div class="battle-history">Go! <strong>Gastrodon</strong>!<br></div><div class="spacer battle-history"><br></div><div class="battle-history">The opposing Miltank used <strong>Heal Bell</strong>!<br></div><div class="battle-history"><small>A bell chimed!</small><br></div><div class="battle-history"><small>The opposing Miltank was cured of its poisoning.</small><br></div><div class="spacer battle-history"><br></div><div class="battle-history"><small>The opposing Miltank restored a little HP using its Leftovers!</small><br></div><div class="battle-history"><small>Gastrodon restored a little HP using its Leftovers!</small><br></div><div class="battle-history"><small>Gastrodon was hurt by poison!</small><br></div><div class="spacer battle-history"><br></div><h2 class="battle-history">Turn 12</h2><div class="spacer battle-history"><br></div><div class="battle-history">The opposing Miltank used <strong>Seismic Toss</strong>!<br></div><div class="battle-history"><small>(Gastrodon lost <abbr title="−100/426">23.5%</abbr> of its health!)</small><br></div><div class="spacer battle-history"><br></div><div class="battle-history">Gastrodon used <strong>Recover</strong>!<br></div><div class="battle-history"><small>Gastrodon restored its HP.</small><br></div><div class="spacer battle-history"><br></div><div class="battle-history"><small>The opposing Miltank restored a little HP using its Leftovers!</small><br></div><div class="battle-history"><small>Gastrodon restored a little HP using its Leftovers!</small><br></div><div class="battle-history"><small>Gastrodon was hurt by poison!</small><br></div><div class="spacer battle-history"><br></div><h2 class="battle-history">Turn 13</h2><div class="spacer battle-history"><br></div><div class="battle-history">The opposing Miltank used <strong>Seismic Toss</strong>!<br></div><div class="battle-history"><small>(Gastrodon lost <abbr title="−100/426">23.5%</abbr> of its health!)</small><br></div><div class="spacer battle-history"><br></div><div class="battle-history">Gastrodon used <strong>Yawn</strong>!<br></div><div class="battle-history"><small>The opposing Miltank grew drowsy!</small><br></div><div class="spacer battle-history"><br></div><div class="battle-history"><small>The opposing Miltank restored a little HP using its Leftovers!</small><br></div><div class="battle-history"><small>Gastrodon restored a little HP using its Leftovers!</small><br></div><div class="battle-history"><small>Gastrodon was hurt by poison!</small><br></div><div class="spacer battle-history"><br></div><h2 class="battle-history">Turn 14</h2><div class="spacer battle-history"><br></div><div class="battle-history">The opposing Miltank used <strong>Seismic Toss</strong>!<br></div><div class="battle-history"><small>(Gastrodon lost <abbr title="−75/426">17.6%</abbr> of its health!)</small><br></div><div class="spacer battle-history"><br></div><div class="battle-history">Gastrodon fainted!<br></div><div class="spacer battle-history"><br></div><div class="battle-history"><small>The opposing Miltank fell asleep!</small><br></div><div class="battle-history"><small>The opposing Miltank restored a little HP using its Leftovers!</small><br></div><div class="spacer battle-history"><br></div><div class="battle-history">Go! <strong>Muk</strong>!<br></div><div class="spacer battle-history"><br></div><h2 class="battle-history">Turn 15</h2><div class="spacer battle-history"><br></div><div class="battle-history">The opposing Miltank is fast asleep.<br></div><div class="spacer battle-history"><br></div><div class="battle-history">Muk used <strong>Brick Break</strong>!<br></div><div class="battle-history"><small>It's super effective!</small><br></div><div class="battle-history"><small>A critical hit!</small><br></div><div class="battle-history"><small>(The opposing Miltank lost <abbr title="−212/394">53.8%</abbr> of its health!)</small><br></div><div class="spacer battle-history"><br></div><div class="battle-history"><small>The opposing Miltank restored a little HP using its Leftovers!</small><br></div><div class="spacer battle-history"><br></div><h2 class="battle-history">Turn 16</h2><div class="spacer battle-history"><br></div><div class="battle-history">Shdowlss Chrzrd withdrew Miltank!<br></div><div class="battle-history">Shdowlss Chrzrd sent out <strong>Mismagius</strong>!<br></div><div class="battle-history"><small>Pointed stones dug into the opposing Mismagius!</small><br></div><div class="spacer battle-history"><br></div><div class="battle-history">Muk used <strong>Brick Break</strong>!<br></div><div class="battle-history"><small>It doesn't affect the opposing Mismagius...</small><br></div><div class="spacer battle-history"><br></div><h2 class="battle-history">Turn 17</h2><div class="spacer battle-history"><br></div><div class="battle-history">Muk used <strong>Shadow Sneak</strong>!<br></div><div class="battle-history"><small>It's super effective!</small><br></div><div class="battle-history"><small>(The opposing Mismagius lost <abbr title="−132/261">50.6%</abbr> of its health!)</small><br></div><div class="spacer battle-history"><br></div><div class="battle-history">The opposing Mismagius used <strong>Calm Mind</strong>!<br></div><div class="battle-history"><small>The opposing Mismagius's Special Attack rose!</small><br></div><div class="battle-history"><small>The opposing Mismagius's Special Defense rose!</small><br></div><div class="spacer battle-history"><br></div><h2 class="battle-history">Turn 18</h2><div class="spacer battle-history"><br></div><div class="battle-history">Muk used <strong>Shadow Sneak</strong>!<br></div><div class="battle-history"><small>It's super effective!</small><br></div><div class="battle-history"><small>(The opposing Mismagius lost <abbr title="−97/261">37.2%</abbr> of its health!)</small><br></div><div class="spacer battle-history"><br></div><div class="battle-history">The opposing Mismagius fainted!<br></div><div class="spacer battle-history"><br></div><div class="battle-history">Shdowlss Chrzrd sent out <strong>Rhydon</strong>!<br></div><div class="battle-history"><small>Pointed stones dug into the opposing Rhydon!</small><br></div><div class="spacer battle-history"><br></div><h2 class="battle-history">Turn 19</h2><div class="spacer battle-history"><br></div><div class="battle-history">Muk, come back!<br></div><div class="battle-history">Go! <strong>Girafarig</strong>!<br></div><div class="spacer battle-history"><br></div><div class="battle-history">The opposing Rhydon used <strong>Rock Polish</strong>!<br></div><div class="battle-history"><small>The opposing Rhydon's Speed rose sharply!</small><br></div><div class="spacer battle-history"><br></div><h2 class="battle-history">Turn 20</h2><div class="spacer battle-history"><br></div><div class="battle-history">Girafarig used <strong>Earthquake</strong>!<br></div><div class="battle-history"><small>It's super effective!</small><br></div><div class="battle-history"><small>(The opposing Rhydon lost <abbr title="−127/414">30.7%</abbr> of its health!)</small><br></div><div class="battle-history"><small>Girafarig lost some of its HP!</small><br></div><div class="spacer battle-history"><br></div><div class="battle-history">The opposing Rhydon used <strong>Power-Up Punch</strong>!<br></div><div class="battle-history"><small>(Girafarig lost <abbr title="−62/281">22.1%</abbr> of its health!)</small><br></div><div class="battle-history"><small>The opposing Rhydon's Attack rose!</small><br></div><div class="spacer battle-history"><br></div><h2 class="battle-history">Turn 21</h2><div class="spacer battle-history"><br></div><div class="battle-history">Girafarig, come back!<br></div><div class="battle-history">Go! <strong>Articuno</strong>!<br></div><div class="battle-history"><small>[Articuno's Pressure]</small><br><small>Articuno is exerting its pressure!</small><br></div><div class="spacer battle-history"><br></div><div class="battle-history">The opposing Rhydon used <strong>Drill Run</strong>!<br></div><div class="battle-history"><small>It doesn't affect Articuno...</small><br></div><div class="spacer battle-history"><br></div><h2 class="battle-history">Turn 22</h2><div class="spacer battle-history"><br></div><div class="battle-history">The opposing Rhydon used <strong>Fire Punch</strong>!<br></div><div class="battle-history"><small>It's super effective!</small><br></div><div class="battle-history"><small>(Articuno lost <abbr title="−210/382">55.0%</abbr> of its health!)</small><br></div><div class="spacer battle-history"><br></div><div class="battle-history">Articuno used <strong>Freeze-Dry</strong>!<br></div><div class="battle-history"><small>It's super effective!</small><br></div><div class="battle-history"><small>(The opposing Rhydon lost <abbr title="−132/414">31.9%</abbr> of its health!)</small><br></div><div class="battle-history"><small>The opposing Rhydon was frozen solid!</small><br></div><div class="spacer battle-history"><br></div><h2 class="battle-history">Turn 23</h2><div class="spacer battle-history"><br></div><div class="battle-history">The opposing Rhydon is frozen solid!<br></div><div class="spacer battle-history"><br></div><div class="battle-history">Articuno used <strong>Freeze-Dry</strong>!<br></div><div class="battle-history"><small>It's super effective!</small><br></div><div class="battle-history"><small>A critical hit!</small><br></div><div class="battle-history"><small>(The opposing Rhydon lost <abbr title="−130/414">31.4%</abbr> of its health!)</small><br></div><div class="spacer battle-history"><br></div><div class="battle-history">The opposing Rhydon fainted!<br></div><div class="chat chatmessage-shdowlsschrzrd"><strong style="color:hsl(330,40%,48.84803139880001%)"><small>★</small><span class="username" data-name="Shdowlss Chrzrd">Shdowlss Chrzrd</span>:</strong> <em>lol</em></div><div class="spacer battle-history"><br></div><div class="battle-history"><small>Shdowlss Chrzrd forfeited.</small><br></div><div class="spacer battle-history"><br></div><div class="battle-history"><strong>Georges Lothaire</strong> won the battle!<br></div><div class="chat"><small>Shdowlss Chrzrd left.</small></div><div class="chat">Georges Lothaire's rating: 1000 → <strong>1043</strong><br>(+43 for winning)</div><div class="chat">Shdowlss Chrzrd's rating: 1028 → <strong>1013</strong><br>(-15 for losing)</div><div class="chat chatmessage-georgeslothaire"><strong style="color:hsl(126,78%,36.59433394501432%)"><small>★</small><span class="username" data-name="Georges Lothaire">Georges Lothaire</span>:</strong> <em>welp</em></div><div class="chat chatmessage-georgeslothaire"><strong style="color:hsl(126,78%,36.59433394501432%)"><small>★</small><span class="username" data-name="Georges Lothaire">Georges Lothaire</span>:</strong> <em>kinda sorry ?</em></div></div><div class="inner-preempt"></div></div></div>
</div>
<script>
let daily = Math.floor(Date.now()/1000/60/60/24);document.write('<script src="https://play.pokemonshowdown.com/js/replay-embed.js?version'+daily+'"></'+'script>');
</script>
