<!DOCTYPE html>
<meta charset="utf-8" />
<!-- version 1 -->
<title>NU replay: Contipelli vs. Andrewrite</title>
<style>
html,body {font-family:Verdana, sans-serif;font-size:10pt;margin:0;padding:0;}body{padding:12px 0;} .battle-log {font-family:Verdana, sans-serif;font-size:10pt;} .battle-log-inline {border:1px solid #AAAAAA;background:#EEF2F5;color:black;max-width:640px;margin:0 auto 80px;padding-bottom:5px;} .battle-log .inner {padding:4px 8px 0px 8px;} .battle-log .inner-preempt {padding:0 8px 4px 8px;} .battle-log .inner-after {margin-top:0.5em;} .battle-log h2 {margin:0.5em -8px;padding:4px 8px;border:1px solid #AAAAAA;background:#E0E7EA;border-left:0;border-right:0;font-family:Verdana, sans-serif;font-size:13pt;} .battle-log .chat {vertical-align:middle;padding:3px 0 3px 0;font-size:8pt;} .battle-log .chat strong {color:#40576A;} .battle-log .chat em {padding:1px 4px 1px 3px;color:#000000;font-style:normal;} .chat.mine {background:rgba(0,0,0,0.05);margin-left:-8px;margin-right:-8px;padding-left:8px;padding-right:8px;} .spoiler {color:#BBBBBB;background:#BBBBBB;padding:0px 3px;} .spoiler:hover, .spoiler:active, .spoiler-shown {color:#000000;background:#E2E2E2;padding:0px 3px;} .spoiler a {color:#BBBBBB;} .spoiler:hover a, .spoiler:active a, .spoiler-shown a {color:#2288CC;} .chat code, .chat .spoiler:hover code, .chat .spoiler:active code, .chat .spoiler-shown code {border:1px solid #C0C0C0;background:#EEEEEE;color:black;padding:0 2px;} .chat .spoiler code {border:1px solid #CCCCCC;background:#CCCCCC;color:#CCCCCC;} .battle-log .rated {padding:3px 4px;} .battle-log .rated strong {color:white;background:#89A;padding:1px 4px;border-radius:4px;} .spacer {margin-top:0.5em;} .message-announce {background:#6688AA;color:white;padding:1px 4px 2px;} .message-announce a, .broadcast-green a, .broadcast-blue a, .broadcast-red a {color:#DDEEFF;} .broadcast-green {background-color:#559955;color:white;padding:2px 4px;} .broadcast-blue {background-color:#6688AA;color:white;padding:2px 4px;} .infobox {border:1px solid #6688AA;padding:2px 4px;} .infobox-limited {max-height:200px;overflow:auto;overflow-x:hidden;} .broadcast-red {background-color:#AA5544;color:white;padding:2px 4px;} .message-learn-canlearn {font-weight:bold;color:#228822;text-decoration:underline;} .message-learn-cannotlearn {font-weight:bold;color:#CC2222;text-decoration:underline;} .message-effect-weak {font-weight:bold;color:#CC2222;} .message-effect-resist {font-weight:bold;color:#6688AA;} .message-effect-immune {font-weight:bold;color:#666666;} .message-learn-list {margin-top:0;margin-bottom:0;} .message-throttle-notice, .message-error {color:#992222;} .message-overflow, .chat small.message-overflow {font-size:0pt;} .message-overflow::before {font-size:9pt;content:'...';} .subtle {color:#3A4A66;}
</style>
<div class="wrapper replay-wrapper" style="max-width:1180px;margin:0 auto">
<input type="hidden" name="replayid" value="nu-534002515" />
<div class="battle"></div><div class="battle-log"></div><div class="replay-controls"></div><div class="replay-controls-2"></div>
<h1 style="font-weight:normal;text-align:center"><strong>NU</strong><br /><a href="http://pokemonshowdown.com/users/contipelli" class="subtle" target="_blank">Contipelli</a> vs. <a href="http://pokemonshowdown.com/users/andrewrite" class="subtle" target="_blank">Andrewrite</a></h1>
<script type="text/plain" class="battle-log-data">|j|Contipelli
|j|Andrewrite
|player|p1|Contipelli|126
|player|p2|Andrewrite|2
|gametype|singles
|gen|6
|tier|NU
|rated
|seed|17682,11117,26875,37428
|rule|Sleep Clause Mod: Limit one foe put to sleep
|rule|Species Clause: Limit one of each Pokémon
|rule|OHKO Clause: OHKO moves are banned
|rule|Moody Clause: Moody is banned
|rule|Evasion Moves Clause: Evasion moves are banned
|rule|Endless Battle Clause: Forcing endless battles is banned
|rule|HP Percentage Mod: HP is shown in percentages
|clearpoke
|poke|p1|Magmortar, F|item
|poke|p1|Omastar, F|item
|poke|p1|Hitmonchan, M|item
|poke|p1|Raichu, F|item
|poke|p1|Aggron, F|item
|poke|p1|Articuno|item
|poke|p2|Electivire, M|item
|poke|p2|Exeggutor, F|item
|poke|p2|Weezing, M|item
|poke|p2|Golurk|item
|poke|p2|Combusken, M|item
|poke|p2|Pawniard, M|item
|rule|Swagger Clause: Swagger is banned
|rule|Baton Pass Clause: Limit one Baton Passer, can't pass Spe and other stats simultaneously
|teampreview
|choice|team 6, team 2, team 3, team 4, team 5, team 1|team 4, team 2, team 3, team 1, team 5, team 6
|
|start
|switch|p1a: Articuno|Articuno|321\/321
|switch|p2a: Golurk|Golurk|382\/382
|-ability|p1a: Articuno|Pressure
|turn|1
|choice|move tailwind|switch 5
|
|switch|p2a: Combusken|Combusken, M|261\/261
|move|p1a: Articuno|Tailwind|p1a: Articuno
|-sidestart|p1: Contipelli|move: Tailwind
|
|upkeep
|turn|2
|choice|switch 2|move protect
|
|switch|p1a: Omastar|Omastar, F|281\/281
|move|p2a: Combusken|Protect|p2a: Combusken
|-fail|p2a: Combusken
|
|-ability|p2a: Combusken|Speed Boost|boost
|-boost|p2a: Combusken|spe|1
|upkeep
|turn|3
|choice|move scald|move hiddenpower
|
|move|p1a: Omastar|Scald|p2a: Combusken
|-supereffective|p2a: Combusken
|-damage|p2a: Combusken|15\/261
|move|p2a: Combusken|Hidden Power|p1a: Omastar
|-supereffective|p1a: Omastar
|-damage|p1a: Omastar|171\/281
|
|-ability|p2a: Combusken|Speed Boost|boost
|-boost|p2a: Combusken|spe|1
|upkeep
|turn|4
|choice|move scald|move protect
|
|move|p2a: Combusken|Protect|p2a: Combusken
|-singleturn|p2a: Combusken|Protect
|move|p1a: Omastar|Scald|p2a: Combusken
|-activate|p2a: Combusken|move: Protect
|
|-sideend|p1: Contipelli|move: Tailwind
|-ability|p2a: Combusken|Speed Boost|boost
|-boost|p2a: Combusken|spe|1
|upkeep
|turn|5
|choice|move scald|move focusblast
|
|move|p2a: Combusken|Focus Blast|p1a: Omastar
|-supereffective|p1a: Omastar
|-damage|p1a: Omastar|0 fnt
|faint|p1a: Omastar
|
|-ability|p2a: Combusken|Speed Boost|boost
|-boost|p2a: Combusken|spe|1
|upkeep
|choice|switch 3|
|
|switch|p1a: Hitmonchan|Hitmonchan, M|241\/241
|turn|6
|j|DoritosGames
|choice|move machpunch|switch 3
|
|switch|p2a: Weezing|Weezing, M|271\/271
|move|p1a: Hitmonchan|Mach Punch|p2a: Weezing
|-resisted|p2a: Weezing
|-damage|p2a: Weezing|226\/271
|
|upkeep
|turn|7
|choice|switch 2|move sludgewave
|
|switch|p1a: Articuno|Articuno|321\/321
|-ability|p1a: Articuno|Pressure
|move|p2a: Weezing|Sludge Wave|p1a: Articuno
|-damage|p1a: Articuno|242\/321
|
|-heal|p1a: Articuno|262\/321|[from] item: Leftovers
|upkeep
|turn|8
|l|DoritosGames
|choice|move icebeam|switch 6
|
|switch|p2a: Pawniard|Pawniard, M|231\/231
|move|p1a: Articuno|Ice Beam|p2a: Pawniard
|-resisted|p2a: Pawniard
|-damage|p2a: Pawniard|153\/231
|
|-heal|p1a: Articuno|282\/321|[from] item: Leftovers
|upkeep
|turn|9
|choice|switch 5|move knockoff
|
|switch|p1a: Aggron|Aggron, F|344\/344
|move|p2a: Pawniard|Knock Off|p1a: Aggron
|-damage|p1a: Aggron|260\/344
|-enditem|p1a: Aggron|Leftovers|[from] move: Knock Off|[of] p2a: Pawniard
|
|upkeep
|turn|10
|choice|move thunderwave|switch 5
|
|switch|p2a: Golurk|Golurk|382\/382
|move|p1a: Aggron|Thunder Wave|p2a: Golurk
|-immune|p2a: Golurk|[msg]
|
|upkeep
|turn|11
|choice|switch 5|move stealthrock
|
|switch|p1a: Articuno|Articuno|282\/321
|-ability|p1a: Articuno|Pressure
|move|p2a: Golurk|Stealth Rock|p1a: Articuno
|-sidestart|p1: Contipelli|move: Stealth Rock
|
|-heal|p1a: Articuno|302\/321|[from] item: Leftovers
|upkeep
|turn|12
|choice|move tailwind|switch 3
|
|switch|p2a: Combusken|Combusken, M|15\/261
|move|p1a: Articuno|Tailwind|p1a: Articuno
|-sidestart|p1: Contipelli|move: Tailwind
|
|-heal|p1a: Articuno|321\/321|[from] item: Leftovers
|upkeep
|turn|13
|choice|move iceshard|move protect
|
|move|p2a: Combusken|Protect|p2a: Combusken
|-singleturn|p2a: Combusken|Protect
|move|p1a: Articuno|Ice Shard|p2a: Combusken
|-activate|p2a: Combusken|move: Protect
|
|-ability|p2a: Combusken|Speed Boost|boost
|-boost|p2a: Combusken|spe|1
|upkeep
|turn|14
|choice|move iceshard|move protect
|
|move|p2a: Combusken|Protect|p2a: Combusken
|-fail|p2a: Combusken
|move|p1a: Articuno|Ice Shard|p2a: Combusken
|-resisted|p2a: Combusken
|-damage|p2a: Combusken|0 fnt
|faint|p2a: Combusken
|
|upkeep
|choice||switch 4
|
|switch|p2a: Electivire|Electivire, M|291\/291
|turn|15
|choice|switch 4|move earthquake
|
|switch|p1a: Raichu|Raichu, F|261\/261
|-damage|p1a: Raichu|229\/261|[from] Stealth Rock
|move|p2a: Electivire|Earthquake|p1a: Raichu
|-supereffective|p1a: Raichu
|-damage|p1a: Raichu|0 fnt
|faint|p1a: Raichu
|
|-sideend|p1: Contipelli|move: Tailwind
|upkeep
|choice|switch 2|
|
|switch|p1a: Hitmonchan|Hitmonchan, M|241\/241
|-damage|p1a: Hitmonchan|226\/241|[from] Stealth Rock
|turn|16
|choice|move closecombat|switch 3
|
|switch|p2a: Golurk|Golurk|382\/382
|move|p1a: Hitmonchan|Close Combat|p2a: Golurk
|-immune|p2a: Golurk|[msg]
|
|upkeep
|turn|17
|choice|switch 4|move earthquake
|
|switch|p1a: Articuno|Articuno|321\/321
|-damage|p1a: Articuno|161\/321|[from] Stealth Rock
|-ability|p1a: Articuno|Pressure
|move|p2a: Golurk|Earthquake|p1a: Articuno
|-immune|p1a: Articuno|[msg]
|
|-heal|p1a: Articuno|181\/321|[from] item: Leftovers
|upkeep
|turn|18
|choice|move tailwind|move thunderpunch
|
|move|p1a: Articuno|Tailwind|p1a: Articuno
|-sidestart|p1: Contipelli|move: Tailwind
|move|p2a: Golurk|Thunder Punch|p1a: Articuno
|-supereffective|p1a: Articuno
|-damage|p1a: Articuno|0 fnt
|faint|p1a: Articuno
|
|upkeep
|choice|switch 6|
|
|switch|p1a: Magmortar|Magmortar, F|291\/291
|-damage|p1a: Magmortar|219\/291|[from] Stealth Rock
|turn|19
|choice|move hiddenpower|switch 5
|
|switch|p2a: Pawniard|Pawniard, M|153\/231
|move|p1a: Magmortar|Hidden Power|p2a: Pawniard
|-resisted|p2a: Pawniard
|-damage|p2a: Pawniard|95\/231
|-damage|p1a: Magmortar|190\/291|[from] item: Life Orb
|
|upkeep
|turn|20
|choice|move overheat|move ironhead
|
|move|p1a: Magmortar|Overheat|p2a: Pawniard
|-supereffective|p2a: Pawniard
|-damage|p2a: Pawniard|0 fnt
|-unboost|p1a: Magmortar|spa|2
|-damage|p1a: Magmortar|161\/291|[from] item: Life Orb
|faint|p2a: Pawniard
|
|upkeep
|choice||switch 3
|
|switch|p2a: Electivire|Electivire, M|291\/291
|turn|21
|choice|move willowisp|move wildcharge
|
|move|p1a: Magmortar|Will-O-Wisp|p2a: Electivire
|-status|p2a: Electivire|brn
|move|p2a: Electivire|Wild Charge|p1a: Magmortar
|-damage|p1a: Magmortar|0 fnt
|-damage|p2a: Electivire|251\/291 brn|[from] recoil|[of] p1a: Magmortar
|faint|p1a: Magmortar
|
|-damage|p2a: Electivire|215\/291 brn|[from] brn
|-sideend|p1: Contipelli|move: Tailwind
|upkeep
|choice|switch 5|
|
|switch|p1a: Aggron|Aggron, F|260\/344
|-damage|p1a: Aggron|239\/344|[from] Stealth Rock
|turn|22
|choice|move headsmash|move wildcharge
|
|move|p2a: Electivire|Wild Charge|p1a: Aggron
|-damage|p1a: Aggron|160\/344
|-damage|p2a: Electivire|195\/291 brn|[from] recoil|[of] p1a: Aggron
|move|p1a: Aggron|Head Smash|p2a: Electivire
|-damage|p2a: Electivire|0 fnt
|faint|p2a: Electivire
|
|upkeep
|choice||switch 5
|
|switch|p2a: Golurk|Golurk|382\/382
|turn|23
|choice|move earthquake|move earthquake
|
|move|p2a: Golurk|Earthquake|p1a: Aggron
|-supereffective|p1a: Aggron
|-damage|p1a: Aggron|0 fnt
|faint|p1a: Aggron
|
|upkeep
|-message|Contipelli forfeited.
|
|win|Andrewrite
|player|p1
|player|p2
|l|Contipelli</script>
</div>
<div class="battle-log battle-log-inline"><div class="inner"><div class="battle-options"></div><div class="inner"><div class="chat"><small>Contipelli joined.</small></div><div class="chat"><small>Andrewrite joined.</small></div><div class=""><small>Format:</small> <br><strong>NU</strong></div><div class="rated"><strong>Rated battle</strong></div><div class=""><small><em>Sleep Clause Mod:</em> Limit one foe put to sleep</small></div><div class=""><small><em>Species Clause:</em> Limit one of each Pokémon</small></div><div class=""><small><em>OHKO Clause:</em> OHKO moves are banned</small></div><div class=""><small><em>Moody Clause:</em> Moody is banned</small></div><div class=""><small><em>Evasion Moves Clause:</em> Evasion moves are banned</small></div><div class=""><small><em>Endless Battle Clause:</em> Forcing endless battles is banned</small></div><div class=""><small><em>HP Percentage Mod:</em> HP is shown in percentages</small></div><div class=""><small><em>Swagger Clause:</em> Swagger is banned</small></div><div class=""><small><em>Baton Pass Clause:</em> Limit one Baton Passer, can't pass Spe and other stats simultaneously</small></div><div class="chat battle-history"><strong>Contipelli's team:</strong> <em style="color:#445566;display:block;">Magmortar / Omastar / Hitmonchan / Raichu / Aggron / Articuno</em></div><div class="chat battle-history"><strong>Andrewrite's team:</strong> <em style="color:#445566;display:block;">Electivire / Exeggutor / Weezing / Golurk / Combusken / Pawniard</em></div><div class="spacer battle-history"><br></div><div class="battle-history">Battle started between Contipelli and Andrewrite!<br></div><div class="spacer battle-history"><br></div><div class="battle-history">Go! <strong>Articuno</strong>!<br></div><div class="spacer battle-history"><br></div><div class="battle-history">Andrewrite sent out <strong>Golurk</strong>!<br></div><div class="battle-history"><small>[Articuno's Pressure]</small><br><small>Articuno is exerting its pressure!</small><br></div><div class="spacer battle-history"><br></div><h2 class="battle-history">Turn 1</h2><div class="spacer battle-history"><br></div><div class="battle-history">Andrewrite withdrew Golurk!<br></div><div class="battle-history">Andrewrite sent out <strong>Combusken</strong>!<br></div><div class="spacer battle-history"><br></div><div class="battle-history">Articuno used <strong>Tailwind</strong>!<br></div><div class="battle-history"><small>The Tailwind blew from behind your team!</small><br></div><div class="spacer battle-history"><br></div><h2 class="battle-history">Turn 2</h2><div class="spacer battle-history"><br></div><div class="battle-history">Articuno, come back!<br></div><div class="battle-history">Go! <strong>Omastar</strong>!<br></div><div class="spacer battle-history"><br></div><div class="battle-history">The opposing Combusken used <strong>Protect</strong>!<br></div><div class="battle-history"><small>But it failed!</small><br></div><div class="spacer battle-history"><br></div><div class="battle-history"><small>[The opposing Combusken's Speed Boost]</small><br></div><div class="battle-history"><small>The opposing Combusken's Speed rose!</small><br></div><div class="spacer battle-history"><br></div><h2 class="battle-history">Turn 3</h2><div class="spacer battle-history"><br></div><div class="battle-history">Omastar used <strong>Scald</strong>!<br></div><div class="battle-history"><small>It's super effective!</small><br></div><div class="battle-history"><small>(The opposing Combusken lost <abbr title="−246/261">94.3%</abbr> of its health!)</small><br></div><div class="spacer battle-history"><br></div><div class="battle-history">The opposing Combusken used <strong>Hidden Power</strong>!<br></div><div class="battle-history"><small>It's super effective!</small><br></div><div class="battle-history"><small>(Omastar lost <abbr title="−110/281">39.1%</abbr> of its health!)</small><br></div><div class="spacer battle-history"><br></div><div class="battle-history"><small>[The opposing Combusken's Speed Boost]</small><br></div><div class="battle-history"><small>The opposing Combusken's Speed rose!</small><br></div><div class="spacer battle-history"><br></div><h2 class="battle-history">Turn 4</h2><div class="spacer battle-history"><br></div><div class="battle-history">The opposing Combusken used <strong>Protect</strong>!<br></div><div class="battle-history"><small>The opposing Combusken protected itself!</small><br></div><div class="spacer battle-history"><br></div><div class="battle-history">Omastar used <strong>Scald</strong>!<br></div><div class="battle-history"><small>The opposing Combusken protected itself!</small><br></div><div class="spacer battle-history"><br></div><div class="battle-history"><small>Your team's Tailwind petered out!</small><br></div><div class="battle-history"><small>[The opposing Combusken's Speed Boost]</small><br></div><div class="battle-history"><small>The opposing Combusken's Speed rose!</small><br></div><div class="spacer battle-history"><br></div><h2 class="battle-history">Turn 5</h2><div class="spacer battle-history"><br></div><div class="battle-history">The opposing Combusken used <strong>Focus Blast</strong>!<br></div><div class="battle-history"><small>It's super effective!</small><br></div><div class="battle-history"><small>(Omastar lost <abbr title="−171/281">60.9%</abbr> of its health!)</small><br></div><div class="spacer battle-history"><br></div><div class="battle-history">Omastar fainted!<br></div><div class="spacer battle-history"><br></div><div class="battle-history"><small>[The opposing Combusken's Speed Boost]</small><br></div><div class="battle-history"><small>The opposing Combusken's Speed rose!</small><br></div><div class="spacer battle-history"><br></div><div class="battle-history">Go! <strong>Hitmonchan</strong>!<br></div><div class="spacer battle-history"><br></div><h2 class="battle-history">Turn 6</h2><div class="chat"><small>DoritosGames joined.</small></div><div class="spacer battle-history"><br></div><div class="battle-history">Andrewrite withdrew Combusken!<br></div><div class="battle-history">Andrewrite sent out <strong>Weezing</strong>!<br></div><div class="spacer battle-history"><br></div><div class="battle-history">Hitmonchan used <strong>Mach Punch</strong>!<br></div><div class="battle-history"><small>It's not very effective...</small><br></div><div class="battle-history"><small>(The opposing Weezing lost <abbr title="−45/271">16.6%</abbr> of its health!)</small><br></div><div class="spacer battle-history"><br></div><h2 class="battle-history">Turn 7</h2><div class="spacer battle-history"><br></div><div class="battle-history">Hitmonchan, come back!<br></div><div class="battle-history">Go! <strong>Articuno</strong>!<br></div><div class="battle-history"><small>[Articuno's Pressure]</small><br><small>Articuno is exerting its pressure!</small><br></div><div class="spacer battle-history"><br></div><div class="battle-history">The opposing Weezing used <strong>Sludge Wave</strong>!<br></div><div class="battle-history"><small>(Articuno lost <abbr title="−79/321">24.6%</abbr> of its health!)</small><br></div><div class="spacer battle-history"><br></div><div class="battle-history"><small>Articuno restored a little HP using its Leftovers!</small><br></div><div class="spacer battle-history"><br></div><h2 class="battle-history">Turn 8</h2><div class="chat"><small>DoritosGames left.</small></div><div class="spacer battle-history"><br></div><div class="battle-history">Andrewrite withdrew Weezing!<br></div><div class="battle-history">Andrewrite sent out <strong>Pawniard</strong>!<br></div><div class="spacer battle-history"><br></div><div class="battle-history">Articuno used <strong>Ice Beam</strong>!<br></div><div class="battle-history"><small>It's not very effective...</small><br></div><div class="battle-history"><small>(The opposing Pawniard lost <abbr title="−78/231">33.8%</abbr> of its health!)</small><br></div><div class="spacer battle-history"><br></div><div class="battle-history"><small>Articuno restored a little HP using its Leftovers!</small><br></div><div class="spacer battle-history"><br></div><h2 class="battle-history">Turn 9</h2><div class="spacer battle-history"><br></div><div class="battle-history">Articuno, come back!<br></div><div class="battle-history">Go! <strong>Aggron</strong>!<br></div><div class="spacer battle-history"><br></div><div class="battle-history">The opposing Pawniard used <strong>Knock Off</strong>!<br></div><div class="battle-history"><small>(Aggron lost <abbr title="−84/344">24.4%</abbr> of its health!)</small><br></div><div class="battle-history"><small>The opposing Pawniard knocked off Aggron's Leftovers!</small><br></div><div class="spacer battle-history"><br></div><h2 class="battle-history">Turn 10</h2><div class="spacer battle-history"><br></div><div class="battle-history">Andrewrite withdrew Pawniard!<br></div><div class="battle-history">Andrewrite sent out <strong>Golurk</strong>!<br></div><div class="spacer battle-history"><br></div><div class="battle-history">Aggron used <strong>Thunder Wave</strong>!<br></div><div class="battle-history"><small>It doesn't affect the opposing Golurk...</small><br></div><div class="spacer battle-history"><br></div><h2 class="battle-history">Turn 11</h2><div class="spacer battle-history"><br></div><div class="battle-history">Aggron, come back!<br></div><div class="battle-history">Go! <strong>Articuno</strong>!<br></div><div class="battle-history"><small>[Articuno's Pressure]</small><br><small>Articuno is exerting its pressure!</small><br></div><div class="spacer battle-history"><br></div><div class="battle-history">The opposing Golurk used <strong>Stealth Rock</strong>!<br></div><div class="battle-history"><small>Pointed stones float in the air around your team!</small><br></div><div class="spacer battle-history"><br></div><div class="battle-history"><small>Articuno restored a little HP using its Leftovers!</small><br></div><div class="spacer battle-history"><br></div><h2 class="battle-history">Turn 12</h2><div class="spacer battle-history"><br></div><div class="battle-history">Andrewrite withdrew Golurk!<br></div><div class="battle-history">Andrewrite sent out <strong>Combusken</strong>!<br></div><div class="spacer battle-history"><br></div><div class="battle-history">Articuno used <strong>Tailwind</strong>!<br></div><div class="battle-history"><small>The Tailwind blew from behind your team!</small><br></div><div class="spacer battle-history"><br></div><div class="battle-history"><small>Articuno restored a little HP using its Leftovers!</small><br></div><div class="spacer battle-history"><br></div><h2 class="battle-history">Turn 13</h2><div class="spacer battle-history"><br></div><div class="battle-history">The opposing Combusken used <strong>Protect</strong>!<br></div><div class="battle-history"><small>The opposing Combusken protected itself!</small><br></div><div class="spacer battle-history"><br></div><div class="battle-history">Articuno used <strong>Ice Shard</strong>!<br></div><div class="battle-history"><small>The opposing Combusken protected itself!</small><br></div><div class="spacer battle-history"><br></div><div class="battle-history"><small>[The opposing Combusken's Speed Boost]</small><br></div><div class="battle-history"><small>The opposing Combusken's Speed rose!</small><br></div><div class="spacer battle-history"><br></div><h2 class="battle-history">Turn 14</h2><div class="spacer battle-history"><br></div><div class="battle-history">The opposing Combusken used <strong>Protect</strong>!<br></div><div class="battle-history"><small>But it failed!</small><br></div><div class="spacer battle-history"><br></div><div class="battle-history">Articuno used <strong>Ice Shard</strong>!<br></div><div class="battle-history"><small>It's not very effective...</small><br></div><div class="battle-history"><small>(The opposing Combusken lost <abbr title="−15/261">5.7%</abbr> of its health!)</small><br></div><div class="spacer battle-history"><br></div><div class="battle-history">The opposing Combusken fainted!<br></div><div class="spacer battle-history"><br></div><div class="battle-history">Andrewrite sent out <strong>Electivire</strong>!<br></div><div class="spacer battle-history"><br></div><h2 class="battle-history">Turn 15</h2><div class="spacer battle-history"><br></div><div class="battle-history">Articuno, come back!<br></div><div class="battle-history">Go! <strong>Raichu</strong>!<br></div><div class="battle-history"><small>Pointed stones dug into Raichu!</small><br></div><div class="spacer battle-history"><br></div><div class="battle-history">The opposing Electivire used <strong>Earthquake</strong>!<br></div><div class="battle-history"><small>It's super effective!</small><br></div><div class="battle-history"><small>(Raichu lost <abbr title="−229/261">87.7%</abbr> of its health!)</small><br></div><div class="spacer battle-history"><br></div><div class="battle-history">Raichu fainted!<br></div><div class="spacer battle-history"><br></div><div class="battle-history"><small>Your team's Tailwind petered out!</small><br></div><div class="spacer battle-history"><br></div><div class="battle-history">Go! <strong>Hitmonchan</strong>!<br></div><div class="battle-history"><small>Pointed stones dug into Hitmonchan!</small><br></div><div class="spacer battle-history"><br></div><h2 class="battle-history">Turn 16</h2><div class="spacer battle-history"><br></div><div class="battle-history">Andrewrite withdrew Electivire!<br></div><div class="battle-history">Andrewrite sent out <strong>Golurk</strong>!<br></div><div class="spacer battle-history"><br></div><div class="battle-history">Hitmonchan used <strong>Close Combat</strong>!<br></div><div class="battle-history"><small>It doesn't affect the opposing Golurk...</small><br></div><div class="spacer battle-history"><br></div><h2 class="battle-history">Turn 17</h2><div class="spacer battle-history"><br></div><div class="battle-history">Hitmonchan, come back!<br></div><div class="battle-history">Go! <strong>Articuno</strong>!<br></div><div class="battle-history"><small>Pointed stones dug into Articuno!</small><br></div><div class="battle-history"><small>[Articuno's Pressure]</small><br><small>Articuno is exerting its pressure!</small><br></div><div class="spacer battle-history"><br></div><div class="battle-history">The opposing Golurk used <strong>Earthquake</strong>!<br></div><div class="battle-history"><small>It doesn't affect Articuno...</small><br></div><div class="spacer battle-history"><br></div><div class="battle-history"><small>Articuno restored a little HP using its Leftovers!</small><br></div><div class="spacer battle-history"><br></div><h2 class="battle-history">Turn 18</h2><div class="spacer battle-history"><br></div><div class="battle-history">Articuno used <strong>Tailwind</strong>!<br></div><div class="battle-history"><small>The Tailwind blew from behind your team!</small><br></div><div class="spacer battle-history"><br></div><div class="battle-history">The opposing Golurk used <strong>Thunder Punch</strong>!<br></div><div class="battle-history"><small>It's super effective!</small><br></div><div class="battle-history"><small>(Articuno lost <abbr title="−181/321">56.4%</abbr> of its health!)</small><br></div><div class="spacer battle-history"><br></div><div class="battle-history">Articuno fainted!<br></div><div class="spacer battle-history"><br></div><div class="battle-history">Go! <strong>Magmortar</strong>!<br></div><div class="battle-history"><small>Pointed stones dug into Magmortar!</small><br></div><div class="spacer battle-history"><br></div><h2 class="battle-history">Turn 19</h2><div class="spacer battle-history"><br></div><div class="battle-history">Andrewrite withdrew Golurk!<br></div><div class="battle-history">Andrewrite sent out <strong>Pawniard</strong>!<br></div><div class="spacer battle-history"><br></div><div class="battle-history">Magmortar used <strong>Hidden Power</strong>!<br></div><div class="battle-history"><small>It's not very effective...</small><br></div><div class="battle-history"><small>(The opposing Pawniard lost <abbr title="−58/231">25.1%</abbr> of its health!)</small><br></div><div class="battle-history"><small>Magmortar lost some of its HP!</small><br></div><div class="spacer battle-history"><br></div><h2 class="battle-history">Turn 20</h2><div class="spacer battle-history"><br></div><div class="battle-history">Magmortar used <strong>Overheat</strong>!<br></div><div class="battle-history"><small>It's super effective!</small><br></div><div class="battle-history"><small>(The opposing Pawniard lost <abbr title="−95/231">41.1%</abbr> of its health!)</small><br></div><div class="battle-history"><small>Magmortar's Special Attack fell harshly!</small><br></div><div class="battle-history"><small>Magmortar lost some of its HP!</small><br></div><div class="spacer battle-history"><br></div><div class="battle-history">The opposing Pawniard fainted!<br></div><div class="spacer battle-history"><br></div><div class="battle-history">Andrewrite sent out <strong>Electivire</strong>!<br></div><div class="spacer battle-history"><br></div><h2 class="battle-history">Turn 21</h2><div class="spacer battle-history"><br></div><div class="battle-history">Magmortar used <strong>Will-O-Wisp</strong>!<br></div><div class="battle-history"><small>The opposing Electivire was burned!</small><br></div><div class="spacer battle-history"><br></div><div class="battle-history">The opposing Electivire used <strong>Wild Charge</strong>!<br></div><div class="battle-history"><small>(Magmortar lost <abbr title="−161/291">55.3%</abbr> of its health!)</small><br></div><div class="battle-history"><small>The opposing Electivire is damaged by the recoil!</small><br></div><div class="spacer battle-history"><br></div><div class="battle-history">Magmortar fainted!<br></div><div class="spacer battle-history"><br></div><div class="battle-history"><small>The opposing Electivire was hurt by its burn!</small><br></div><div class="battle-history"><small>Your team's Tailwind petered out!</small><br></div><div class="spacer battle-history"><br></div><div class="battle-history">Go! <strong>Aggron</strong>!<br></div><div class="battle-history"><small>Pointed stones dug into Aggron!</small><br></div><div class="spacer battle-history"><br></div><h2 class="battle-history">Turn 22</h2><div class="spacer battle-history"><br></div><div class="battle-history">The opposing Electivire used <strong>Wild Charge</strong>!<br></div><div class="battle-history"><small>(Aggron lost <abbr title="−79/344">23.0%</abbr> of its health!)</small><br></div><div class="battle-history"><small>The opposing Electivire is damaged by the recoil!</small><br></div><div class="spacer battle-history"><br></div><div class="battle-history">Aggron used <strong>Head Smash</strong>!<br></div><div class="battle-history"><small>(The opposing Electivire lost <abbr title="−195/291">67.0%</abbr> of its health!)</small><br></div><div class="spacer battle-history"><br></div><div class="battle-history">The opposing Electivire fainted!<br></div><div class="spacer battle-history"><br></div><div class="battle-history">Andrewrite sent out <strong>Golurk</strong>!<br></div><div class="spacer battle-history"><br></div><h2 class="battle-history">Turn 23</h2><div class="spacer battle-history"><br></div><div class="battle-history">The opposing Golurk used <strong>Earthquake</strong>!<br></div><div class="battle-history"><small>It's super effective!</small><br></div><div class="battle-history"><small>(Aggron lost <abbr title="−160/344">46.5%</abbr> of its health!)</small><br></div><div class="spacer battle-history"><br></div><div class="battle-history">Aggron fainted!<br></div><div class="spacer battle-history"><br></div><div class="battle-history"><small>Contipelli forfeited.</small><br></div><div class="spacer battle-history"><br></div><div class="battle-history"><strong>Andrewrite</strong> won the battle!<br></div><div class="chat"><small>Contipelli left.</small></div></div><div class="inner-preempt"></div></div></div>
</div>
<script>
let daily = Math.floor(Date.now()/1000/60/60/24);document.write('<script src="https://play.pokemonshowdown.com/js/replay-embed.js?version'+daily+'"></'+'script>');
</script>
