<!DOCTYPE html>
<meta charset="utf-8" />
<!-- version 1 -->
<title>NU replay: djchozley vs. t0te</title>
<style>
html,body {font-family:Verdana, sans-serif;font-size:10pt;margin:0;padding:0;}body{padding:12px 0;} .battle-log {font-family:Verdana, sans-serif;font-size:10pt;} .battle-log-inline {border:1px solid #AAAAAA;background:#EEF2F5;color:black;max-width:640px;margin:0 auto 80px;padding-bottom:5px;} .battle-log .inner {padding:4px 8px 0px 8px;} .battle-log .inner-preempt {padding:0 8px 4px 8px;} .battle-log .inner-after {margin-top:0.5em;} .battle-log h2 {margin:0.5em -8px;padding:4px 8px;border:1px solid #AAAAAA;background:#E0E7EA;border-left:0;border-right:0;font-family:Verdana, sans-serif;font-size:13pt;} .battle-log .chat {vertical-align:middle;padding:3px 0 3px 0;font-size:8pt;} .battle-log .chat strong {color:#40576A;} .battle-log .chat em {padding:1px 4px 1px 3px;color:#000000;font-style:normal;} .chat.mine {background:rgba(0,0,0,0.05);margin-left:-8px;margin-right:-8px;padding-left:8px;padding-right:8px;} .spoiler {color:#BBBBBB;background:#BBBBBB;padding:0px 3px;} .spoiler:hover, .spoiler:active, .spoiler-shown {color:#000000;background:#E2E2E2;padding:0px 3px;} .spoiler a {color:#BBBBBB;} .spoiler:hover a, .spoiler:active a, .spoiler-shown a {color:#2288CC;} .chat code, .chat .spoiler:hover code, .chat .spoiler:active code, .chat .spoiler-shown code {border:1px solid #C0C0C0;background:#EEEEEE;color:black;padding:0 2px;} .chat .spoiler code {border:1px solid #CCCCCC;background:#CCCCCC;color:#CCCCCC;} .battle-log .rated {padding:3px 4px;} .battle-log .rated strong {color:white;background:#89A;padding:1px 4px;border-radius:4px;} .spacer {margin-top:0.5em;} .message-announce {background:#6688AA;color:white;padding:1px 4px 2px;} .message-announce a, .broadcast-green a, .broadcast-blue a, .broadcast-red a {color:#DDEEFF;} .broadcast-green {background-color:#559955;color:white;padding:2px 4px;} .broadcast-blue {background-color:#6688AA;color:white;padding:2px 4px;} .infobox {border:1px solid #6688AA;padding:2px 4px;} .infobox-limited {max-height:200px;overflow:auto;overflow-x:hidden;} .broadcast-red {background-color:#AA5544;color:white;padding:2px 4px;} .message-learn-canlearn {font-weight:bold;color:#228822;text-decoration:underline;} .message-learn-cannotlearn {font-weight:bold;color:#CC2222;text-decoration:underline;} .message-effect-weak {font-weight:bold;color:#CC2222;} .message-effect-resist {font-weight:bold;color:#6688AA;} .message-effect-immune {font-weight:bold;color:#666666;} .message-learn-list {margin-top:0;margin-bottom:0;} .message-throttle-notice, .message-error {color:#992222;} .message-overflow, .chat small.message-overflow {font-size:0pt;} .message-overflow::before {font-size:9pt;content:'...';} .subtle {color:#3A4A66;}
</style>
<div class="wrapper replay-wrapper" style="max-width:1180px;margin:0 auto">
<input type="hidden" name="replayid" value="nu-541064342" />
<div class="battle"></div><div class="battle-log"></div><div class="replay-controls"></div><div class="replay-controls-2"></div>
<h1 style="font-weight:normal;text-align:center"><strong>NU</strong><br /><a href="http://pokemonshowdown.com/users/djchozley" class="subtle" target="_blank">djchozley</a> vs. <a href="http://pokemonshowdown.com/users/t0te" class="subtle" target="_blank">t0te</a></h1>
<script type="text/plain" class="battle-log-data">|j|djchozley
|j|t0te
|player|p1|djchozley|99
|player|p2|t0te|163
|gametype|singles
|gen|6
|tier|NU
|seed|7921,20091,52914,21158
|rule|Sleep Clause Mod: Limit one foe put to sleep
|rule|Species Clause: Limit one of each Pokémon
|rule|OHKO Clause: OHKO moves are banned
|rule|Moody Clause: Moody is banned
|rule|Evasion Moves Clause: Evasion moves are banned
|rule|Endless Battle Clause: Forcing endless battles is banned
|rule|HP Percentage Mod: HP is shown in percentages
|clearpoke
|poke|p1|Gurdurr, M|item
|poke|p1|Vivillon, F|item
|poke|p1|Klinklang|item
|poke|p1|Tauros, M|item
|poke|p1|Mismagius, M|item
|poke|p1|Gastrodon, M|item
|poke|p2|Vivillon-Sun, M|item
|poke|p2|Meganium, F|item
|poke|p2|Aurorus, M|item
|poke|p2|Lanturn, M|item
|poke|p2|Malamar, F|item
|poke|p2|Gorebyss, F|item
|rule|Swagger Clause: Swagger is banned
|rule|Baton Pass Clause: Limit one Baton Passer, can't pass Spe and other stats simultaneously
|teampreview
|j|Stats Bot
|l|Stats Bot
|c|☆djchozley|glhf
|choice|team 3, team 2, team 1, team 4, team 5, team 6|team 1, team 2, team 3, team 4, team 5, team 6
|
|start
|switch|p1a: Klinklang|Klinklang|324\/324
|switch|p2a: Vivillon|Vivillon-Sun, M|301\/301
|-item|p1a: Klinklang|Air Balloon
|turn|1
|j|Deceived
|c|+Deceived|djchokey
|l|Deceived
|c|☆djchozley|u kinda right
|choice|move sleeptalk|move sleeppowder
|
|move|p2a: Vivillon|Sleep Powder|p1a: Klinklang
|-status|p1a: Klinklang|slp
|cant|p1a: Klinklang|slp
|move|p1a: Klinklang|Sleep Talk|p1a: Klinklang
|move|p1a: Klinklang|Rest|p1a: Klinklang|[from]Sleep Talk
|-fail|p1a: Klinklang
|
|upkeep
|turn|2
|choice|move sleeptalk|move quiverdance
|
|move|p2a: Vivillon|Quiver Dance|p2a: Vivillon
|-boost|p2a: Vivillon|spa|1
|-boost|p2a: Vivillon|spd|1
|-boost|p2a: Vivillon|spe|1
|cant|p1a: Klinklang|slp
|move|p1a: Klinklang|Sleep Talk|p1a: Klinklang
|move|p1a: Klinklang|Gear Grind|p2a: Vivillon|[from]Sleep Talk
|-damage|p2a: Vivillon|193\/301
|-damage|p2a: Vivillon|94\/301
|-hitcount|p2a: Vivillon|2
|
|upkeep
|turn|3
|choice|move sleeptalk|move hurricane
|
|move|p2a: Vivillon|Hurricane|p1a: Klinklang|[miss]
|-miss|p2a: Vivillon|p1a: Klinklang
|-curestatus|p1a: Klinklang|slp|[msg]
|move|p1a: Klinklang|Sleep Talk|p1a: Klinklang
|-fail|p1a: Klinklang
|
|upkeep
|turn|4
|choice|move shiftgear|move hurricane
|
|move|p2a: Vivillon|Hurricane|p1a: Klinklang
|-resisted|p1a: Klinklang
|-damage|p1a: Klinklang|205\/324
|-enditem|p1a: Klinklang|Air Balloon
|move|p1a: Klinklang|Shift Gear|p1a: Klinklang
|-boost|p1a: Klinklang|spe|2
|-boost|p1a: Klinklang|atk|1
|
|upkeep
|turn|5
|choice|move geargrind|move sleeppowder
|
|move|p2a: Vivillon|Sleep Powder|p1a: Klinklang
|-status|p1a: Klinklang|slp
|cant|p1a: Klinklang|slp
|
|upkeep
|turn|6
|choice|move sleeptalk|move hurricane
|
|move|p2a: Vivillon|Hurricane|p1a: Klinklang
|-resisted|p1a: Klinklang
|-damage|p1a: Klinklang|67\/324 slp
|-curestatus|p1a: Klinklang|slp|[msg]
|move|p1a: Klinklang|Sleep Talk|p1a: Klinklang
|-fail|p1a: Klinklang
|
|upkeep
|turn|7
|choice|move sleeptalk|move bugbuzz
|
|move|p2a: Vivillon|Bug Buzz|p1a: Klinklang
|-resisted|p1a: Klinklang
|-damage|p1a: Klinklang|0 fnt
|faint|p1a: Klinklang
|
|upkeep
|choice|switch 6|
|
|switch|p1a: Gastrodon|Gastrodon, M|426\/426
|turn|8
|choice|move icebeam|move sleeppowder
|
|move|p2a: Vivillon|Sleep Powder|p1a: Gastrodon
|-status|p1a: Gastrodon|slp
|cant|p1a: Gastrodon|slp
|
|upkeep
|turn|9
|choice|move icebeam|move quiverdance
|
|move|p2a: Vivillon|Quiver Dance|p2a: Vivillon
|-boost|p2a: Vivillon|spa|1
|-boost|p2a: Vivillon|spd|1
|-boost|p2a: Vivillon|spe|1
|cant|p1a: Gastrodon|slp
|
|upkeep
|turn|10
|choice|move icebeam|move hurricane
|
|move|p2a: Vivillon|Hurricane|p1a: Gastrodon
|-damage|p1a: Gastrodon|204\/426 slp
|cant|p1a: Gastrodon|slp
|
|upkeep
|turn|11
|choice|move icebeam|move hurricane
|
|move|p2a: Vivillon|Hurricane|p1a: Gastrodon
|-damage|p1a: Gastrodon|0 fnt
|faint|p1a: Gastrodon
|
|upkeep
|choice|switch 3|
|
|switch|p1a: Gurdurr|Gurdurr, M|374\/374
|turn|12
|choice|move machpunch|move sleeppowder
|
|move|p1a: Gurdurr|Mach Punch|p2a: Vivillon
|-resisted|p2a: Vivillon
|-damage|p2a: Vivillon|65\/301
|move|p2a: Vivillon|Sleep Powder|p1a: Gurdurr|[miss]
|-miss|p2a: Vivillon|p1a: Gurdurr
|
|upkeep
|turn|13
|choice|move machpunch|move sleeppowder
|
|move|p1a: Gurdurr|Mach Punch|p2a: Vivillon
|-resisted|p2a: Vivillon
|-damage|p2a: Vivillon|38\/301
|move|p2a: Vivillon|Sleep Powder|p1a: Gurdurr
|-status|p1a: Gurdurr|slp
|
|upkeep
|turn|14
|choice|move machpunch|move quiverdance
|
|cant|p1a: Gurdurr|slp
|move|p2a: Vivillon|Quiver Dance|p2a: Vivillon
|-boost|p2a: Vivillon|spa|1
|-boost|p2a: Vivillon|spd|1
|-boost|p2a: Vivillon|spe|1
|
|upkeep
|turn|15
|choice|move machpunch|move hurricane
|
|cant|p1a: Gurdurr|slp
|move|p2a: Vivillon|Hurricane|p1a: Gurdurr
|-supereffective|p1a: Gurdurr
|-damage|p1a: Gurdurr|0 fnt
|faint|p1a: Gurdurr
|
|upkeep
|choice|switch 4|
|
|switch|p1a: Tauros|Tauros, M|291\/291
|turn|16
|choice|move return|move bugbuzz
|
|move|p2a: Vivillon|Bug Buzz|p1a: Tauros
|-damage|p1a: Tauros|0 fnt
|faint|p1a: Tauros
|
|upkeep
|choice|switch 5|
|
|switch|p1a: Mismagius|Mismagius, M|261\/261
|turn|17
|choice|move mysticalfire|move hurricane
|
|move|p2a: Vivillon|Hurricane|p1a: Mismagius
|-damage|p1a: Mismagius|0 fnt
|faint|p1a: Mismagius
|
|upkeep
|choice|switch 2|
|
|switch|p1a: Vivillon|Vivillon, F|301\/301
|turn|18
|choice|move gigadrain|move sleeppowder
|
|move|p2a: Vivillon|Sleep Powder|p1a: Vivillon|[miss]
|-miss|p2a: Vivillon|p1a: Vivillon
|move|p1a: Vivillon|Giga Drain|p2a: Vivillon
|-resisted|p2a: Vivillon
|-damage|p2a: Vivillon|26\/301
|
|upkeep
|turn|19
|choice|move hurricane|move sleeppowder
|
|move|p2a: Vivillon|Sleep Powder|p1a: Vivillon
|-status|p1a: Vivillon|slp
|cant|p1a: Vivillon|slp
|
|upkeep
|turn|20
|choice|move hurricane|move hurricane
|
|move|p2a: Vivillon|Hurricane|p1a: Vivillon
|-supereffective|p1a: Vivillon
|-damage|p1a: Vivillon|0 fnt
|faint|p1a: Vivillon
|
|win|t0te
|player|p1
|player|p2
|l|djchozley
|l|t0te
|j|djchokely</script>
</div>
<div class="battle-log battle-log-inline"><div class="inner"><div class="battle-options"></div><div class="inner"><div class="chat"><small>djchozley joined.</small></div><div class="chat"><small>t0te joined.</small></div><div class=""><small>Format:</small> <br><strong>NU</strong></div><div class=""><small><em>Sleep Clause Mod:</em> Limit one foe put to sleep</small></div><div class=""><small><em>Species Clause:</em> Limit one of each Pokémon</small></div><div class=""><small><em>OHKO Clause:</em> OHKO moves are banned</small></div><div class=""><small><em>Moody Clause:</em> Moody is banned</small></div><div class=""><small><em>Evasion Moves Clause:</em> Evasion moves are banned</small></div><div class=""><small><em>Endless Battle Clause:</em> Forcing endless battles is banned</small></div><div class=""><small><em>HP Percentage Mod:</em> HP is shown in percentages</small></div><div class=""><small><em>Swagger Clause:</em> Swagger is banned</small></div><div class=""><small><em>Baton Pass Clause:</em> Limit one Baton Passer, can't pass Spe and other stats simultaneously</small></div><div class="chat battle-history"><strong>djchozley's team:</strong> <em style="color:#445566;display:block;">Gurdurr / Vivillon / Klinklang / Tauros / Mismagius / Gastrodon</em></div><div class="chat battle-history"><strong>t0te's team:</strong> <em style="color:#445566;display:block;">Vivillon-Sun / Meganium / Aurorus / Lanturn / Malamar / Gorebyss</em></div><div class="chat"><small>Stats Bot joined.</small></div><div class="chat"><small>Stats Bot left.</small></div><div class="chat chatmessage-djchozley"><strong style="color:hsl(51,74%,30%)"><small>☆</small><span class="username" data-name="djchozley">djchozley</span>:</strong> <em>glhf</em></div><div class="spacer battle-history"><br></div><div class="battle-history">Battle started between djchozley and t0te!<br></div><div class="spacer battle-history"><br></div><div class="battle-history">Go! <strong>Klinklang</strong>!<br></div><div class="spacer battle-history"><br></div><div class="battle-history">t0te sent out Vivillon (<strong>Vivillon-Sun</strong>)!<br></div><div class="battle-history"><small>Klinklang floats in the air with its Air Balloon!</small><br></div><div class="spacer battle-history"><br></div><h2 class="battle-history">Turn 1</h2><div class="chat"><small>Deceived joined.</small></div><div class="chat chatmessage-deceived"><strong style="color:hsl(202,69%,43%)"><small>+</small><span class="username" data-name="Deceived">Deceived</span>:</strong> <em>djchokey</em></div><div class="chat"><small>Deceived left.</small></div><div class="chat chatmessage-djchozley"><strong style="color:hsl(51,74%,30%)"><small>☆</small><span class="username" data-name="djchozley">djchozley</span>:</strong> <em>u kinda right</em></div><div class="spacer battle-history"><br></div><div class="battle-history">The opposing Vivillon used <strong>Sleep Powder</strong>!<br></div><div class="battle-history"><small>Klinklang fell asleep!</small><br></div><div class="spacer battle-history"><br></div><div class="battle-history">Klinklang is fast asleep.<br></div><div class="spacer battle-history"><br></div><div class="battle-history">Klinklang used <strong>Sleep Talk</strong>!<br></div><div class="spacer battle-history"><br></div><div class="battle-history">Klinklang used <strong>Rest</strong>!<br></div><div class="battle-history"><small>But it failed!</small><br></div><div class="spacer battle-history"><br></div><h2 class="battle-history">Turn 2</h2><div class="spacer battle-history"><br></div><div class="battle-history">The opposing Vivillon used <strong>Quiver Dance</strong>!<br></div><div class="battle-history"><small>The opposing Vivillon's Special Attack rose!</small><br></div><div class="battle-history"><small>The opposing Vivillon's Special Defense rose!</small><br></div><div class="battle-history"><small>The opposing Vivillon's Speed rose!</small><br></div><div class="spacer battle-history"><br></div><div class="battle-history">Klinklang is fast asleep.<br></div><div class="spacer battle-history"><br></div><div class="battle-history">Klinklang used <strong>Sleep Talk</strong>!<br></div><div class="spacer battle-history"><br></div><div class="battle-history">Klinklang used <strong>Gear Grind</strong>!<br></div><div class="battle-history"><small>(The opposing Vivillon lost <abbr title="−108/301">35.9%</abbr> of its health!)</small><br></div><div class="battle-history"><small>(The opposing Vivillon lost <abbr title="−99/301">32.9%</abbr> of its health!)</small><br></div><div class="battle-history"><small>Hit 2 times!</small><br></div><div class="spacer battle-history"><br></div><h2 class="battle-history">Turn 3</h2><div class="spacer battle-history"><br></div><div class="battle-history">The opposing Vivillon used <strong>Hurricane</strong>!<br></div><div class="battle-history"><small>Klinklang avoided the attack!</small><br></div><div class="battle-history"><small>Klinklang woke up!</small><br></div><div class="spacer battle-history"><br></div><div class="battle-history">Klinklang used <strong>Sleep Talk</strong>!<br></div><div class="battle-history"><small>But it failed!</small><br></div><div class="spacer battle-history"><br></div><h2 class="battle-history">Turn 4</h2><div class="spacer battle-history"><br></div><div class="battle-history">The opposing Vivillon used <strong>Hurricane</strong>!<br></div><div class="battle-history"><small>It's not very effective...</small><br></div><div class="battle-history"><small>(Klinklang lost <abbr title="−119/324">36.7%</abbr> of its health!)</small><br></div><div class="battle-history"><small>Klinklang's Air Balloon popped!</small><br></div><div class="spacer battle-history"><br></div><div class="battle-history">Klinklang used <strong>Shift Gear</strong>!<br></div><div class="battle-history"><small>Klinklang's Speed rose sharply!</small><br></div><div class="battle-history"><small>Klinklang's Attack rose!</small><br></div><div class="spacer battle-history"><br></div><h2 class="battle-history">Turn 5</h2><div class="spacer battle-history"><br></div><div class="battle-history">The opposing Vivillon used <strong>Sleep Powder</strong>!<br></div><div class="battle-history"><small>Klinklang fell asleep!</small><br></div><div class="spacer battle-history"><br></div><div class="battle-history">Klinklang is fast asleep.<br></div><div class="spacer battle-history"><br></div><h2 class="battle-history">Turn 6</h2><div class="spacer battle-history"><br></div><div class="battle-history">The opposing Vivillon used <strong>Hurricane</strong>!<br></div><div class="battle-history"><small>It's not very effective...</small><br></div><div class="battle-history"><small>(Klinklang lost <abbr title="−138/324">42.6%</abbr> of its health!)</small><br></div><div class="battle-history"><small>Klinklang woke up!</small><br></div><div class="spacer battle-history"><br></div><div class="battle-history">Klinklang used <strong>Sleep Talk</strong>!<br></div><div class="battle-history"><small>But it failed!</small><br></div><div class="spacer battle-history"><br></div><h2 class="battle-history">Turn 7</h2><div class="spacer battle-history"><br></div><div class="battle-history">The opposing Vivillon used <strong>Bug Buzz</strong>!<br></div><div class="battle-history"><small>It's not very effective...</small><br></div><div class="battle-history"><small>(Klinklang lost <abbr title="−67/324">20.7%</abbr> of its health!)</small><br></div><div class="spacer battle-history"><br></div><div class="battle-history">Klinklang fainted!<br></div><div class="spacer battle-history"><br></div><div class="battle-history">Go! <strong>Gastrodon</strong>!<br></div><div class="spacer battle-history"><br></div><h2 class="battle-history">Turn 8</h2><div class="spacer battle-history"><br></div><div class="battle-history">The opposing Vivillon used <strong>Sleep Powder</strong>!<br></div><div class="battle-history"><small>Gastrodon fell asleep!</small><br></div><div class="spacer battle-history"><br></div><div class="battle-history">Gastrodon is fast asleep.<br></div><div class="spacer battle-history"><br></div><h2 class="battle-history">Turn 9</h2><div class="spacer battle-history"><br></div><div class="battle-history">The opposing Vivillon used <strong>Quiver Dance</strong>!<br></div><div class="battle-history"><small>The opposing Vivillon's Special Attack rose!</small><br></div><div class="battle-history"><small>The opposing Vivillon's Special Defense rose!</small><br></div><div class="battle-history"><small>The opposing Vivillon's Speed rose!</small><br></div><div class="spacer battle-history"><br></div><div class="battle-history">Gastrodon is fast asleep.<br></div><div class="spacer battle-history"><br></div><h2 class="battle-history">Turn 10</h2><div class="spacer battle-history"><br></div><div class="battle-history">The opposing Vivillon used <strong>Hurricane</strong>!<br></div><div class="battle-history"><small>(Gastrodon lost <abbr title="−222/426">52.1%</abbr> of its health!)</small><br></div><div class="spacer battle-history"><br></div><div class="battle-history">Gastrodon is fast asleep.<br></div><div class="spacer battle-history"><br></div><h2 class="battle-history">Turn 11</h2><div class="spacer battle-history"><br></div><div class="battle-history">The opposing Vivillon used <strong>Hurricane</strong>!<br></div><div class="battle-history"><small>(Gastrodon lost <abbr title="−204/426">47.9%</abbr> of its health!)</small><br></div><div class="spacer battle-history"><br></div><div class="battle-history">Gastrodon fainted!<br></div><div class="spacer battle-history"><br></div><div class="battle-history">Go! <strong>Gurdurr</strong>!<br></div><div class="spacer battle-history"><br></div><h2 class="battle-history">Turn 12</h2><div class="spacer battle-history"><br></div><div class="battle-history">Gurdurr used <strong>Mach Punch</strong>!<br></div><div class="battle-history"><small>It's not very effective...</small><br></div><div class="battle-history"><small>(The opposing Vivillon lost <abbr title="−29/301">9.6%</abbr> of its health!)</small><br></div><div class="spacer battle-history"><br></div><div class="battle-history">The opposing Vivillon used <strong>Sleep Powder</strong>!<br></div><div class="battle-history"><small>Gurdurr avoided the attack!</small><br></div><div class="spacer battle-history"><br></div><h2 class="battle-history">Turn 13</h2><div class="spacer battle-history"><br></div><div class="battle-history">Gurdurr used <strong>Mach Punch</strong>!<br></div><div class="battle-history"><small>It's not very effective...</small><br></div><div class="battle-history"><small>(The opposing Vivillon lost <abbr title="−27/301">9.0%</abbr> of its health!)</small><br></div><div class="spacer battle-history"><br></div><div class="battle-history">The opposing Vivillon used <strong>Sleep Powder</strong>!<br></div><div class="battle-history"><small>Gurdurr fell asleep!</small><br></div><div class="spacer battle-history"><br></div><h2 class="battle-history">Turn 14</h2><div class="spacer battle-history"><br></div><div class="battle-history">Gurdurr is fast asleep.<br></div><div class="spacer battle-history"><br></div><div class="battle-history">The opposing Vivillon used <strong>Quiver Dance</strong>!<br></div><div class="battle-history"><small>The opposing Vivillon's Special Attack rose!</small><br></div><div class="battle-history"><small>The opposing Vivillon's Special Defense rose!</small><br></div><div class="battle-history"><small>The opposing Vivillon's Speed rose!</small><br></div><div class="spacer battle-history"><br></div><h2 class="battle-history">Turn 15</h2><div class="spacer battle-history"><br></div><div class="battle-history">Gurdurr is fast asleep.<br></div><div class="spacer battle-history"><br></div><div class="battle-history">The opposing Vivillon used <strong>Hurricane</strong>!<br></div><div class="battle-history"><small>It's super effective!</small><br></div><div class="battle-history"><small>(Gurdurr lost <abbr title="−374/374">100%</abbr> of its health!)</small><br></div><div class="spacer battle-history"><br></div><div class="battle-history">Gurdurr fainted!<br></div><div class="spacer battle-history"><br></div><div class="battle-history">Go! <strong>Tauros</strong>!<br></div><div class="spacer battle-history"><br></div><h2 class="battle-history">Turn 16</h2><div class="spacer battle-history"><br></div><div class="battle-history">The opposing Vivillon used <strong>Bug Buzz</strong>!<br></div><div class="battle-history"><small>(Tauros lost <abbr title="−291/291">100%</abbr> of its health!)</small><br></div><div class="spacer battle-history"><br></div><div class="battle-history">Tauros fainted!<br></div><div class="spacer battle-history"><br></div><div class="battle-history">Go! <strong>Mismagius</strong>!<br></div><div class="spacer battle-history"><br></div><h2 class="battle-history">Turn 17</h2><div class="spacer battle-history"><br></div><div class="battle-history">The opposing Vivillon used <strong>Hurricane</strong>!<br></div><div class="battle-history"><small>(Mismagius lost <abbr title="−261/261">100%</abbr> of its health!)</small><br></div><div class="spacer battle-history"><br></div><div class="battle-history">Mismagius fainted!<br></div><div class="spacer battle-history"><br></div><div class="battle-history">Go! <strong>Vivillon</strong>!<br></div><div class="spacer battle-history"><br></div><h2 class="battle-history">Turn 18</h2><div class="spacer battle-history"><br></div><div class="battle-history">The opposing Vivillon used <strong>Sleep Powder</strong>!<br></div><div class="battle-history"><small>Vivillon avoided the attack!</small><br></div><div class="spacer battle-history"><br></div><div class="battle-history">Vivillon used <strong>Giga Drain</strong>!<br></div><div class="battle-history"><small>It's not very effective...</small><br></div><div class="battle-history"><small>(The opposing Vivillon lost <abbr title="−12/301">4.0%</abbr> of its health!)</small><br></div><div class="spacer battle-history"><br></div><h2 class="battle-history">Turn 19</h2><div class="spacer battle-history"><br></div><div class="battle-history">The opposing Vivillon used <strong>Sleep Powder</strong>!<br></div><div class="battle-history"><small>Vivillon fell asleep!</small><br></div><div class="spacer battle-history"><br></div><div class="battle-history">Vivillon is fast asleep.<br></div><div class="spacer battle-history"><br></div><h2 class="battle-history">Turn 20</h2><div class="spacer battle-history"><br></div><div class="battle-history">The opposing Vivillon used <strong>Hurricane</strong>!<br></div><div class="battle-history"><small>It's super effective!</small><br></div><div class="battle-history"><small>(Vivillon lost <abbr title="−301/301">100%</abbr> of its health!)</small><br></div><div class="spacer battle-history"><br></div><div class="battle-history">Vivillon fainted!<br></div><div class="spacer battle-history"><br></div><div class="battle-history"><strong>t0te</strong> won the battle!<br></div><div class="chat"><small>djchozley left.</small></div><div class="chat"><small>t0te left.</small></div><div class="chat"><small>djchokely joined.</small></div></div><div class="inner-preempt"></div></div></div>
</div>
<script>
let daily = Math.floor(Date.now()/1000/60/60/24);document.write('<script src="https://play.pokemonshowdown.com/js/replay-embed.js?version'+daily+'"></'+'script>');
</script>
