<!DOCTYPE html>
<meta charset="utf-8" />
<!-- version 1 -->
<title>NU replay: Chim-B vs. Arnik</title>
<style>
html,body {font-family:Verdana, sans-serif;font-size:10pt;margin:0;padding:0;}body{padding:12px 0;} .battle-log {font-family:Verdana, sans-serif;font-size:10pt;} .battle-log-inline {border:1px solid #AAAAAA;background:#EEF2F5;color:black;max-width:640px;margin:0 auto 80px;padding-bottom:5px;} .battle-log .inner {padding:4px 8px 0px 8px;} .battle-log .inner-preempt {padding:0 8px 4px 8px;} .battle-log .inner-after {margin-top:0.5em;} .battle-log h2 {margin:0.5em -8px;padding:4px 8px;border:1px solid #AAAAAA;background:#E0E7EA;border-left:0;border-right:0;font-family:Verdana, sans-serif;font-size:13pt;} .battle-log .chat {vertical-align:middle;padding:3px 0 3px 0;font-size:8pt;} .battle-log .chat strong {color:#40576A;} .battle-log .chat em {padding:1px 4px 1px 3px;color:#000000;font-style:normal;} .chat.mine {background:rgba(0,0,0,0.05);margin-left:-8px;margin-right:-8px;padding-left:8px;padding-right:8px;} .spoiler {color:#BBBBBB;background:#BBBBBB;padding:0px 3px;} .spoiler:hover, .spoiler:active, .spoiler-shown {color:#000000;background:#E2E2E2;padding:0px 3px;} .spoiler a {color:#BBBBBB;} .spoiler:hover a, .spoiler:active a, .spoiler-shown a {color:#2288CC;} .chat code, .chat .spoiler:hover code, .chat .spoiler:active code, .chat .spoiler-shown code {border:1px solid #C0C0C0;background:#EEEEEE;color:black;padding:0 2px;} .chat .spoiler code {border:1px solid #CCCCCC;background:#CCCCCC;color:#CCCCCC;} .battle-log .rated {padding:3px 4px;} .battle-log .rated strong {color:white;background:#89A;padding:1px 4px;border-radius:4px;} .spacer {margin-top:0.5em;} .message-announce {background:#6688AA;color:white;padding:1px 4px 2px;} .message-announce a, .broadcast-green a, .broadcast-blue a, .broadcast-red a {color:#DDEEFF;} .broadcast-green {background-color:#559955;color:white;padding:2px 4px;} .broadcast-blue {background-color:#6688AA;color:white;padding:2px 4px;} .infobox {border:1px solid #6688AA;padding:2px 4px;} .infobox-limited {max-height:200px;overflow:auto;overflow-x:hidden;} .broadcast-red {background-color:#AA5544;color:white;padding:2px 4px;} .message-learn-canlearn {font-weight:bold;color:#228822;text-decoration:underline;} .message-learn-cannotlearn {font-weight:bold;color:#CC2222;text-decoration:underline;} .message-effect-weak {font-weight:bold;color:#CC2222;} .message-effect-resist {font-weight:bold;color:#6688AA;} .message-effect-immune {font-weight:bold;color:#666666;} .message-learn-list {margin-top:0;margin-bottom:0;} .message-throttle-notice, .message-error {color:#992222;} .message-overflow, .chat small.message-overflow {font-size:0pt;} .message-overflow::before {font-size:9pt;content:'...';} .subtle {color:#3A4A66;}
</style>
<div class="wrapper replay-wrapper" style="max-width:1180px;margin:0 auto">
<input type="hidden" name="replayid" value="nu-557753868" />
<div class="battle"></div><div class="battle-log"></div><div class="replay-controls"></div><div class="replay-controls-2"></div>
<h1 style="font-weight:normal;text-align:center"><strong>NU</strong><br /><a href="http://pokemonshowdown.com/users/chimb" class="subtle" target="_blank">Chim-B</a> vs. <a href="http://pokemonshowdown.com/users/arnik" class="subtle" target="_blank">Arnik</a></h1>
<script type="text/plain" class="battle-log-data">|j|Chim-B
|j|Arnik
|player|p1|Chim-B|164
|player|p2|Arnik|186
|gametype|singles
|gen|6
|tier|NU
|rated
|seed|25297,59465,55951,32378
|rule|Sleep Clause Mod: Limit one foe put to sleep
|rule|Species Clause: Limit one of each Pokémon
|rule|OHKO Clause: OHKO moves are banned
|rule|Moody Clause: Moody is banned
|rule|Evasion Moves Clause: Evasion moves are banned
|rule|Endless Battle Clause: Forcing endless battles is banned
|rule|HP Percentage Mod: HP is shown in percentages
|clearpoke
|poke|p1|Audino, F|item
|poke|p1|Gourgeist-*, M|item
|poke|p1|Lanturn, F|item
|poke|p1|Swellow, M|item
|poke|p1|Claydol|item
|poke|p1|Vivillon-Pokeball, M|item
|poke|p2|Leafeon, M, shiny|item
|poke|p2|Skuntank, F|item
|poke|p2|Archeops, M|
|poke|p2|Gastrodon-East, F|item
|poke|p2|Pyroar, M|item
|poke|p2|Audino, F|item
|rule|Swagger Clause: Swagger is banned
|rule|Baton Pass Clause: Limit one Baton Passer, can't pass Spe and other stats simultaneously
|teampreview
|choice|team 3, team 2, team 1, team 4, team 5, team 6|team 1, team 2, team 3, team 4, team 5, team 6
|
|start
|switch|p1a: Lanturn|Lanturn, F|454\/454
|switch|p2a: Jade|Leafeon, M, shiny|271\/271
|turn|1
|choice|switch 2|move leafblade
|
|switch|p1a: Gourgeist|Gourgeist-Super, M|374\/374
|-item|p2a: Jade|Lum Berry|[from] ability: Frisk|[of] p1a: Gourgeist|[identify]
|move|p2a: Jade|Leaf Blade|p1a: Gourgeist
|-resisted|p1a: Gourgeist
|-damage|p1a: Gourgeist|326\/374
|
|-heal|p1a: Gourgeist|349\/374|[from] item: Leftovers
|upkeep
|turn|2
|choice|move leechseed|move knockoff
|
|move|p2a: Jade|Knock Off|p1a: Gourgeist
|-supereffective|p1a: Gourgeist
|-damage|p1a: Gourgeist|193\/374
|-enditem|p1a: Gourgeist|Leftovers|[from] move: Knock Off|[of] p2a: Jade
|move|p1a: Gourgeist|Leech Seed|p2a: Jade
|-immune|p2a: Jade|[msg]
|
|upkeep
|turn|3
|choice|move synthesis|move swordsdance
|
|move|p2a: Jade|Swords Dance|p2a: Jade
|-boost|p2a: Jade|atk|2
|move|p1a: Gourgeist|Synthesis|p1a: Gourgeist
|-heal|p1a: Gourgeist|374\/374
|
|upkeep
|turn|4
|choice|move willowisp|move knockoff
|
|move|p2a: Jade|Knock Off|p1a: Gourgeist
|-supereffective|p1a: Gourgeist
|-damage|p1a: Gourgeist|184\/374
|move|p1a: Gourgeist|Will-O-Wisp|p2a: Jade
|-status|p2a: Jade|brn
|-enditem|p2a: Jade|Lum Berry|[eat]
|-curestatus|p2a: Jade|brn|[msg]
|
|upkeep
|turn|5
|choice|move willowisp|move knockoff
|
|move|p2a: Jade|Knock Off|p1a: Gourgeist
|-supereffective|p1a: Gourgeist
|-damage|p1a: Gourgeist|0 fnt
|faint|p1a: Gourgeist
|
|upkeep
|choice|switch 4|
|
|switch|p1a: Swellow|Swellow, M|261\/261
|turn|6
|choice|move protect|move knockoff
|
|move|p1a: Swellow|Protect|p1a: Swellow
|-singleturn|p1a: Swellow|Protect
|move|p2a: Jade|Knock Off|p1a: Swellow
|-activate|p1a: Swellow|move: Protect
|
|-status|p1a: Swellow|brn|[from] item: Flame Orb
|upkeep
|turn|7
|choice|move bravebird|switch 2
|
|switch|p2a: Moufflair|Skuntank, F|347\/347
|move|p1a: Swellow|Brave Bird|p2a: Moufflair
|-damage|p2a: Moufflair|0 fnt
|-damage|p1a: Swellow|196\/261 brn|[from] ability: Aftermath|[of] p2a: Moufflair
|-damage|p1a: Swellow|81\/261 brn|[from] recoil|[of] p2a: Moufflair
|faint|p2a: Moufflair
|
|-damage|p1a: Swellow|49\/261 brn|[from] brn
|upkeep
|choice||switch 6
|
|switch|p2a: Nanméouïe|Audino, F|389\/389
|turn|8
|choice|move uturn|move thunderwave
|
|move|p1a: Swellow|U-turn|p2a: Nanméouïe
|-damage|p2a: Nanméouïe|295\/389
|choice|switch 5|
|
|switch|p1a: Claydol|Claydol|324\/324
|move|p2a: Nanméouïe|Thunder Wave|p1a: Claydol
|-immune|p1a: Claydol|[msg]
|
|upkeep
|turn|9
|choice|move stealthrock|switch 3
|
|switch|p2a: Aéroptérix|Archeops, M|291\/291
|move|p1a: Claydol|Stealth Rock|p2a: Aéroptérix
|-sidestart|p2: Arnik|move: Stealth Rock
|
|upkeep
|turn|10
|choice|move psychic|move stealthrock
|
|move|p2a: Aéroptérix|Stealth Rock|p1a: Claydol
|-sidestart|p1: Chim-B|move: Stealth Rock
|move|p1a: Claydol|Psychic|p2a: Aéroptérix
|-damage|p2a: Aéroptérix|123\/291
|
|upkeep
|turn|11
|choice|move psychic|move acrobatics
|
|move|p2a: Aéroptérix|Acrobatics|p1a: Claydol
|-damage|p1a: Claydol|221\/324
|move|p1a: Claydol|Psychic|p2a: Aéroptérix
|-damage|p2a: Aéroptérix|0 fnt
|faint|p2a: Aéroptérix
|
|-heal|p1a: Claydol|241\/324|[from] item: Leftovers
|upkeep
|choice||switch 2
|
|switch|p2a: Jade|Leafeon, M, shiny|271\/271
|-damage|p2a: Jade|238\/271|[from] Stealth Rock
|turn|12
|choice|move rapidspin|move leafblade
|
|move|p2a: Jade|Leaf Blade|p1a: Claydol
|-supereffective|p1a: Claydol
|-damage|p1a: Claydol|0 fnt
|faint|p1a: Claydol
|
|upkeep
|choice|switch 3|
|
|switch|p1a: Audino|Audino, F|410\/410
|-damage|p1a: Audino|359\/410|[from] Stealth Rock
|turn|13
|choice|move toxic|move swordsdance
|
|move|p2a: Jade|Swords Dance|p2a: Jade
|-boost|p2a: Jade|atk|2
|move|p1a: Audino|Toxic|p2a: Jade
|-status|p2a: Jade|tox
|
|-damage|p2a: Jade|222\/271 tox|[from] psn
|upkeep
|turn|14
|choice|move protect mega|move swordsdance
|
|detailschange|p1a: Audino|Audino-Mega, F
|-mega|p1a: Audino|Audino|Audinite
|move|p1a: Audino|Protect|p1a: Audino
|-singleturn|p1a: Audino|Protect
|move|p2a: Jade|Swords Dance|p2a: Jade
|-boost|p2a: Jade|atk|2
|
|-damage|p2a: Jade|190\/271 tox|[from] psn
|upkeep
|turn|15
|choice|switch 5|move leafblade
|
|switch|p1a: Swellow|Swellow, M|49\/261 brn
|-damage|p1a: Swellow|0 fnt|[from] Stealth Rock
|faint|p1a: Swellow
|move|p2a: Jade|Leaf Blade|p1: Swellow|[notarget]
|-notarget
|
|-damage|p2a: Jade|142\/271 tox|[from] psn
|upkeep
|choice|switch 5|
|
|switch|p1a: Audino|Audino-Mega, F|359\/410
|-damage|p1a: Audino|308\/410|[from] Stealth Rock
|turn|16
|choice|move protect|move swordsdance
|
|move|p1a: Audino|Protect|p1a: Audino
|-singleturn|p1a: Audino|Protect
|move|p2a: Jade|Swords Dance|p2a: Jade
|-boost|p2a: Jade|atk|2
|
|-damage|p2a: Jade|78\/271 tox|[from] psn
|upkeep
|turn|17
|choice|switch 2|move leafblade
|
|switch|p1a: Lanturn|Lanturn, F|454\/454
|-damage|p1a: Lanturn|398\/454|[from] Stealth Rock
|move|p2a: Jade|Leaf Blade|p1a: Lanturn
|-supereffective|p1a: Lanturn
|-damage|p1a: Lanturn|0 fnt
|faint|p1a: Lanturn
|
|-damage|p2a: Jade|0 fnt|[from] psn
|upkeep
|faint|p2a: Jade
|choice|switch 2|switch 5
|
|switch|p2a: Némélios|Pyroar, M|313\/313
|switch|p1a: Audino|Audino-Mega, F|308\/410
|-ability|p2a: Némélios|Unnerve|p1: Chim-B
|-damage|p2a: Némélios|235\/313|[from] Stealth Rock
|-damage|p1a: Audino|257\/410|[from] Stealth Rock
|turn|18
|choice|move wish|move taunt
|
|move|p2a: Némélios|Taunt|p1a: Audino
|-start|p1a: Audino|move: Taunt
|cant|p1a: Audino|move: Taunt|Wish
|
|upkeep
|turn|19
|choice|move dazzlinggleam|move fireblast
|
|move|p2a: Némélios|Fire Blast|p1a: Audino
|-damage|p1a: Audino|137\/410
|move|p1a: Audino|Dazzling Gleam|p2a: Némélios
|-resisted|p2a: Némélios
|-damage|p2a: Némélios|185\/313
|
|upkeep
|turn|20
|choice|move dazzlinggleam|move fireblast
|
|move|p2a: Némélios|Fire Blast|p1a: Audino
|-damage|p1a: Audino|10\/410
|move|p1a: Audino|Dazzling Gleam|p2a: Némélios
|-resisted|p2a: Némélios
|-damage|p2a: Némélios|134\/313
|
|-end|p1a: Audino|move: Taunt
|upkeep
|turn|21
|choice|move dazzlinggleam|move hypervoice
|
|move|p2a: Némélios|Hyper Voice|p1a: Audino
|-damage|p1a: Audino|0 fnt
|faint|p1a: Audino
|
|upkeep
|choice|switch 6|
|
|switch|p1a: Vivillon|Vivillon-Pokeball, M|301\/301
|-damage|p1a: Vivillon|151\/301|[from] Stealth Rock
|turn|22
|choice|move sleeppowder|move hypervoice
|
|move|p2a: Némélios|Hyper Voice|p1a: Vivillon
|-damage|p1a: Vivillon|0 fnt
|faint|p1a: Vivillon
|
|win|Arnik
|l|Chim-B
|raw|Chim-B's rating: 1570 &rarr; <strong>1545<\/strong><br \/>(-25 for losing)
|raw|Arnik's rating: 1498 &rarr; <strong>1522<\/strong><br \/>(+24 for winning)</script>
</div>
<div class="battle-log battle-log-inline"><div class="inner"><div class="battle-options"></div><div class="inner"><div class="chat"><small>Chim-B joined.</small></div><div class="chat"><small>Arnik joined.</small></div><div class=""><small>Format:</small> <br><strong>NU</strong></div><div class="rated"><strong>Rated battle</strong></div><div class=""><small><em>Sleep Clause Mod:</em> Limit one foe put to sleep</small></div><div class=""><small><em>Species Clause:</em> Limit one of each Pokémon</small></div><div class=""><small><em>OHKO Clause:</em> OHKO moves are banned</small></div><div class=""><small><em>Moody Clause:</em> Moody is banned</small></div><div class=""><small><em>Evasion Moves Clause:</em> Evasion moves are banned</small></div><div class=""><small><em>Endless Battle Clause:</em> Forcing endless battles is banned</small></div><div class=""><small><em>HP Percentage Mod:</em> HP is shown in percentages</small></div><div class=""><small><em>Swagger Clause:</em> Swagger is banned</small></div><div class=""><small><em>Baton Pass Clause:</em> Limit one Baton Passer, can't pass Spe and other stats simultaneously</small></div><div class="chat battle-history"><strong>Chim-B's team:</strong> <em style="color:#445566;display:block;">Audino / Gourgeist-* / Lanturn / Swellow / Claydol / Vivillon-Pokeball</em></div><div class="chat battle-history"><strong>Arnik's team:</strong> <em style="color:#445566;display:block;">Leafeon / Skuntank / Archeops / Gastrodon-East / Pyroar / Audino</em></div><div class="spacer battle-history"><br></div><div class="battle-history">Battle started between Chim-B and Arnik!<br></div><div class="spacer battle-history"><br></div><div class="battle-history">Go! <strong>Lanturn</strong>!<br></div><div class="spacer battle-history"><br></div><div class="battle-history">Arnik sent out Jade (<strong>Leafeon</strong>)!<br></div><div class="spacer battle-history"><br></div><h2 class="battle-history">Turn 1</h2><div class="spacer battle-history"><br></div><div class="battle-history">Lanturn, come back!<br></div><div class="battle-history">Go! Gourgeist (<strong>Gourgeist-Super</strong>)!<br></div><div class="battle-history"><small>[Gourgeist's Frisk]</small><br><small>Gourgeist frisked the opposing Jade and found its Lum Berry!</small><br></div><div class="spacer battle-history"><br></div><div class="battle-history">The opposing Jade used <strong>Leaf Blade</strong>!<br></div><div class="battle-history"><small>It's not very effective...</small><br></div><div class="battle-history"><small>(Gourgeist lost <abbr title="−48/374">12.8%</abbr> of its health!)</small><br></div><div class="spacer battle-history"><br></div><div class="battle-history"><small>Gourgeist restored a little HP using its Leftovers!</small><br></div><div class="spacer battle-history"><br></div><h2 class="battle-history">Turn 2</h2><div class="spacer battle-history"><br></div><div class="battle-history">The opposing Jade used <strong>Knock Off</strong>!<br></div><div class="battle-history"><small>It's super effective!</small><br></div><div class="battle-history"><small>(Gourgeist lost <abbr title="−156/374">41.7%</abbr> of its health!)</small><br></div><div class="battle-history"><small>The opposing Jade knocked off Gourgeist's Leftovers!</small><br></div><div class="spacer battle-history"><br></div><div class="battle-history">Gourgeist used <strong>Leech Seed</strong>!<br></div><div class="battle-history"><small>It doesn't affect the opposing Jade...</small><br></div><div class="spacer battle-history"><br></div><h2 class="battle-history">Turn 3</h2><div class="spacer battle-history"><br></div><div class="battle-history">The opposing Jade used <strong>Swords Dance</strong>!<br></div><div class="battle-history"><small>The opposing Jade's Attack rose sharply!</small><br></div><div class="spacer battle-history"><br></div><div class="battle-history">Gourgeist used <strong>Synthesis</strong>!<br></div><div class="battle-history"><small>Gourgeist restored its HP.</small><br></div><div class="spacer battle-history"><br></div><h2 class="battle-history">Turn 4</h2><div class="spacer battle-history"><br></div><div class="battle-history">The opposing Jade used <strong>Knock Off</strong>!<br></div><div class="battle-history"><small>It's super effective!</small><br></div><div class="battle-history"><small>(Gourgeist lost <abbr title="−190/374">50.8%</abbr> of its health!)</small><br></div><div class="spacer battle-history"><br></div><div class="battle-history">Gourgeist used <strong>Will-O-Wisp</strong>!<br></div><div class="battle-history"><small>The opposing Jade was burned!</small><br></div><div class="battle-history"><small>The opposing Jade ate its Lum Berry!</small><br></div><div class="battle-history"><small>The opposing Jade's burn was healed.</small><br></div><div class="spacer battle-history"><br></div><h2 class="battle-history">Turn 5</h2><div class="spacer battle-history"><br></div><div class="battle-history">The opposing Jade used <strong>Knock Off</strong>!<br></div><div class="battle-history"><small>It's super effective!</small><br></div><div class="battle-history"><small>(Gourgeist lost <abbr title="−184/374">49.2%</abbr> of its health!)</small><br></div><div class="spacer battle-history"><br></div><div class="battle-history">Gourgeist fainted!<br></div><div class="spacer battle-history"><br></div><div class="battle-history">Go! <strong>Swellow</strong>!<br></div><div class="spacer battle-history"><br></div><h2 class="battle-history">Turn 6</h2><div class="spacer battle-history"><br></div><div class="battle-history">Swellow used <strong>Protect</strong>!<br></div><div class="battle-history"><small>Swellow protected itself!</small><br></div><div class="spacer battle-history"><br></div><div class="battle-history">The opposing Jade used <strong>Knock Off</strong>!<br></div><div class="battle-history"><small>Swellow protected itself!</small><br></div><div class="spacer battle-history"><br></div><div class="battle-history"><small>Swellow was burned!</small><br></div><div class="spacer battle-history"><br></div><h2 class="battle-history">Turn 7</h2><div class="spacer battle-history"><br></div><div class="battle-history">Arnik withdrew Jade!<br></div><div class="battle-history">Arnik sent out Moufflair (<strong>Skuntank</strong>)!<br></div><div class="spacer battle-history"><br></div><div class="battle-history">Swellow used <strong>Brave Bird</strong>!<br></div><div class="battle-history"><small>(The opposing Moufflair lost <abbr title="−347/347">100%</abbr> of its health!)</small><br></div><div class="battle-history"><small>[The opposing Moufflair's Aftermath]</small><br><small>Swellow is hurt!</small><br></div><div class="battle-history"><small>Swellow is damaged by the recoil!</small><br></div><div class="spacer battle-history"><br></div><div class="battle-history">The opposing Moufflair fainted!<br></div><div class="spacer battle-history"><br></div><div class="battle-history"><small>Swellow was hurt by its burn!</small><br></div><div class="spacer battle-history"><br></div><div class="battle-history">Arnik sent out Nanméouïe (<strong>Audino</strong>)!<br></div><div class="spacer battle-history"><br></div><h2 class="battle-history">Turn 8</h2><div class="spacer battle-history"><br></div><div class="battle-history">Swellow used <strong>U-turn</strong>!<br></div><div class="battle-history"><small>(The opposing Nanméouïe lost <abbr title="−94/389">24.2%</abbr> of its health!)</small><br></div><div class="spacer battle-history"><br></div><div class="battle-history">Swellow went back to Chim-B!<br></div><div class="battle-history">Go! <strong>Claydol</strong>!<br></div><div class="spacer battle-history"><br></div><div class="battle-history">The opposing Nanméouïe used <strong>Thunder Wave</strong>!<br></div><div class="battle-history"><small>It doesn't affect Claydol...</small><br></div><div class="spacer battle-history"><br></div><h2 class="battle-history">Turn 9</h2><div class="spacer battle-history"><br></div><div class="battle-history">Arnik withdrew Nanméouïe!<br></div><div class="battle-history">Arnik sent out Aéroptérix (<strong>Archeops</strong>)!<br></div><div class="spacer battle-history"><br></div><div class="battle-history">Claydol used <strong>Stealth Rock</strong>!<br></div><div class="battle-history"><small>Pointed stones float in the air around the opposing team!</small><br></div><div class="spacer battle-history"><br></div><h2 class="battle-history">Turn 10</h2><div class="spacer battle-history"><br></div><div class="battle-history">The opposing Aéroptérix used <strong>Stealth Rock</strong>!<br></div><div class="battle-history"><small>Pointed stones float in the air around your team!</small><br></div><div class="spacer battle-history"><br></div><div class="battle-history">Claydol used <strong>Psychic</strong>!<br></div><div class="battle-history"><small>(The opposing Aéroptérix lost <abbr title="−168/291">57.7%</abbr> of its health!)</small><br></div><div class="spacer battle-history"><br></div><h2 class="battle-history">Turn 11</h2><div class="spacer battle-history"><br></div><div class="battle-history">The opposing Aéroptérix used <strong>Acrobatics</strong>!<br></div><div class="battle-history"><small>(Claydol lost <abbr title="−103/324">31.8%</abbr> of its health!)</small><br></div><div class="spacer battle-history"><br></div><div class="battle-history">Claydol used <strong>Psychic</strong>!<br></div><div class="battle-history"><small>(The opposing Aéroptérix lost <abbr title="−123/291">42.3%</abbr> of its health!)</small><br></div><div class="spacer battle-history"><br></div><div class="battle-history">The opposing Aéroptérix fainted!<br></div><div class="spacer battle-history"><br></div><div class="battle-history"><small>Claydol restored a little HP using its Leftovers!</small><br></div><div class="spacer battle-history"><br></div><div class="battle-history">Arnik sent out Jade (<strong>Leafeon</strong>)!<br></div><div class="battle-history"><small>Pointed stones dug into the opposing Jade!</small><br></div><div class="spacer battle-history"><br></div><h2 class="battle-history">Turn 12</h2><div class="spacer battle-history"><br></div><div class="battle-history">The opposing Jade used <strong>Leaf Blade</strong>!<br></div><div class="battle-history"><small>It's super effective!</small><br></div><div class="battle-history"><small>(Claydol lost <abbr title="−241/324">74.4%</abbr> of its health!)</small><br></div><div class="spacer battle-history"><br></div><div class="battle-history">Claydol fainted!<br></div><div class="spacer battle-history"><br></div><div class="battle-history">Go! <strong>Audino</strong>!<br></div><div class="battle-history"><small>Pointed stones dug into Audino!</small><br></div><div class="spacer battle-history"><br></div><h2 class="battle-history">Turn 13</h2><div class="spacer battle-history"><br></div><div class="battle-history">The opposing Jade used <strong>Swords Dance</strong>!<br></div><div class="battle-history"><small>The opposing Jade's Attack rose sharply!</small><br></div><div class="spacer battle-history"><br></div><div class="battle-history">Audino used <strong>Toxic</strong>!<br></div><div class="battle-history"><small>The opposing Jade was badly poisoned!</small><br></div><div class="spacer battle-history"><br></div><div class="battle-history"><small>The opposing Jade was hurt by poison!</small><br></div><div class="spacer battle-history"><br></div><h2 class="battle-history">Turn 14</h2><div class="spacer battle-history"><br></div><div class="battle-history"><small>Audino's Audinite is reacting to Chim-B's Mega Bracelet!</small><br>Audino has Mega Evolved into Mega Audino!<br></div><div class="spacer battle-history"><br></div><div class="battle-history">Audino used <strong>Protect</strong>!<br></div><div class="battle-history"><small>Audino protected itself!</small><br></div><div class="spacer battle-history"><br></div><div class="battle-history">The opposing Jade used <strong>Swords Dance</strong>!<br></div><div class="battle-history"><small>The opposing Jade's Attack rose sharply!</small><br></div><div class="spacer battle-history"><br></div><div class="battle-history"><small>The opposing Jade was hurt by poison!</small><br></div><div class="spacer battle-history"><br></div><h2 class="battle-history">Turn 15</h2><div class="spacer battle-history"><br></div><div class="battle-history">Audino, come back!<br></div><div class="battle-history">Go! <strong>Swellow</strong>!<br></div><div class="battle-history"><small>Pointed stones dug into Swellow!</small><br></div><div class="spacer battle-history"><br></div><div class="battle-history">Swellow fainted!<br></div><div class="battle-history">The opposing Jade used <strong>Leaf Blade</strong>!<br></div><div class="battle-history"><small>But there was no target...</small><br></div><div class="spacer battle-history"><br></div><div class="battle-history"><small>The opposing Jade was hurt by poison!</small><br></div><div class="spacer battle-history"><br></div><div class="battle-history">Go! Audino (<strong>Audino-Mega</strong>)!<br></div><div class="battle-history"><small>Pointed stones dug into Audino!</small><br></div><div class="spacer battle-history"><br></div><h2 class="battle-history">Turn 16</h2><div class="spacer battle-history"><br></div><div class="battle-history">Audino used <strong>Protect</strong>!<br></div><div class="battle-history"><small>Audino protected itself!</small><br></div><div class="spacer battle-history"><br></div><div class="battle-history">The opposing Jade used <strong>Swords Dance</strong>!<br></div><div class="battle-history"><small>The opposing Jade's Attack rose sharply!</small><br></div><div class="spacer battle-history"><br></div><div class="battle-history"><small>The opposing Jade was hurt by poison!</small><br></div><div class="spacer battle-history"><br></div><h2 class="battle-history">Turn 17</h2><div class="spacer battle-history"><br></div><div class="battle-history">Audino, come back!<br></div><div class="battle-history">Go! <strong>Lanturn</strong>!<br></div><div class="battle-history"><small>Pointed stones dug into Lanturn!</small><br></div><div class="spacer battle-history"><br></div><div class="battle-history">The opposing Jade used <strong>Leaf Blade</strong>!<br></div><div class="battle-history"><small>It's super effective!</small><br></div><div class="battle-history"><small>(Lanturn lost <abbr title="−398/454">87.7%</abbr> of its health!)</small><br></div><div class="spacer battle-history"><br></div><div class="battle-history">Lanturn fainted!<br></div><div class="spacer battle-history"><br></div><div class="battle-history"><small>The opposing Jade was hurt by poison!</small><br></div><div class="spacer battle-history"><br></div><div class="battle-history">The opposing Jade fainted!<br></div><div class="spacer battle-history"><br></div><div class="battle-history">Arnik sent out Némélios (<strong>Pyroar</strong>)!<br></div><div class="spacer battle-history"><br></div><div class="battle-history">Go! Audino (<strong>Audino-Mega</strong>)!<br></div><div class="battle-history"><small>[The opposing Némélios's Unnerve]</small><br><small>Your team is too nervous to eat Berries!</small><br></div><div class="battle-history"><small>Pointed stones dug into the opposing Némélios!</small><br></div><div class="battle-history"><small>Pointed stones dug into Audino!</small><br></div><div class="spacer battle-history"><br></div><h2 class="battle-history">Turn 18</h2><div class="spacer battle-history"><br></div><div class="battle-history">The opposing Némélios used <strong>Taunt</strong>!<br></div><div class="battle-history"><small>Audino fell for the taunt!</small><br></div><div class="spacer battle-history"><br></div><div class="battle-history">Audino can't use Wish after the taunt!<br></div><div class="spacer battle-history"><br></div><h2 class="battle-history">Turn 19</h2><div class="spacer battle-history"><br></div><div class="battle-history">The opposing Némélios used <strong>Fire Blast</strong>!<br></div><div class="battle-history"><small>(Audino lost <abbr title="−120/410">29.3%</abbr> of its health!)</small><br></div><div class="spacer battle-history"><br></div><div class="battle-history">Audino used <strong>Dazzling Gleam</strong>!<br></div><div class="battle-history"><small>It's not very effective...</small><br></div><div class="battle-history"><small>(The opposing Némélios lost <abbr title="−50/313">16.0%</abbr> of its health!)</small><br></div><div class="spacer battle-history"><br></div><h2 class="battle-history">Turn 20</h2><div class="spacer battle-history"><br></div><div class="battle-history">The opposing Némélios used <strong>Fire Blast</strong>!<br></div><div class="battle-history"><small>(Audino lost <abbr title="−127/410">31.0%</abbr> of its health!)</small><br></div><div class="spacer battle-history"><br></div><div class="battle-history">Audino used <strong>Dazzling Gleam</strong>!<br></div><div class="battle-history"><small>It's not very effective...</small><br></div><div class="battle-history"><small>(The opposing Némélios lost <abbr title="−51/313">16.3%</abbr> of its health!)</small><br></div><div class="spacer battle-history"><br></div><div class="battle-history"><small>Audino's taunt wore off!</small><br></div><div class="spacer battle-history"><br></div><h2 class="battle-history">Turn 21</h2><div class="spacer battle-history"><br></div><div class="battle-history">The opposing Némélios used <strong>Hyper Voice</strong>!<br></div><div class="battle-history"><small>(Audino lost <abbr title="−10/410">2.4%</abbr> of its health!)</small><br></div><div class="spacer battle-history"><br></div><div class="battle-history">Audino fainted!<br></div><div class="spacer battle-history"><br></div><div class="battle-history">Go! Vivillon (<strong>Vivillon-Pokeball</strong>)!<br></div><div class="battle-history"><small>Pointed stones dug into Vivillon!</small><br></div><div class="spacer battle-history"><br></div><h2 class="battle-history">Turn 22</h2><div class="spacer battle-history"><br></div><div class="battle-history">The opposing Némélios used <strong>Hyper Voice</strong>!<br></div><div class="battle-history"><small>(Vivillon lost <abbr title="−151/301">50.2%</abbr> of its health!)</small><br></div><div class="spacer battle-history"><br></div><div class="battle-history">Vivillon fainted!<br></div><div class="spacer battle-history"><br></div><div class="battle-history"><strong>Arnik</strong> won the battle!<br></div><div class="chat"><small>Chim-B left.</small></div><div class="chat">Chim-B's rating: 1570 → <strong>1545</strong><br>(-25 for losing)</div><div class="chat">Arnik's rating: 1498 → <strong>1522</strong><br>(+24 for winning)</div></div><div class="inner-preempt"></div></div></div>
</div>
<script>
let daily = Math.floor(Date.now()/1000/60/60/24);document.write('<script src="https://play.pokemonshowdown.com/js/replay-embed.js?version'+daily+'"></'+'script>');
</script>
