<!DOCTYPE html>
<meta charset="utf-8" />
<!-- version 1 -->
<title>NU replay: We are number two vs. Theisaacampos</title>
<style>
html,body {font-family:Verdana, sans-serif;font-size:10pt;margin:0;padding:0;}body{padding:12px 0;} .battle-log {font-family:Verdana, sans-serif;font-size:10pt;} .battle-log-inline {border:1px solid #AAAAAA;background:#EEF2F5;color:black;max-width:640px;margin:0 auto 80px;padding-bottom:5px;} .battle-log .inner {padding:4px 8px 0px 8px;} .battle-log .inner-preempt {padding:0 8px 4px 8px;} .battle-log .inner-after {margin-top:0.5em;} .battle-log h2 {margin:0.5em -8px;padding:4px 8px;border:1px solid #AAAAAA;background:#E0E7EA;border-left:0;border-right:0;font-family:Verdana, sans-serif;font-size:13pt;} .battle-log .chat {vertical-align:middle;padding:3px 0 3px 0;font-size:8pt;} .battle-log .chat strong {color:#40576A;} .battle-log .chat em {padding:1px 4px 1px 3px;color:#000000;font-style:normal;} .chat.mine {background:rgba(0,0,0,0.05);margin-left:-8px;margin-right:-8px;padding-left:8px;padding-right:8px;} .spoiler {color:#BBBBBB;background:#BBBBBB;padding:0px 3px;} .spoiler:hover, .spoiler:active, .spoiler-shown {color:#000000;background:#E2E2E2;padding:0px 3px;} .spoiler a {color:#BBBBBB;} .spoiler:hover a, .spoiler:active a, .spoiler-shown a {color:#2288CC;} .chat code, .chat .spoiler:hover code, .chat .spoiler:active code, .chat .spoiler-shown code {border:1px solid #C0C0C0;background:#EEEEEE;color:black;padding:0 2px;} .chat .spoiler code {border:1px solid #CCCCCC;background:#CCCCCC;color:#CCCCCC;} .battle-log .rated {padding:3px 4px;} .battle-log .rated strong {color:white;background:#89A;padding:1px 4px;border-radius:4px;} .spacer {margin-top:0.5em;} .message-announce {background:#6688AA;color:white;padding:1px 4px 2px;} .message-announce a, .broadcast-green a, .broadcast-blue a, .broadcast-red a {color:#DDEEFF;} .broadcast-green {background-color:#559955;color:white;padding:2px 4px;} .broadcast-blue {background-color:#6688AA;color:white;padding:2px 4px;} .infobox {border:1px solid #6688AA;padding:2px 4px;} .infobox-limited {max-height:200px;overflow:auto;overflow-x:hidden;} .broadcast-red {background-color:#AA5544;color:white;padding:2px 4px;} .message-learn-canlearn {font-weight:bold;color:#228822;text-decoration:underline;} .message-learn-cannotlearn {font-weight:bold;color:#CC2222;text-decoration:underline;} .message-effect-weak {font-weight:bold;color:#CC2222;} .message-effect-resist {font-weight:bold;color:#6688AA;} .message-effect-immune {font-weight:bold;color:#666666;} .message-learn-list {margin-top:0;margin-bottom:0;} .message-throttle-notice, .message-error {color:#992222;} .message-overflow, .chat small.message-overflow {font-size:0pt;} .message-overflow::before {font-size:9pt;content:'...';} .subtle {color:#3A4A66;}
</style>
<div class="wrapper replay-wrapper" style="max-width:1180px;margin:0 auto">
<input type="hidden" name="replayid" value="nu-502108030" />
<div class="battle"></div><div class="battle-log"></div><div class="replay-controls"></div><div class="replay-controls-2"></div>
<h1 style="font-weight:normal;text-align:center"><strong>NU</strong><br /><a href="http://pokemonshowdown.com/users/wearenumbertwo" class="subtle" target="_blank">We are number two</a> vs. <a href="http://pokemonshowdown.com/users/theisaacampos" class="subtle" target="_blank">Theisaacampos</a></h1>
<script type="text/plain" class="battle-log-data">|j|We are number two
|j|Theisaacampos
|player|p1|We are number two|266
|player|p2|Theisaacampos|238
|gametype|singles
|gen|6
|tier|NU
|rated
|seed|38896,3958,34260,43543
|rule|Baton Pass Speed Clause: Limit one Baton Passer, can't pass Speed
|rule|Sleep Clause Mod: Limit one foe put to sleep
|rule|Species Clause: Limit one of each Pokémon
|rule|OHKO Clause: OHKO moves are banned
|rule|Moody Clause: Moody is banned
|rule|Evasion Moves Clause: Evasion moves are banned
|rule|Endless Battle Clause: Forcing endless battles is banned
|rule|HP Percentage Mod: HP is shown in percentages
|clearpoke
|poke|p1|Malamar, M|item
|poke|p1|Carracosta, F|item
|poke|p1|Articuno|item
|poke|p1|Zangoose, M|item
|poke|p1|Hitmonchan, M|item
|poke|p1|Piloswine, F|item
|poke|p2|Scyther, M, shiny|item
|poke|p2|Gurdurr, F, shiny|item
|poke|p2|Malamar, M|item
|poke|p2|Aggron, M, shiny|item
|poke|p2|Electivire, F, shiny|item
|poke|p2|Kecleon, M, shiny|item
|rule|Swagger Clause: Swagger is banned
|rule|Baton Pass Clause: Limit one Baton Passer, can't pass Spe and other stats simultaneously
|teampreview
|c|★We are number two|glhf
|choice|team 5, team 2, team 3, team 4, team 1, team 6|team 1, team 2, team 3, team 4, team 5, team 6
|
|start
|switch|p1a: Hitmonchan|Hitmonchan, M|241\/241
|switch|p2a: Mantisamurai|Scyther, M, shiny|281\/281
|turn|1
|choice|switch 2|move aerialace
|
|switch|p1a: Carracosta|Carracosta, F|289\/289
|move|p2a: Mantisamurai|Aerial Ace|p1a: Carracosta
|-resisted|p1a: Carracosta
|-damage|p1a: Carracosta|233\/289
|
|upkeep
|turn|2
|choice|move shellsmash|move brickbreak
|
|move|p2a: Mantisamurai|Brick Break|p1a: Carracosta
|-supereffective|p1a: Carracosta
|-damage|p1a: Carracosta|117\/289
|-enditem|p1a: Carracosta|Weakness Policy
|-boost|p1a: Carracosta|atk|2
|-boost|p1a: Carracosta|spa|2
|move|p1a: Carracosta|Shell Smash|p1a: Carracosta
|-unboost|p1a: Carracosta|def|1
|-unboost|p1a: Carracosta|spd|1
|-boost|p1a: Carracosta|atk|2
|-boost|p1a: Carracosta|spa|2
|-boost|p1a: Carracosta|spe|2
|
|upkeep
|turn|3
|choice|move icebeam|move brickbreak
|
|move|p1a: Carracosta|Ice Beam|p2a: Mantisamurai
|-supereffective|p2a: Mantisamurai
|-damage|p2a: Mantisamurai|0 fnt
|faint|p2a: Mantisamurai
|
|upkeep
|choice||switch 6
|
|switch|p2a: Ninjamaleon|Kecleon, M, shiny|323\/323
|turn|4
|choice|move hydropump|move suckerpunch
|
|move|p2a: Ninjamaleon|Sucker Punch|p1a: Carracosta
|-start|p2a: Ninjamaleon|typechange|Dark|[from] Protean
|-damage|p1a: Carracosta|0 fnt
|faint|p1a: Carracosta
|
|upkeep
|choice|switch 4|
|
|switch|p1a: Zangoose|Zangoose, M|287\/287
|turn|5
|choice|move poweruppunch|move rocktomb
|
|move|p1a: Zangoose|Power-Up Punch|p2a: Ninjamaleon
|-supereffective|p2a: Ninjamaleon
|-damage|p2a: Ninjamaleon|197\/323
|-boost|p1a: Zangoose|atk|1
|move|p2a: Ninjamaleon|Rock Tomb|p1a: Zangoose
|-start|p2a: Ninjamaleon|typechange|Rock|[from] Protean
|-damage|p1a: Zangoose|160\/287
|-unboost|p1a: Zangoose|spe|1
|
|-status|p1a: Zangoose|tox|[from] item: Toxic Orb
|upkeep
|turn|6
|choice|move quickattack|move drainpunch
|
|move|p1a: Zangoose|Quick Attack|p2a: Ninjamaleon
|-resisted|p2a: Ninjamaleon
|-damage|p2a: Ninjamaleon|90\/323
|move|p2a: Ninjamaleon|Drain Punch|p1a: Zangoose
|-start|p2a: Ninjamaleon|typechange|Fighting|[from] Protean
|-supereffective|p1a: Zangoose
|-damage|p1a: Zangoose|0 fnt
|-heal|p2a: Ninjamaleon|170\/323|[from] drain|[of] p1a: Zangoose
|faint|p1a: Zangoose
|
|upkeep
|choice|switch 2|
|
|switch|p1a: Hitmonchan|Hitmonchan, M|241\/241
|turn|7
|choice|move drainpunch|move shadowsneak
|
|move|p2a: Ninjamaleon|Shadow Sneak|p1a: Hitmonchan
|-start|p2a: Ninjamaleon|typechange|Ghost|[from] Protean
|-damage|p1a: Hitmonchan|163\/241
|move|p1a: Hitmonchan|Drain Punch|p2a: Ninjamaleon
|-immune|p2a: Ninjamaleon|[msg]
|
|upkeep
|turn|8
|choice|move firepunch|move drainpunch
|
|move|p1a: Hitmonchan|Fire Punch|p2a: Ninjamaleon
|-damage|p2a: Ninjamaleon|2\/323
|-damage|p1a: Hitmonchan|139\/241|[from] item: Life Orb
|move|p2a: Ninjamaleon|Drain Punch|p1a: Hitmonchan
|-start|p2a: Ninjamaleon|typechange|Fighting|[from] Protean
|-damage|p1a: Hitmonchan|10\/241
|-heal|p2a: Ninjamaleon|67\/323|[from] drain|[of] p1a: Hitmonchan
|
|upkeep
|turn|9
|choice|move machpunch|move shadowsneak
|
|move|p1a: Hitmonchan|Mach Punch|p2a: Ninjamaleon
|-damage|p2a: Ninjamaleon|0 fnt
|-damage|p1a: Hitmonchan|0 fnt|[from] item: Life Orb
|faint|p2a: Ninjamaleon
|faint|p1a: Hitmonchan
|
|upkeep
|choice|switch 5|switch 5
|
|switch|p2a: Electivire|Electivire, F, shiny|291\/291
|switch|p1a: Malamar|Malamar, M|376\/376
|turn|10
|choice|move superpower|move poweruppunch
|
|move|p2a: Electivire|Power-Up Punch|p1a: Malamar
|-damage|p1a: Malamar|316\/376
|-boost|p2a: Electivire|atk|1
|move|p1a: Malamar|Superpower|p2a: Electivire
|-damage|p2a: Electivire|105\/291
|-boost|p1a: Malamar|atk|1
|-boost|p1a: Malamar|def|1
|
|-heal|p1a: Malamar|339\/376|[from] item: Leftovers
|upkeep
|turn|11
|choice|move superpower|move wildcharge
|
|move|p2a: Electivire|Wild Charge|p1a: Malamar
|-crit|p1a: Malamar
|-damage|p1a: Malamar|0 fnt
|-damage|p2a: Electivire|20\/291|[from] recoil|[of] p1a: Malamar
|faint|p1a: Malamar
|
|upkeep
|choice|switch 6|
|
|switch|p1a: Piloswine|Piloswine, F|404\/404
|turn|12
|choice|move iceshard|move earthquake
|
|move|p1a: Piloswine|Ice Shard|p2a: Electivire
|-damage|p2a: Electivire|0 fnt
|faint|p2a: Electivire
|
|upkeep
|choice||switch 3
|
|switch|p2a: Malamar|Malamar, M|359\/359
|turn|13
|choice|move avalanche|move superpower
|
|move|p2a: Malamar|Superpower|p1a: Piloswine
|-supereffective|p1a: Piloswine
|-damage|p1a: Piloswine|210\/404
|-boost|p2a: Malamar|atk|1
|-boost|p2a: Malamar|def|1
|move|p1a: Piloswine|Avalanche|p2a: Malamar
|-damage|p2a: Malamar|203\/359
|
|-heal|p2a: Malamar|225\/359|[from] item: Leftovers
|upkeep
|turn|14
|choice|move iceshard|move superpower
|
|move|p1a: Piloswine|Ice Shard|p2a: Malamar
|-damage|p2a: Malamar|177\/359
|move|p2a: Malamar|Superpower|p1a: Piloswine
|-supereffective|p1a: Piloswine
|-damage|p1a: Piloswine|0 fnt
|-boost|p2a: Malamar|atk|1
|-boost|p2a: Malamar|def|1
|faint|p1a: Piloswine
|
|-heal|p2a: Malamar|199\/359|[from] item: Leftovers
|upkeep
|choice|switch 3|
|
|switch|p1a: Articuno|Articuno|371\/371
|-ability|p1a: Articuno|Pressure
|turn|15
|choice|move uturn|move knockoff
|
|move|p1a: Articuno|U-turn|p2a: Malamar
|-supereffective|p2a: Malamar
|-damage|p2a: Malamar|33\/359
|-damage|p1a: Articuno|334\/371|[from] item: Life Orb
|move|p2a: Malamar|Knock Off|p1a: Articuno
|-damage|p1a: Articuno|16\/371
|-enditem|p1a: Articuno|Life Orb|[from] move: Knock Off|[of] p2a: Malamar
|
|-heal|p2a: Malamar|55\/359|[from] item: Leftovers
|upkeep
|turn|16
|choice|move freezedry|move psychocut
|
|move|p1a: Articuno|Freeze-Dry|p2a: Malamar
|-damage|p2a: Malamar|0 fnt
|faint|p2a: Malamar
|
|upkeep
|choice||switch 2
|
|switch|p2a: Musculosus|Gurdurr, F, shiny|373\/373
|turn|17
|choice|move hurricane|move machpunch
|
|move|p2a: Musculosus|Mach Punch|p1a: Articuno
|-damage|p1a: Articuno|0 fnt
|faint|p1a: Articuno
|
|win|Theisaacampos
|player|p1
|player|p2
|l|We are number two</script>
</div>
<div class="battle-log battle-log-inline"><div class="inner"><div class="battle-options"></div><div class="inner"><div class="chat"><small>We are number two joined.</small></div><div class="chat"><small>Theisaacampos joined.</small></div><div class=""><small>Format:</small> <br><strong>NU</strong></div><div class="rated"><strong>Rated battle</strong></div><div class=""><small><em>Baton Pass Speed Clause:</em> Limit one Baton Passer, can't pass Speed</small></div><div class=""><small><em>Sleep Clause Mod:</em> Limit one foe put to sleep</small></div><div class=""><small><em>Species Clause:</em> Limit one of each Pokémon</small></div><div class=""><small><em>OHKO Clause:</em> OHKO moves are banned</small></div><div class=""><small><em>Moody Clause:</em> Moody is banned</small></div><div class=""><small><em>Evasion Moves Clause:</em> Evasion moves are banned</small></div><div class=""><small><em>Endless Battle Clause:</em> Forcing endless battles is banned</small></div><div class=""><small><em>HP Percentage Mod:</em> HP is shown in percentages</small></div><div class=""><small><em>Swagger Clause:</em> Swagger is banned</small></div><div class=""><small><em>Baton Pass Clause:</em> Limit one Baton Passer, can't pass Spe and other stats simultaneously</small></div><div class="chat battle-history"><strong>We are number two's team:</strong> <em style="color:#445566;display:block;">Malamar / Carracosta / Articuno / Zangoose / Hitmonchan / Piloswine</em></div><div class="chat battle-history"><strong>Theisaacampos's team:</strong> <em style="color:#445566;display:block;">Scyther / Gurdurr / Malamar / Aggron / Electivire / Kecleon</em></div><div class="chat chatmessage-wearenumbertwo"><strong style="color:hsl(321,84%,44%)"><small>★</small><span class="username" data-name="We are number two">We are number two</span>:</strong> <em>glhf</em></div><div class="spacer battle-history"><br></div><div class="battle-history">Battle started between We are number two and Theisaacampos!<br></div><div class="spacer battle-history"><br></div><div class="battle-history">Go! <strong>Hitmonchan</strong>!<br></div><div class="spacer battle-history"><br></div><div class="battle-history">Theisaacampos sent out Mantisamurai (<strong>Scyther</strong>)!<br></div><div class="spacer battle-history"><br></div><h2 class="battle-history">Turn 1</h2><div class="spacer battle-history"><br></div><div class="battle-history">Hitmonchan, come back!<br></div><div class="battle-history">Go! <strong>Carracosta</strong>!<br></div><div class="spacer battle-history"><br></div><div class="battle-history">The opposing Mantisamurai used <strong>Aerial Ace</strong>!<br></div><div class="battle-history"><small>It's not very effective...</small><br></div><div class="battle-history"><small>(Carracosta lost <abbr title="−56/289">19.4%</abbr> of its health!)</small><br></div><div class="spacer battle-history"><br></div><h2 class="battle-history">Turn 2</h2><div class="spacer battle-history"><br></div><div class="battle-history">The opposing Mantisamurai used <strong>Brick Break</strong>!<br></div><div class="battle-history"><small>It's super effective!</small><br></div><div class="battle-history"><small>(Carracosta lost <abbr title="−116/289">40.1%</abbr> of its health!)</small><br></div><div class="battle-history"><small>(Carracosta used its Weakness Policy!)</small><br></div><div class="battle-history"><small>Carracosta's Attack rose sharply!</small><br></div><div class="battle-history"><small>Carracosta's Special Attack rose sharply!</small><br></div><div class="spacer battle-history"><br></div><div class="battle-history">Carracosta used <strong>Shell Smash</strong>!<br></div><div class="battle-history"><small>Carracosta's Defense fell!</small><br></div><div class="battle-history"><small>Carracosta's Special Defense fell!</small><br></div><div class="battle-history"><small>Carracosta's Attack rose sharply!</small><br></div><div class="battle-history"><small>Carracosta's Special Attack rose sharply!</small><br></div><div class="battle-history"><small>Carracosta's Speed rose sharply!</small><br></div><div class="spacer battle-history"><br></div><h2 class="battle-history">Turn 3</h2><div class="spacer battle-history"><br></div><div class="battle-history">Carracosta used <strong>Ice Beam</strong>!<br></div><div class="battle-history"><small>It's super effective!</small><br></div><div class="battle-history"><small>(The opposing Mantisamurai lost <abbr title="−281/281">100%</abbr> of its health!)</small><br></div><div class="spacer battle-history"><br></div><div class="battle-history">The opposing Mantisamurai fainted!<br></div><div class="spacer battle-history"><br></div><div class="battle-history">Theisaacampos sent out Ninjamaleon (<strong>Kecleon</strong>)!<br></div><div class="spacer battle-history"><br></div><h2 class="battle-history">Turn 4</h2><div class="spacer battle-history"><br></div><div class="battle-history">The opposing Ninjamaleon used <strong>Sucker Punch</strong>!<br></div><div class="spacer battle-history"><br></div><div class="battle-history"><small>[The opposing Ninjamaleon's Protean]</small><br><small>The opposing Ninjamaleon transformed into the Dark type!</small><br></div><div class="battle-history"><small>(Carracosta lost <abbr title="−117/289">40.5%</abbr> of its health!)</small><br></div><div class="spacer battle-history"><br></div><div class="battle-history">Carracosta fainted!<br></div><div class="spacer battle-history"><br></div><div class="battle-history">Go! <strong>Zangoose</strong>!<br></div><div class="spacer battle-history"><br></div><h2 class="battle-history">Turn 5</h2><div class="spacer battle-history"><br></div><div class="battle-history">Zangoose used <strong>Power-Up Punch</strong>!<br></div><div class="battle-history"><small>It's super effective!</small><br></div><div class="battle-history"><small>(The opposing Ninjamaleon lost <abbr title="−126/323">39.0%</abbr> of its health!)</small><br></div><div class="battle-history"><small>Zangoose's Attack rose!</small><br></div><div class="spacer battle-history"><br></div><div class="battle-history">The opposing Ninjamaleon used <strong>Rock Tomb</strong>!<br></div><div class="spacer battle-history"><br></div><div class="battle-history"><small>[The opposing Ninjamaleon's Protean]</small><br><small>The opposing Ninjamaleon transformed into the Rock type!</small><br></div><div class="battle-history"><small>(Zangoose lost <abbr title="−127/287">44.3%</abbr> of its health!)</small><br></div><div class="battle-history"><small>Zangoose's Speed fell!</small><br></div><div class="spacer battle-history"><br></div><div class="battle-history"><small>Zangoose was badly poisoned!</small><br></div><div class="spacer battle-history"><br></div><h2 class="battle-history">Turn 6</h2><div class="spacer battle-history"><br></div><div class="battle-history">Zangoose used <strong>Quick Attack</strong>!<br></div><div class="battle-history"><small>It's not very effective...</small><br></div><div class="battle-history"><small>(The opposing Ninjamaleon lost <abbr title="−107/323">33.1%</abbr> of its health!)</small><br></div><div class="spacer battle-history"><br></div><div class="battle-history">The opposing Ninjamaleon used <strong>Drain Punch</strong>!<br></div><div class="spacer battle-history"><br></div><div class="battle-history"><small>[The opposing Ninjamaleon's Protean]</small><br><small>The opposing Ninjamaleon transformed into the Fighting type!</small><br></div><div class="battle-history"><small>It's super effective!</small><br></div><div class="battle-history"><small>(Zangoose lost <abbr title="−160/287">55.7%</abbr> of its health!)</small><br></div><div class="battle-history"><small>Zangoose had its energy drained!</small><br></div><div class="spacer battle-history"><br></div><div class="battle-history">Zangoose fainted!<br></div><div class="spacer battle-history"><br></div><div class="battle-history">Go! <strong>Hitmonchan</strong>!<br></div><div class="spacer battle-history"><br></div><h2 class="battle-history">Turn 7</h2><div class="spacer battle-history"><br></div><div class="battle-history">The opposing Ninjamaleon used <strong>Shadow Sneak</strong>!<br></div><div class="spacer battle-history"><br></div><div class="battle-history"><small>[The opposing Ninjamaleon's Protean]</small><br><small>The opposing Ninjamaleon transformed into the Ghost type!</small><br></div><div class="battle-history"><small>(Hitmonchan lost <abbr title="−78/241">32.4%</abbr> of its health!)</small><br></div><div class="spacer battle-history"><br></div><div class="battle-history">Hitmonchan used <strong>Drain Punch</strong>!<br></div><div class="battle-history"><small>It doesn't affect the opposing Ninjamaleon...</small><br></div><div class="spacer battle-history"><br></div><h2 class="battle-history">Turn 8</h2><div class="spacer battle-history"><br></div><div class="battle-history">Hitmonchan used <strong>Fire Punch</strong>!<br></div><div class="battle-history"><small>(The opposing Ninjamaleon lost <abbr title="−168/323">52.0%</abbr> of its health!)</small><br></div><div class="battle-history"><small>Hitmonchan lost some of its HP!</small><br></div><div class="spacer battle-history"><br></div><div class="battle-history">The opposing Ninjamaleon used <strong>Drain Punch</strong>!<br></div><div class="spacer battle-history"><br></div><div class="battle-history"><small>[The opposing Ninjamaleon's Protean]</small><br><small>The opposing Ninjamaleon transformed into the Fighting type!</small><br></div><div class="battle-history"><small>(Hitmonchan lost <abbr title="−129/241">53.5%</abbr> of its health!)</small><br></div><div class="battle-history"><small>Hitmonchan had its energy drained!</small><br></div><div class="spacer battle-history"><br></div><h2 class="battle-history">Turn 9</h2><div class="spacer battle-history"><br></div><div class="battle-history">Hitmonchan used <strong>Mach Punch</strong>!<br></div><div class="battle-history"><small>(The opposing Ninjamaleon lost <abbr title="−67/323">20.7%</abbr> of its health!)</small><br></div><div class="battle-history"><small>Hitmonchan lost some of its HP!</small><br></div><div class="spacer battle-history"><br></div><div class="battle-history">The opposing Ninjamaleon fainted!<br></div><div class="battle-history">Hitmonchan fainted!<br></div><div class="spacer battle-history"><br></div><div class="battle-history">Theisaacampos sent out <strong>Electivire</strong>!<br></div><div class="spacer battle-history"><br></div><div class="battle-history">Go! <strong>Malamar</strong>!<br></div><div class="spacer battle-history"><br></div><h2 class="battle-history">Turn 10</h2><div class="spacer battle-history"><br></div><div class="battle-history">The opposing Electivire used <strong>Power-Up Punch</strong>!<br></div><div class="battle-history"><small>(Malamar lost <abbr title="−60/376">16.0%</abbr> of its health!)</small><br></div><div class="battle-history"><small>The opposing Electivire's Attack rose!</small><br></div><div class="spacer battle-history"><br></div><div class="battle-history">Malamar used <strong>Superpower</strong>!<br></div><div class="battle-history"><small>(The opposing Electivire lost <abbr title="−186/291">63.9%</abbr> of its health!)</small><br></div><div class="battle-history"><small>Malamar's Attack rose!</small><br></div><div class="battle-history"><small>Malamar's Defense rose!</small><br></div><div class="spacer battle-history"><br></div><div class="battle-history"><small>Malamar restored a little HP using its Leftovers!</small><br></div><div class="spacer battle-history"><br></div><h2 class="battle-history">Turn 11</h2><div class="spacer battle-history"><br></div><div class="battle-history">The opposing Electivire used <strong>Wild Charge</strong>!<br></div><div class="battle-history"><small>A critical hit!</small><br></div><div class="battle-history"><small>(Malamar lost <abbr title="−339/376">90.2%</abbr> of its health!)</small><br></div><div class="battle-history"><small>The opposing Electivire is damaged by the recoil!</small><br></div><div class="spacer battle-history"><br></div><div class="battle-history">Malamar fainted!<br></div><div class="spacer battle-history"><br></div><div class="battle-history">Go! <strong>Piloswine</strong>!<br></div><div class="spacer battle-history"><br></div><h2 class="battle-history">Turn 12</h2><div class="spacer battle-history"><br></div><div class="battle-history">Piloswine used <strong>Ice Shard</strong>!<br></div><div class="battle-history"><small>(The opposing Electivire lost <abbr title="−20/291">6.9%</abbr> of its health!)</small><br></div><div class="spacer battle-history"><br></div><div class="battle-history">The opposing Electivire fainted!<br></div><div class="spacer battle-history"><br></div><div class="battle-history">Theisaacampos sent out <strong>Malamar</strong>!<br></div><div class="spacer battle-history"><br></div><h2 class="battle-history">Turn 13</h2><div class="spacer battle-history"><br></div><div class="battle-history">The opposing Malamar used <strong>Superpower</strong>!<br></div><div class="battle-history"><small>It's super effective!</small><br></div><div class="battle-history"><small>(Piloswine lost <abbr title="−194/404">48.0%</abbr> of its health!)</small><br></div><div class="battle-history"><small>The opposing Malamar's Attack rose!</small><br></div><div class="battle-history"><small>The opposing Malamar's Defense rose!</small><br></div><div class="spacer battle-history"><br></div><div class="battle-history">Piloswine used <strong>Avalanche</strong>!<br></div><div class="battle-history"><small>(The opposing Malamar lost <abbr title="−156/359">43.5%</abbr> of its health!)</small><br></div><div class="spacer battle-history"><br></div><div class="battle-history"><small>The opposing Malamar restored a little HP using its Leftovers!</small><br></div><div class="spacer battle-history"><br></div><h2 class="battle-history">Turn 14</h2><div class="spacer battle-history"><br></div><div class="battle-history">Piloswine used <strong>Ice Shard</strong>!<br></div><div class="battle-history"><small>(The opposing Malamar lost <abbr title="−48/359">13.4%</abbr> of its health!)</small><br></div><div class="spacer battle-history"><br></div><div class="battle-history">The opposing Malamar used <strong>Superpower</strong>!<br></div><div class="battle-history"><small>It's super effective!</small><br></div><div class="battle-history"><small>(Piloswine lost <abbr title="−210/404">52.0%</abbr> of its health!)</small><br></div><div class="battle-history"><small>The opposing Malamar's Attack rose!</small><br></div><div class="battle-history"><small>The opposing Malamar's Defense rose!</small><br></div><div class="spacer battle-history"><br></div><div class="battle-history">Piloswine fainted!<br></div><div class="spacer battle-history"><br></div><div class="battle-history"><small>The opposing Malamar restored a little HP using its Leftovers!</small><br></div><div class="spacer battle-history"><br></div><div class="battle-history">Go! <strong>Articuno</strong>!<br></div><div class="battle-history"><small>[Articuno's Pressure]</small><br><small>Articuno is exerting its pressure!</small><br></div><div class="spacer battle-history"><br></div><h2 class="battle-history">Turn 15</h2><div class="spacer battle-history"><br></div><div class="battle-history">Articuno used <strong>U-turn</strong>!<br></div><div class="battle-history"><small>It's super effective!</small><br></div><div class="battle-history"><small>(The opposing Malamar lost <abbr title="−166/359">46.2%</abbr> of its health!)</small><br></div><div class="battle-history"><small>Articuno lost some of its HP!</small><br></div><div class="spacer battle-history"><br></div><div class="battle-history">The opposing Malamar used <strong>Knock Off</strong>!<br></div><div class="battle-history"><small>(Articuno lost <abbr title="−318/371">85.7%</abbr> of its health!)</small><br></div><div class="battle-history"><small>The opposing Malamar knocked off Articuno's Life Orb!</small><br></div><div class="spacer battle-history"><br></div><div class="battle-history"><small>The opposing Malamar restored a little HP using its Leftovers!</small><br></div><div class="spacer battle-history"><br></div><h2 class="battle-history">Turn 16</h2><div class="spacer battle-history"><br></div><div class="battle-history">Articuno used <strong>Freeze-Dry</strong>!<br></div><div class="battle-history"><small>(The opposing Malamar lost <abbr title="−55/359">15.3%</abbr> of its health!)</small><br></div><div class="spacer battle-history"><br></div><div class="battle-history">The opposing Malamar fainted!<br></div><div class="spacer battle-history"><br></div><div class="battle-history">Theisaacampos sent out Musculosus (<strong>Gurdurr</strong>)!<br></div><div class="spacer battle-history"><br></div><h2 class="battle-history">Turn 17</h2><div class="spacer battle-history"><br></div><div class="battle-history">The opposing Musculosus used <strong>Mach Punch</strong>!<br></div><div class="battle-history"><small>(Articuno lost <abbr title="−16/371">4.3%</abbr> of its health!)</small><br></div><div class="spacer battle-history"><br></div><div class="battle-history">Articuno fainted!<br></div><div class="spacer battle-history"><br></div><div class="battle-history"><strong>Theisaacampos</strong> won the battle!<br></div><div class="chat"><small>We are number two left.</small></div></div><div class="inner-preempt"></div></div></div>
</div>
<script>
let daily = Math.floor(Date.now()/1000/60/60/24);document.write('<script src="https://play.pokemonshowdown.com/js/replay-embed.js?version'+daily+'"></'+'script>');
</script>
