<!DOCTYPE html>
<meta charset="utf-8" />
<!-- version 1 -->
<title>NU replay: t0te vs. zunjo</title>
<style>
html,body {font-family:Verdana, sans-serif;font-size:10pt;margin:0;padding:0;}body{padding:12px 0;} .battle-log {font-family:Verdana, sans-serif;font-size:10pt;} .battle-log-inline {border:1px solid #AAAAAA;background:#EEF2F5;color:black;max-width:640px;margin:0 auto 80px;padding-bottom:5px;} .battle-log .inner {padding:4px 8px 0px 8px;} .battle-log .inner-preempt {padding:0 8px 4px 8px;} .battle-log .inner-after {margin-top:0.5em;} .battle-log h2 {margin:0.5em -8px;padding:4px 8px;border:1px solid #AAAAAA;background:#E0E7EA;border-left:0;border-right:0;font-family:Verdana, sans-serif;font-size:13pt;} .battle-log .chat {vertical-align:middle;padding:3px 0 3px 0;font-size:8pt;} .battle-log .chat strong {color:#40576A;} .battle-log .chat em {padding:1px 4px 1px 3px;color:#000000;font-style:normal;} .chat.mine {background:rgba(0,0,0,0.05);margin-left:-8px;margin-right:-8px;padding-left:8px;padding-right:8px;} .spoiler {color:#BBBBBB;background:#BBBBBB;padding:0px 3px;} .spoiler:hover, .spoiler:active, .spoiler-shown {color:#000000;background:#E2E2E2;padding:0px 3px;} .spoiler a {color:#BBBBBB;} .spoiler:hover a, .spoiler:active a, .spoiler-shown a {color:#2288CC;} .chat code, .chat .spoiler:hover code, .chat .spoiler:active code, .chat .spoiler-shown code {border:1px solid #C0C0C0;background:#EEEEEE;color:black;padding:0 2px;} .chat .spoiler code {border:1px solid #CCCCCC;background:#CCCCCC;color:#CCCCCC;} .battle-log .rated {padding:3px 4px;} .battle-log .rated strong {color:white;background:#89A;padding:1px 4px;border-radius:4px;} .spacer {margin-top:0.5em;} .message-announce {background:#6688AA;color:white;padding:1px 4px 2px;} .message-announce a, .broadcast-green a, .broadcast-blue a, .broadcast-red a {color:#DDEEFF;} .broadcast-green {background-color:#559955;color:white;padding:2px 4px;} .broadcast-blue {background-color:#6688AA;color:white;padding:2px 4px;} .infobox {border:1px solid #6688AA;padding:2px 4px;} .infobox-limited {max-height:200px;overflow:auto;overflow-x:hidden;} .broadcast-red {background-color:#AA5544;color:white;padding:2px 4px;} .message-learn-canlearn {font-weight:bold;color:#228822;text-decoration:underline;} .message-learn-cannotlearn {font-weight:bold;color:#CC2222;text-decoration:underline;} .message-effect-weak {font-weight:bold;color:#CC2222;} .message-effect-resist {font-weight:bold;color:#6688AA;} .message-effect-immune {font-weight:bold;color:#666666;} .message-learn-list {margin-top:0;margin-bottom:0;} .message-throttle-notice, .message-error {color:#992222;} .message-overflow, .chat small.message-overflow {font-size:0pt;} .message-overflow::before {font-size:9pt;content:'...';} .subtle {color:#3A4A66;}
</style>
<div class="wrapper replay-wrapper" style="max-width:1180px;margin:0 auto">
<input type="hidden" name="replayid" value="nu-554500797" />
<div class="battle"></div><div class="battle-log"></div><div class="replay-controls"></div><div class="replay-controls-2"></div>
<h1 style="font-weight:normal;text-align:center"><strong>NU</strong><br /><a href="http://pokemonshowdown.com/users/t0te" class="subtle" target="_blank">t0te</a> vs. <a href="http://pokemonshowdown.com/users/zunjo" class="subtle" target="_blank">zunjo</a></h1>
<script type="text/plain" class="battle-log-data">|j|t0te
|j|zunjo
|player|p1|t0te|163
|player|p2|zunjo|279
|gametype|singles
|gen|6
|tier|NU
|seed|22977,43629,6544,28399
|rule|Sleep Clause Mod: Limit one foe put to sleep
|rule|Species Clause: Limit one of each Pokémon
|rule|OHKO Clause: OHKO moves are banned
|rule|Moody Clause: Moody is banned
|rule|Evasion Moves Clause: Evasion moves are banned
|rule|Endless Battle Clause: Forcing endless battles is banned
|rule|HP Percentage Mod: HP is shown in percentages
|clearpoke
|poke|p1|Vivillon-Sun, F|item
|poke|p1|Meganium, F|item
|poke|p1|Aurorus, F|item
|poke|p1|Lanturn, F|item
|poke|p1|Malamar, F|item
|poke|p1|Gorebyss, M|item
|poke|p2|Muk, M|item
|poke|p2|Audino, F|item
|poke|p2|Jumpluff, M|item
|poke|p2|Flareon, F|item
|poke|p2|Avalugg, M|item
|poke|p2|Stunfisk, M|item
|rule|Swagger Clause: Swagger is banned
|rule|Baton Pass Clause: Limit one Baton Passer, can't pass Spe and other stats simultaneously
|teampreview
|j|Stats Bot
|l|Stats Bot
|j|AmineFifty
|c|☆zunjo|yo wat up
|j|IHateYouM8~
|choice|team 1, team 2, team 3, team 4, team 5, team 6|team 6, team 2, team 3, team 4, team 5, team 1
|
|start
|switch|p1a: Vivillon|Vivillon-Sun, F|301\/301
|switch|p2a: fiks|Stunfisk, M|422\/422
|turn|1
|choice|move sleeppowder|move stealthrock
|
|move|p1a: Vivillon|Sleep Powder|p2a: fiks
|-status|p2a: fiks|slp
|cant|p2a: fiks|slp
|
|upkeep
|turn|2
|choice|move quiverdance|switch 4
|
|switch|p2a: Grill|Flareon, F|334\/334
|move|p1a: Vivillon|Quiver Dance|p1a: Vivillon
|-boost|p1a: Vivillon|spa|1
|-boost|p1a: Vivillon|spd|1
|-boost|p1a: Vivillon|spe|1
|
|upkeep
|turn|3
|choice|move hurricane|move roar
|
|move|p1a: Vivillon|Hurricane|p2a: Grill
|-damage|p2a: Grill|169\/334
|move|p2a: Grill|Roar|p1a: Vivillon
|drag|p1a: Meganium|Meganium, F|301\/301
|
|-heal|p2a: Grill|189\/334|[from] item: Leftovers
|upkeep
|turn|4
|j|dejejr
|choice|move earthquake|move substitute
|
|move|p1a: Meganium|Earthquake|p2a: Grill
|-supereffective|p2a: Grill
|-damage|p2a: Grill|0 fnt
|faint|p2a: Grill
|
|upkeep
|j|Eixa
|choice||switch 5
|
|switch|p2a: idk table|Avalugg, M|394\/394
|turn|5
|choice|switch 2|move avalanche
|
|switch|p1a: Vivillon|Vivillon-Sun, F|301\/301
|move|p2a: idk table|Avalanche|p1a: Vivillon
|-supereffective|p1a: Vivillon
|-enditem|p1a: Vivillon|Focus Sash
|-damage|p1a: Vivillon|1\/301
|
|upkeep
|turn|6
|choice|move hurricane|move avalanche
|
|move|p1a: Vivillon|Hurricane|p2a: idk table
|-damage|p2a: idk table|133\/394
|move|p2a: idk table|Avalanche|p1a: Vivillon
|-supereffective|p1a: Vivillon
|-damage|p1a: Vivillon|0 fnt
|faint|p1a: Vivillon
|
|-heal|p2a: idk table|157\/394|[from] item: Leftovers
|upkeep
|j|EraserO
|choice|switch 6|
|
|switch|p1a: Gorebyss|Gorebyss, M|251\/251
|turn|7
|choice|move shellsmash|switch 6
|
|switch|p2a: POI POI|Muk, M|414\/414
|move|p1a: Gorebyss|Shell Smash|p1a: Gorebyss
|-unboost|p1a: Gorebyss|def|1
|-unboost|p1a: Gorebyss|spd|1
|-boost|p1a: Gorebyss|atk|2
|-boost|p1a: Gorebyss|spa|2
|-boost|p1a: Gorebyss|spe|2
|-enditem|p1a: Gorebyss|White Herb
|-clearnegativeboost|p1a: Gorebyss|[silent]
|
|upkeep
|turn|8
|choice|move psychic|move gunkshot
|
|move|p1a: Gorebyss|Psychic|p2a: POI POI
|-supereffective|p2a: POI POI
|-damage|p2a: POI POI|22\/414
|move|p2a: POI POI|Gunk Shot|p1a: Gorebyss
|-damage|p1a: Gorebyss|0 fnt
|faint|p1a: Gorebyss
|
|upkeep
|j|DESTRUCTIOOOOON
|choice|switch 5|
|
|switch|p1a: Malamar|Malamar, F|313\/313
|turn|9
|choice|move superpower|move gunkshot
|
|move|p1a: Malamar|Superpower|p2a: POI POI
|-resisted|p2a: POI POI
|-damage|p2a: POI POI|0 fnt
|-boost|p1a: Malamar|atk|1
|-boost|p1a: Malamar|def|1
|faint|p2a: POI POI
|
|upkeep
|choice||switch 3
|
|switch|p2a: Puffins|Jumpluff, M|354\/354
|turn|10
|j|dfyyhyhnh
|choice|move knockoff|move sleeppowder
|
|move|p2a: Puffins|Sleep Powder|p1a: Malamar
|-status|p1a: Malamar|slp
|cant|p1a: Malamar|slp
|
|upkeep
|turn|11
|choice|switch 3|move infestation
|
|switch|p1a: Aurorus|Aurorus, F|387\/387
|move|p2a: Puffins|Infestation|p1a: Aurorus
|-damage|p1a: Aurorus|375\/387
|-activate|p1a: Aurorus|move: Infestation|[of] p2a: Puffins
|
|-damage|p1a: Aurorus|327\/387|[from] move: Infestation|[partiallytrapped]
|upkeep
|turn|12
|choice|move hypervoice|switch 2
|
|switch|p2a: meme|Audino, F|410\/410
|move|p1a: Aurorus|Hyper Voice|p2a: meme
|-damage|p2a: meme|185\/410
|
|-heal|p2a: meme|210\/410|[from] item: Leftovers
|upkeep
|turn|13
|choice|move hypervoice|move protect
|
|move|p2a: meme|Protect|p2a: meme
|-singleturn|p2a: meme|Protect
|move|p1a: Aurorus|Hyper Voice|p2a: meme
|-activate|p2a: meme|move: Protect
|
|-heal|p2a: meme|235\/410|[from] item: Leftovers
|upkeep
|turn|14
|choice|move hypervoice|move healbell
|
|move|p1a: Aurorus|Hyper Voice|p2a: meme
|-damage|p2a: meme|13\/410
|move|p2a: meme|Heal Bell|p2a: meme
|-activate|p2a: meme|move: Heal Bell
|-curestatus|p2: fiks|slp|[msg]
|
|-heal|p2a: meme|38\/410|[from] item: Leftovers
|upkeep
|turn|15
|choice|move hypervoice|move protect
|
|move|p2a: meme|Protect|p2a: meme
|-singleturn|p2a: meme|Protect
|move|p1a: Aurorus|Hyper Voice|p2a: meme
|-activate|p2a: meme|move: Protect
|
|-heal|p2a: meme|63\/410|[from] item: Leftovers
|upkeep
|turn|16
|l|DESTRUCTIOOOOON
|j|Parsoisa000
|choice|move hypervoice|move wish
|
|move|p1a: Aurorus|Hyper Voice|p2a: meme
|-damage|p2a: meme|0 fnt
|faint|p2a: meme
|
|upkeep
|choice||switch 6
|
|switch|p2a: idk table|Avalugg, M|157\/394
|turn|17
|c|☆zunjo|lel
|c|☆zunjo|ripo
|c|☆zunjo|gg
|c| Parsoisa000|Gg
|choice|move hypervoice|move earthquake
|
|move|p1a: Aurorus|Hyper Voice|p2a: idk table
|-resisted|p2a: idk table
|-damage|p2a: idk table|0 fnt
|faint|p2a: idk table
|
|upkeep
|c| IHateYouM8~|gg
|choice||switch 4
|
|switch|p2a: fiks|Stunfisk, M|422\/422
|turn|18
|choice|move hypervoice|move earthpower
|
|move|p1a: Aurorus|Hyper Voice|p2a: fiks
|-supereffective|p2a: fiks
|-damage|p2a: fiks|0 fnt
|faint|p2a: fiks
|
|upkeep
|choice||switch 2
|
|switch|p2a: Puffins|Jumpluff, M|354\/354
|turn|19
|l|dejejr
|c| Parsoisa000|Ooooh mini sweep
|l|dfyyhyhnh
|choice|move hypervoice|move infestation
|
|move|p2a: Puffins|Infestation|p1a: Aurorus
|-damage|p1a: Aurorus|316\/387
|-activate|p1a: Aurorus|move: Infestation|[of] p2a: Puffins
|move|p1a: Aurorus|Hyper Voice|p2a: Puffins
|-supereffective|p2a: Puffins
|-damage|p2a: Puffins|0 fnt
|faint|p2a: Puffins
|
|win|t0te
|c|☆zunjo|rip
|c| Parsoisa000|Gg
|l|Eixa</script>
</div>
<div class="battle-log battle-log-inline"><div class="inner"><div class="battle-options"></div><div class="inner"><div class="chat"><small>t0te joined.</small></div><div class="chat"><small>zunjo joined.</small></div><div class=""><small>Format:</small> <br><strong>NU</strong></div><div class=""><small><em>Sleep Clause Mod:</em> Limit one foe put to sleep</small></div><div class=""><small><em>Species Clause:</em> Limit one of each Pokémon</small></div><div class=""><small><em>OHKO Clause:</em> OHKO moves are banned</small></div><div class=""><small><em>Moody Clause:</em> Moody is banned</small></div><div class=""><small><em>Evasion Moves Clause:</em> Evasion moves are banned</small></div><div class=""><small><em>Endless Battle Clause:</em> Forcing endless battles is banned</small></div><div class=""><small><em>HP Percentage Mod:</em> HP is shown in percentages</small></div><div class=""><small><em>Swagger Clause:</em> Swagger is banned</small></div><div class=""><small><em>Baton Pass Clause:</em> Limit one Baton Passer, can't pass Spe and other stats simultaneously</small></div><div class="chat battle-history"><strong>t0te's team:</strong> <em style="color:#445566;display:block;">Vivillon-Sun / Meganium / Aurorus / Lanturn / Malamar / Gorebyss</em></div><div class="chat battle-history"><strong>zunjo's team:</strong> <em style="color:#445566;display:block;">Muk / Audino / Jumpluff / Flareon / Avalugg / Stunfisk</em></div><div class="chat"><small>Stats Bot joined.</small></div><div class="chat"><small>Stats Bot left.</small></div><div class="chat"><small>AmineFifty joined.</small></div><div class="chat chatmessage-zunjo"><strong style="color:hsl(291,41%,51.874798788149775%)"><small>☆</small><span class="username" data-name="zunjo">zunjo</span>:</strong> <em>yo wat up</em></div><div class="chat"><small>IHateYouM8~ joined.</small></div><div class="spacer battle-history"><br></div><div class="battle-history">Battle started between t0te and zunjo!<br></div><div class="spacer battle-history"><br></div><div class="battle-history">Go! Vivillon (<strong>Vivillon-Sun</strong>)!<br></div><div class="spacer battle-history"><br></div><div class="battle-history">zunjo sent out fiks (<strong>Stunfisk</strong>)!<br></div><div class="spacer battle-history"><br></div><h2 class="battle-history">Turn 1</h2><div class="spacer battle-history"><br></div><div class="battle-history">Vivillon used <strong>Sleep Powder</strong>!<br></div><div class="battle-history"><small>The opposing fiks fell asleep!</small><br></div><div class="spacer battle-history"><br></div><div class="battle-history">The opposing fiks is fast asleep.<br></div><div class="spacer battle-history"><br></div><h2 class="battle-history">Turn 2</h2><div class="spacer battle-history"><br></div><div class="battle-history">zunjo withdrew fiks!<br></div><div class="battle-history">zunjo sent out Grill (<strong>Flareon</strong>)!<br></div><div class="spacer battle-history"><br></div><div class="battle-history">Vivillon used <strong>Quiver Dance</strong>!<br></div><div class="battle-history"><small>Vivillon's Special Attack rose!</small><br></div><div class="battle-history"><small>Vivillon's Special Defense rose!</small><br></div><div class="battle-history"><small>Vivillon's Speed rose!</small><br></div><div class="spacer battle-history"><br></div><h2 class="battle-history">Turn 3</h2><div class="spacer battle-history"><br></div><div class="battle-history">Vivillon used <strong>Hurricane</strong>!<br></div><div class="battle-history"><small>(The opposing Grill lost <abbr title="−165/334">49.4%</abbr> of its health!)</small><br></div><div class="spacer battle-history"><br></div><div class="battle-history">The opposing Grill used <strong>Roar</strong>!<br></div><div class="spacer battle-history"><br></div><div class="battle-history"><strong>Meganium</strong> was dragged out!<br></div><div class="spacer battle-history"><br></div><div class="battle-history"><small>The opposing Grill restored a little HP using its Leftovers!</small><br></div><div class="spacer battle-history"><br></div><h2 class="battle-history">Turn 4</h2><div class="chat"><small>dejejr joined.</small></div><div class="spacer battle-history"><br></div><div class="battle-history">Meganium used <strong>Earthquake</strong>!<br></div><div class="battle-history"><small>It's super effective!</small><br></div><div class="battle-history"><small>(The opposing Grill lost <abbr title="−189/334">56.6%</abbr> of its health!)</small><br></div><div class="spacer battle-history"><br></div><div class="battle-history">The opposing Grill fainted!<br></div><div class="chat"><small>Eixa joined.</small></div><div class="spacer battle-history"><br></div><div class="battle-history">zunjo sent out idk table (<strong>Avalugg</strong>)!<br></div><div class="spacer battle-history"><br></div><h2 class="battle-history">Turn 5</h2><div class="spacer battle-history"><br></div><div class="battle-history">Meganium, come back!<br></div><div class="battle-history">Go! Vivillon (<strong>Vivillon-Sun</strong>)!<br></div><div class="spacer battle-history"><br></div><div class="battle-history">The opposing idk table used <strong>Avalanche</strong>!<br></div><div class="battle-history"><small>It's super effective!</small><br></div><div class="battle-history"><small>Vivillon hung on using its Focus Sash!</small><br></div><div class="battle-history"><small>(Vivillon lost <abbr title="−300/301">99.7%</abbr> of its health!)</small><br></div><div class="spacer battle-history"><br></div><h2 class="battle-history">Turn 6</h2><div class="spacer battle-history"><br></div><div class="battle-history">Vivillon used <strong>Hurricane</strong>!<br></div><div class="battle-history"><small>(The opposing idk table lost <abbr title="−261/394">66.2%</abbr> of its health!)</small><br></div><div class="spacer battle-history"><br></div><div class="battle-history">The opposing idk table used <strong>Avalanche</strong>!<br></div><div class="battle-history"><small>It's super effective!</small><br></div><div class="battle-history"><small>(Vivillon lost <abbr title="−1/301">0.3%</abbr> of its health!)</small><br></div><div class="spacer battle-history"><br></div><div class="battle-history">Vivillon fainted!<br></div><div class="spacer battle-history"><br></div><div class="battle-history"><small>The opposing idk table restored a little HP using its Leftovers!</small><br></div><div class="chat"><small>EraserO joined.</small></div><div class="spacer battle-history"><br></div><div class="battle-history">Go! <strong>Gorebyss</strong>!<br></div><div class="spacer battle-history"><br></div><h2 class="battle-history">Turn 7</h2><div class="spacer battle-history"><br></div><div class="battle-history">zunjo withdrew idk table!<br></div><div class="battle-history">zunjo sent out POI POI (<strong>Muk</strong>)!<br></div><div class="spacer battle-history"><br></div><div class="battle-history">Gorebyss used <strong>Shell Smash</strong>!<br></div><div class="battle-history"><small>Gorebyss's Defense fell!</small><br></div><div class="battle-history"><small>Gorebyss's Special Defense fell!</small><br></div><div class="battle-history"><small>Gorebyss's Attack rose sharply!</small><br></div><div class="battle-history"><small>Gorebyss's Special Attack rose sharply!</small><br></div><div class="battle-history"><small>Gorebyss's Speed rose sharply!</small><br></div><div class="battle-history"><small>Gorebyss returned its status to normal using its White Herb!</small><br></div><div class="spacer battle-history"><br></div><h2 class="battle-history">Turn 8</h2><div class="spacer battle-history"><br></div><div class="battle-history">Gorebyss used <strong>Psychic</strong>!<br></div><div class="battle-history"><small>It's super effective!</small><br></div><div class="battle-history"><small>(The opposing POI POI lost <abbr title="−392/414">94.7%</abbr> of its health!)</small><br></div><div class="spacer battle-history"><br></div><div class="battle-history">The opposing POI POI used <strong>Gunk Shot</strong>!<br></div><div class="battle-history"><small>(Gorebyss lost <abbr title="−251/251">100%</abbr> of its health!)</small><br></div><div class="spacer battle-history"><br></div><div class="battle-history">Gorebyss fainted!<br></div><div class="chat"><small>DESTRUCTIOOOOON joined.</small></div><div class="spacer battle-history"><br></div><div class="battle-history">Go! <strong>Malamar</strong>!<br></div><div class="spacer battle-history"><br></div><h2 class="battle-history">Turn 9</h2><div class="spacer battle-history"><br></div><div class="battle-history">Malamar used <strong>Superpower</strong>!<br></div><div class="battle-history"><small>It's not very effective...</small><br></div><div class="battle-history"><small>(The opposing POI POI lost <abbr title="−22/414">5.3%</abbr> of its health!)</small><br></div><div class="battle-history"><small>Malamar's Attack rose!</small><br></div><div class="battle-history"><small>Malamar's Defense rose!</small><br></div><div class="spacer battle-history"><br></div><div class="battle-history">The opposing POI POI fainted!<br></div><div class="spacer battle-history"><br></div><div class="battle-history">zunjo sent out Puffins (<strong>Jumpluff</strong>)!<br></div><div class="spacer battle-history"><br></div><h2 class="battle-history">Turn 10</h2><div class="chat"><small>dfyyhyhnh joined.</small></div><div class="spacer battle-history"><br></div><div class="battle-history">The opposing Puffins used <strong>Sleep Powder</strong>!<br></div><div class="battle-history"><small>Malamar fell asleep!</small><br></div><div class="spacer battle-history"><br></div><div class="battle-history">Malamar is fast asleep.<br></div><div class="spacer battle-history"><br></div><h2 class="battle-history">Turn 11</h2><div class="spacer battle-history"><br></div><div class="battle-history">Malamar, come back!<br></div><div class="battle-history">Go! <strong>Aurorus</strong>!<br></div><div class="spacer battle-history"><br></div><div class="battle-history">The opposing Puffins used <strong>Infestation</strong>!<br></div><div class="battle-history"><small>(Aurorus lost <abbr title="−12/387">3.1%</abbr> of its health!)</small><br></div><div class="battle-history"><small>Aurorus has been afflicted with an infestation by the opposing Puffins!</small><br></div><div class="spacer battle-history"><br></div><div class="battle-history"><small>Aurorus is hurt by Infestation!</small><br></div><div class="spacer battle-history"><br></div><h2 class="battle-history">Turn 12</h2><div class="spacer battle-history"><br></div><div class="battle-history">zunjo withdrew Puffins!<br></div><div class="battle-history">zunjo sent out meme (<strong>Audino</strong>)!<br></div><div class="spacer battle-history"><br></div><div class="battle-history">Aurorus used <strong>Hyper Voice</strong>!<br></div><div class="battle-history"><small>(The opposing meme lost <abbr title="−225/410">54.9%</abbr> of its health!)</small><br></div><div class="spacer battle-history"><br></div><div class="battle-history"><small>The opposing meme restored a little HP using its Leftovers!</small><br></div><div class="spacer battle-history"><br></div><h2 class="battle-history">Turn 13</h2><div class="spacer battle-history"><br></div><div class="battle-history">The opposing meme used <strong>Protect</strong>!<br></div><div class="battle-history"><small>The opposing meme protected itself!</small><br></div><div class="spacer battle-history"><br></div><div class="battle-history">Aurorus used <strong>Hyper Voice</strong>!<br></div><div class="battle-history"><small>The opposing meme protected itself!</small><br></div><div class="spacer battle-history"><br></div><div class="battle-history"><small>The opposing meme restored a little HP using its Leftovers!</small><br></div><div class="spacer battle-history"><br></div><h2 class="battle-history">Turn 14</h2><div class="spacer battle-history"><br></div><div class="battle-history">Aurorus used <strong>Hyper Voice</strong>!<br></div><div class="battle-history"><small>(The opposing meme lost <abbr title="−222/410">54.1%</abbr> of its health!)</small><br></div><div class="spacer battle-history"><br></div><div class="battle-history">The opposing meme used <strong>Heal Bell</strong>!<br></div><div class="battle-history"><small>A bell chimed!</small><br></div><div class="battle-history"><small>The opposing fiks woke up!</small><br></div><div class="spacer battle-history"><br></div><div class="battle-history"><small>The opposing meme restored a little HP using its Leftovers!</small><br></div><div class="spacer battle-history"><br></div><h2 class="battle-history">Turn 15</h2><div class="spacer battle-history"><br></div><div class="battle-history">The opposing meme used <strong>Protect</strong>!<br></div><div class="battle-history"><small>The opposing meme protected itself!</small><br></div><div class="spacer battle-history"><br></div><div class="battle-history">Aurorus used <strong>Hyper Voice</strong>!<br></div><div class="battle-history"><small>The opposing meme protected itself!</small><br></div><div class="spacer battle-history"><br></div><div class="battle-history"><small>The opposing meme restored a little HP using its Leftovers!</small><br></div><div class="spacer battle-history"><br></div><h2 class="battle-history">Turn 16</h2><div class="chat"><small>DESTRUCTIOOOOON left.</small></div><div class="chat"><small>Parsoisa000 joined.</small></div><div class="spacer battle-history"><br></div><div class="battle-history">Aurorus used <strong>Hyper Voice</strong>!<br></div><div class="battle-history"><small>(The opposing meme lost <abbr title="−63/410">15.4%</abbr> of its health!)</small><br></div><div class="spacer battle-history"><br></div><div class="battle-history">The opposing meme fainted!<br></div><div class="spacer battle-history"><br></div><div class="battle-history">zunjo sent out idk table (<strong>Avalugg</strong>)!<br></div><div class="spacer battle-history"><br></div><h2 class="battle-history">Turn 17</h2><div class="chat chatmessage-zunjo"><strong style="color:hsl(291,41%,51.874798788149775%)"><small>☆</small><span class="username" data-name="zunjo">zunjo</span>:</strong> <em>lel</em></div><div class="chat chatmessage-zunjo"><strong style="color:hsl(291,41%,51.874798788149775%)"><small>☆</small><span class="username" data-name="zunjo">zunjo</span>:</strong> <em>ripo</em></div><div class="chat chatmessage-zunjo"><strong style="color:hsl(291,41%,51.874798788149775%)"><small>☆</small><span class="username" data-name="zunjo">zunjo</span>:</strong> <em>gg</em></div><div class="chat chatmessage-parsoisa000"><strong style="color:hsl(338,68%,45.17330317202569%)"><small> </small><span class="username" data-name="Parsoisa000">Parsoisa000</span>:</strong> <em>Gg</em></div><div class="spacer battle-history"><br></div><div class="battle-history">Aurorus used <strong>Hyper Voice</strong>!<br></div><div class="battle-history"><small>It's not very effective...</small><br></div><div class="battle-history"><small>(The opposing idk table lost <abbr title="−157/394">39.8%</abbr> of its health!)</small><br></div><div class="spacer battle-history"><br></div><div class="battle-history">The opposing idk table fainted!<br></div><div class="chat chatmessage-ihateyoum8"><strong style="color:hsl(168,65%,40.421060226069116%)"><small> </small><span class="username" data-name="IHateYouM8~">IHateYouM8~</span>:</strong> <em>gg</em></div><div class="spacer battle-history"><br></div><div class="battle-history">zunjo sent out fiks (<strong>Stunfisk</strong>)!<br></div><div class="spacer battle-history"><br></div><h2 class="battle-history">Turn 18</h2><div class="spacer battle-history"><br></div><div class="battle-history">Aurorus used <strong>Hyper Voice</strong>!<br></div><div class="battle-history"><small>It's super effective!</small><br></div><div class="battle-history"><small>(The opposing fiks lost <abbr title="−422/422">100%</abbr> of its health!)</small><br></div><div class="spacer battle-history"><br></div><div class="battle-history">The opposing fiks fainted!<br></div><div class="spacer battle-history"><br></div><div class="battle-history">zunjo sent out Puffins (<strong>Jumpluff</strong>)!<br></div><div class="spacer battle-history"><br></div><h2 class="battle-history">Turn 19</h2><div class="chat"><small>dejejr left.</small></div><div class="chat chatmessage-parsoisa000"><strong style="color:hsl(338,68%,45.17330317202569%)"><small> </small><span class="username" data-name="Parsoisa000">Parsoisa000</span>:</strong> <em>Ooooh mini sweep</em></div><div class="chat"><small>dfyyhyhnh left.</small></div><div class="spacer battle-history"><br></div><div class="battle-history">The opposing Puffins used <strong>Infestation</strong>!<br></div><div class="battle-history"><small>(Aurorus lost <abbr title="−11/387">2.8%</abbr> of its health!)</small><br></div><div class="battle-history"><small>Aurorus has been afflicted with an infestation by the opposing Puffins!</small><br></div><div class="spacer battle-history"><br></div><div class="battle-history">Aurorus used <strong>Hyper Voice</strong>!<br></div><div class="battle-history"><small>It's super effective!</small><br></div><div class="battle-history"><small>(The opposing Puffins lost <abbr title="−354/354">100%</abbr> of its health!)</small><br></div><div class="spacer battle-history"><br></div><div class="battle-history">The opposing Puffins fainted!<br></div><div class="spacer battle-history"><br></div><div class="battle-history"><strong>t0te</strong> won the battle!<br></div><div class="chat chatmessage-zunjo"><strong style="color:hsl(291,41%,51.874798788149775%)"><small>☆</small><span class="username" data-name="zunjo">zunjo</span>:</strong> <em>rip</em></div><div class="chat chatmessage-parsoisa000"><strong style="color:hsl(338,68%,45.17330317202569%)"><small> </small><span class="username" data-name="Parsoisa000">Parsoisa000</span>:</strong> <em>Gg</em></div><div class="chat"><small>Eixa left.</small></div></div><div class="inner-preempt"></div></div></div>
</div>
<script>
let daily = Math.floor(Date.now()/1000/60/60/24);document.write('<script src="https://play.pokemonshowdown.com/js/replay-embed.js?version'+daily+'"></'+'script>');
</script>
