<!DOCTYPE html>
<meta charset="utf-8" />
<!-- version 1 -->
<title>NU replay: jlwjake vs. jv3457</title>
<style>
html,body {font-family:Verdana, sans-serif;font-size:10pt;margin:0;padding:0;}body{padding:12px 0;} .battle-log {font-family:Verdana, sans-serif;font-size:10pt;} .battle-log-inline {border:1px solid #AAAAAA;background:#EEF2F5;color:black;max-width:640px;margin:0 auto 80px;padding-bottom:5px;} .battle-log .inner {padding:4px 8px 0px 8px;} .battle-log .inner-preempt {padding:0 8px 4px 8px;} .battle-log .inner-after {margin-top:0.5em;} .battle-log h2 {margin:0.5em -8px;padding:4px 8px;border:1px solid #AAAAAA;background:#E0E7EA;border-left:0;border-right:0;font-family:Verdana, sans-serif;font-size:13pt;} .battle-log .chat {vertical-align:middle;padding:3px 0 3px 0;font-size:8pt;} .battle-log .chat strong {color:#40576A;} .battle-log .chat em {padding:1px 4px 1px 3px;color:#000000;font-style:normal;} .chat.mine {background:rgba(0,0,0,0.05);margin-left:-8px;margin-right:-8px;padding-left:8px;padding-right:8px;} .spoiler {color:#BBBBBB;background:#BBBBBB;padding:0px 3px;} .spoiler:hover, .spoiler:active, .spoiler-shown {color:#000000;background:#E2E2E2;padding:0px 3px;} .spoiler a {color:#BBBBBB;} .spoiler:hover a, .spoiler:active a, .spoiler-shown a {color:#2288CC;} .chat code, .chat .spoiler:hover code, .chat .spoiler:active code, .chat .spoiler-shown code {border:1px solid #C0C0C0;background:#EEEEEE;color:black;padding:0 2px;} .chat .spoiler code {border:1px solid #CCCCCC;background:#CCCCCC;color:#CCCCCC;} .battle-log .rated {padding:3px 4px;} .battle-log .rated strong {color:white;background:#89A;padding:1px 4px;border-radius:4px;} .spacer {margin-top:0.5em;} .message-announce {background:#6688AA;color:white;padding:1px 4px 2px;} .message-announce a, .broadcast-green a, .broadcast-blue a, .broadcast-red a {color:#DDEEFF;} .broadcast-green {background-color:#559955;color:white;padding:2px 4px;} .broadcast-blue {background-color:#6688AA;color:white;padding:2px 4px;} .infobox {border:1px solid #6688AA;padding:2px 4px;} .infobox-limited {max-height:200px;overflow:auto;overflow-x:hidden;} .broadcast-red {background-color:#AA5544;color:white;padding:2px 4px;} .message-learn-canlearn {font-weight:bold;color:#228822;text-decoration:underline;} .message-learn-cannotlearn {font-weight:bold;color:#CC2222;text-decoration:underline;} .message-effect-weak {font-weight:bold;color:#CC2222;} .message-effect-resist {font-weight:bold;color:#6688AA;} .message-effect-immune {font-weight:bold;color:#666666;} .message-learn-list {margin-top:0;margin-bottom:0;} .message-throttle-notice, .message-error {color:#992222;} .message-overflow, .chat small.message-overflow {font-size:0pt;} .message-overflow::before {font-size:9pt;content:'...';} .subtle {color:#3A4A66;}
</style>
<div class="wrapper replay-wrapper" style="max-width:1180px;margin:0 auto">
<input type="hidden" name="replayid" value="nu-516189670" />
<div class="battle"></div><div class="battle-log"></div><div class="replay-controls"></div><div class="replay-controls-2"></div>
<h1 style="font-weight:normal;text-align:center"><strong>NU</strong><br /><a href="http://pokemonshowdown.com/users/jlwjake" class="subtle" target="_blank">jlwjake</a> vs. <a href="http://pokemonshowdown.com/users/jv3457" class="subtle" target="_blank">jv3457</a></h1>
<script type="text/plain" class="battle-log-data">|j|jlwjake
|j|jv3457
|player|p1|jlwjake|274
|player|p2|jv3457|164
|gametype|singles
|gen|6
|tier|NU
|rated
|seed|42893,58619,12196,3792
|rule|Sleep Clause Mod: Limit one foe put to sleep
|rule|Species Clause: Limit one of each Pokémon
|rule|OHKO Clause: OHKO moves are banned
|rule|Moody Clause: Moody is banned
|rule|Evasion Moves Clause: Evasion moves are banned
|rule|Endless Battle Clause: Forcing endless battles is banned
|rule|HP Percentage Mod: HP is shown in percentages
|clearpoke
|poke|p1|Meowstic, M|item
|poke|p1|Ferroseed, F|item
|poke|p1|Torkoal, F|item
|poke|p1|Electivire, M|item
|poke|p1|Swellow, M|item
|poke|p1|Gabite, F|item
|poke|p2|Marowak, M, shiny|item
|poke|p2|Gourgeist-*, M, shiny|item
|poke|p2|Skuntank, M|item
|poke|p2|Malamar, M|item
|poke|p2|Magmortar, M|item
|poke|p2|Abomasnow, M, shiny|item
|rule|Swagger Clause: Swagger is banned
|rule|Baton Pass Clause: Limit one Baton Passer, can't pass Spe and other stats simultaneously
|teampreview
|choice|team 1, team 2, team 3, team 4, team 5, team 6|team 1, team 2, team 3, team 4, team 5, team 6
|
|start
|switch|p1a: Meowstic|Meowstic, M|351\/351
|switch|p2a: Marowak|Marowak, M, shiny|324\/324
|turn|1
|choice|move psychic|move knockoff
|
|move|p1a: Meowstic|Psychic|p2a: Marowak
|-damage|p2a: Marowak|213\/324
|move|p2a: Marowak|Knock Off|p1a: Meowstic
|-supereffective|p1a: Meowstic
|-damage|p1a: Meowstic|0 fnt
|-enditem|p1a: Meowstic|Light Clay|[from] move: Knock Off|[of] p2a: Marowak
|faint|p1a: Meowstic
|
|upkeep
|choice|switch 6|
|
|switch|p1a: Gabite|Gabite, F|277\/277
|turn|2
|choice|move stealthrock|move stealthrock
|
|move|p1a: Gabite|Stealth Rock|p2a: Marowak
|-sidestart|p2: jv3457|move: Stealth Rock
|move|p2a: Marowak|Stealth Rock|p1a: Gabite
|-sidestart|p1: jlwjake|move: Stealth Rock
|
|upkeep
|turn|3
|choice|move toxic|switch 6
|
|switch|p2a: Abomasnow|Abomasnow, M, shiny|322\/322
|-damage|p2a: Abomasnow|242\/322|[from] Stealth Rock
|-weather|Hail|[from] ability: Snow Warning|[of] p2a: Abomasnow
|move|p1a: Gabite|Toxic|p2a: Abomasnow
|-status|p2a: Abomasnow|tox
|
|-weather|Hail|[upkeep]
|-damage|p1a: Gabite|260\/277|[from] hail
|-damage|p2a: Abomasnow|222\/322 tox|[from] psn
|upkeep
|turn|4
|choice|switch 3|move gigadrain
|
|switch|p1a: Torkoal|Torkoal, F|281\/281
|-damage|p1a: Torkoal|211\/281|[from] Stealth Rock
|move|p2a: Abomasnow|Giga Drain|p1a: Torkoal
|-resisted|p1a: Torkoal
|-damage|p1a: Torkoal|117\/281
|-heal|p2a: Abomasnow|269\/322 tox|[from] drain|[of] p1a: Torkoal
|-damage|p2a: Abomasnow|237\/322 tox|[from] item: Life Orb
|
|-weather|Hail|[upkeep]
|-damage|p1a: Torkoal|100\/281|[from] hail
|-damage|p2a: Abomasnow|197\/322 tox|[from] psn
|upkeep
|turn|5
|j|FlappyCat2000
|l|FlappyCat2000
|choice|move rapidspin|switch 6
|
|switch|p2a: Marowak|Marowak, M, shiny|213\/324
|-damage|p2a: Marowak|193\/324|[from] Stealth Rock
|move|p1a: Torkoal|Rapid Spin|p2a: Marowak
|-damage|p2a: Marowak|181\/324
|-sideend|p1: jlwjake|Stealth Rock|[from] move: Rapid Spin|[of] p1a: Torkoal
|-damage|p1a: Torkoal|72\/281|[from] item: Life Orb
|
|-weather|Hail|[upkeep]
|-damage|p1a: Torkoal|55\/281|[from] hail
|-damage|p2a: Marowak|161\/324|[from] hail
|upkeep
|turn|6
|choice|switch 5|move earthquake
|
|switch|p1a: Swellow|Swellow, M|261\/261
|move|p2a: Marowak|Earthquake|p1a: Swellow
|-immune|p1a: Swellow|[msg]
|
|-weather|Hail|[upkeep]
|-damage|p1a: Swellow|245\/261|[from] hail
|-damage|p2a: Marowak|141\/324|[from] hail
|-status|p1a: Swellow|tox|[from] item: Toxic Orb
|upkeep
|turn|7
|choice|move uturn|move stealthrock
|
|move|p1a: Swellow|U-turn|p2a: Marowak
|-damage|p2a: Marowak|60\/324
|choice|switch 3|
|
|switch|p1a: Gabite|Gabite, F|260\/277
|move|p2a: Marowak|Stealth Rock|p1a: Gabite
|-sidestart|p1: jlwjake|move: Stealth Rock
|
|-weather|none
|upkeep
|turn|8
|choice|move dragonclaw|move knockoff
|
|move|p1a: Gabite|Dragon Claw|p2a: Marowak
|-damage|p2a: Marowak|0 fnt
|faint|p2a: Marowak
|
|upkeep
|choice||switch 4
|
|switch|p2a: Malamar|Malamar, M|314\/314
|-damage|p2a: Malamar|275\/314|[from] Stealth Rock
|turn|9
|choice|move toxic|move knockoff
|
|move|p1a: Gabite|Toxic|p2a: Malamar
|-status|p2a: Malamar|tox
|move|p2a: Malamar|Knock Off|p1a: Gabite
|-damage|p1a: Gabite|119\/277
|-damage|p2a: Malamar|236\/314 tox|[from] ability: Rough Skin|[of] p1a: Gabite
|-enditem|p1a: Gabite|Eviolite|[from] move: Knock Off|[of] p2a: Malamar
|
|-heal|p2a: Malamar|255\/314 tox|[from] item: Leftovers
|-damage|p2a: Malamar|236\/314 tox|[from] psn
|upkeep
|turn|10
|choice|move earthquake|move rest
|
|move|p1a: Gabite|Earthquake|p2a: Malamar
|-damage|p2a: Malamar|88\/314 tox
|move|p2a: Malamar|Rest|p2a: Malamar
|-status|p2a: Malamar|slp
|-heal|p2a: Malamar|314\/314 slp|[silent]
|-status|p2a: Malamar|slp|[from] move: Rest
|
|upkeep
|turn|11
|choice|move earthquake|move sleeptalk
|
|move|p1a: Gabite|Earthquake|p2a: Malamar
|-damage|p2a: Malamar|152\/314 slp
|cant|p2a: Malamar|slp
|move|p2a: Malamar|Sleep Talk|p2a: Malamar
|move|p2a: Malamar|Superpower|p1a: Gabite|[from]Sleep Talk
|-damage|p1a: Gabite|0 fnt
|-damage|p2a: Malamar|113\/314 slp|[from] ability: Rough Skin|[of] p1a: Gabite
|-boost|p2a: Malamar|atk|1
|-boost|p2a: Malamar|def|1
|faint|p1a: Gabite
|
|-heal|p2a: Malamar|132\/314 slp|[from] item: Leftovers
|upkeep
|choice|switch 5|
|
|switch|p1a: Torkoal|Torkoal, F|55\/281
|-damage|p1a: Torkoal|0 fnt|[from] Stealth Rock
|faint|p1a: Torkoal
|choice|switch 2|
|
|switch|p1a: Ferroseed|Ferroseed, F|291\/291
|-damage|p1a: Ferroseed|273\/291|[from] Stealth Rock
|turn|12
|choice|move stealthrock|move rest
|
|cant|p2a: Malamar|slp
|move|p1a: Ferroseed|Stealth Rock|p2a: Malamar
|-fail|p2a: Malamar
|
|-heal|p2a: Malamar|151\/314 slp|[from] item: Leftovers
|upkeep
|turn|13
|choice|move knockoff|move sleeptalk
|
|-curestatus|p2a: Malamar|slp|[msg]
|move|p2a: Malamar|Sleep Talk|p2a: Malamar
|-fail|p2a: Malamar
|move|p1a: Ferroseed|Knock Off|p2a: Malamar
|-damage|p2a: Malamar|118\/314
|-enditem|p2a: Malamar|Leftovers|[from] move: Knock Off|[of] p1a: Ferroseed
|
|upkeep
|turn|14
|c|★jlwjake|whoops
|choice|move protect|move rest
|
|move|p1a: Ferroseed|Protect|p1a: Ferroseed
|-singleturn|p1a: Ferroseed|Protect
|move|p2a: Malamar|Rest|p2a: Malamar
|-status|p2a: Malamar|slp
|-heal|p2a: Malamar|314\/314 slp|[silent]
|-status|p2a: Malamar|slp|[from] move: Rest
|
|upkeep
|turn|15
|choice|move leechseed|move sleeptalk
|
|cant|p2a: Malamar|slp
|move|p2a: Malamar|Sleep Talk|p2a: Malamar
|move|p2a: Malamar|Rest|p2a: Malamar|[from]Sleep Talk
|-fail|p2a: Malamar
|move|p1a: Ferroseed|Leech Seed|p2a: Malamar
|-start|p2a: Malamar|move: Leech Seed
|
|-damage|p2a: Malamar|275\/314 slp|[from] Leech Seed|[of] p1a: Ferroseed
|-heal|p1a: Ferroseed|291\/291|[silent]
|upkeep
|turn|16
|choice|move knockoff|move sleeptalk
|
|cant|p2a: Malamar|slp
|move|p2a: Malamar|Sleep Talk|p2a: Malamar
|move|p2a: Malamar|Rest|p2a: Malamar|[from]Sleep Talk
|-fail|p2a: Malamar
|move|p1a: Ferroseed|Knock Off|p2a: Malamar
|-damage|p2a: Malamar|251\/314 slp
|
|-damage|p2a: Malamar|212\/314 slp|[from] Leech Seed|[of] p1a: Ferroseed
|upkeep
|turn|17
|choice|move protect|move sleeptalk
|
|move|p1a: Ferroseed|Protect|p1a: Ferroseed
|-singleturn|p1a: Ferroseed|Protect
|-curestatus|p2a: Malamar|slp|[msg]
|move|p2a: Malamar|Sleep Talk|p2a: Malamar
|-fail|p2a: Malamar
|
|-damage|p2a: Malamar|173\/314|[from] Leech Seed|[of] p1a: Ferroseed
|upkeep
|turn|18
|choice|switch 3|switch 5
|
|switch|p2a: Magmortar|Magmortar, M|291\/291
|-damage|p2a: Magmortar|219\/291|[from] Stealth Rock
|switch|p1a: Swellow|Swellow, M|245\/261 tox
|-damage|p1a: Swellow|180\/261 tox|[from] Stealth Rock
|
|-damage|p1a: Swellow|164\/261 tox|[from] psn
|upkeep
|turn|19
|choice|move facade|move thunderbolt
|
|move|p2a: Magmortar|Thunderbolt|p1a: Swellow
|-supereffective|p1a: Swellow
|-damage|p1a: Swellow|0 fnt
|faint|p1a: Swellow
|
|upkeep
|choice|switch 4|
|
|switch|p1a: Electivire|Electivire, M|291\/291
|-damage|p1a: Electivire|255\/291|[from] Stealth Rock
|turn|20
|choice|move earthquake|switch 2
|
|switch|p2a: Gourgeist|Gourgeist-Super, M, shiny|374\/374
|-damage|p2a: Gourgeist|328\/374|[from] Stealth Rock
|-item|p1a: Electivire|Life Orb|[from] ability: Frisk|[of] p2a: Gourgeist|[identify]
|move|p1a: Electivire|Earthquake|p2a: Gourgeist
|-resisted|p2a: Gourgeist
|-damage|p2a: Gourgeist|276\/374
|-damage|p1a: Electivire|226\/291|[from] item: Life Orb
|
|-heal|p2a: Gourgeist|299\/374|[from] item: Leftovers
|upkeep
|turn|21
|choice|move firepunch|move willowisp
|
|move|p1a: Electivire|Fire Punch|p2a: Gourgeist
|-supereffective|p2a: Gourgeist
|-damage|p2a: Gourgeist|133\/374
|-damage|p1a: Electivire|197\/291|[from] item: Life Orb
|move|p2a: Gourgeist|Will-O-Wisp|p1a: Electivire
|-status|p1a: Electivire|brn
|
|-heal|p2a: Gourgeist|156\/374|[from] item: Leftovers
|-damage|p1a: Electivire|161\/291 brn|[from] brn
|upkeep
|turn|22
|choice|move firepunch|move synthesis
|
|move|p1a: Electivire|Fire Punch|p2a: Gourgeist
|-supereffective|p2a: Gourgeist
|-damage|p2a: Gourgeist|77\/374
|-damage|p1a: Electivire|132\/291 brn|[from] item: Life Orb
|move|p2a: Gourgeist|Synthesis|p2a: Gourgeist
|-heal|p2a: Gourgeist|264\/374
|
|-heal|p2a: Gourgeist|287\/374|[from] item: Leftovers
|-damage|p1a: Electivire|96\/291 brn|[from] brn
|upkeep
|turn|23
|-message|jlwjake forfeited.
|
|win|jv3457
|player|p1
|player|p2
|l|jlwjake</script>
</div>
<div class="battle-log battle-log-inline"><div class="inner"><div class="battle-options"></div><div class="inner"><div class="chat"><small>jlwjake joined.</small></div><div class="chat"><small>jv3457 joined.</small></div><div class=""><small>Format:</small> <br><strong>NU</strong></div><div class="rated"><strong>Rated battle</strong></div><div class=""><small><em>Sleep Clause Mod:</em> Limit one foe put to sleep</small></div><div class=""><small><em>Species Clause:</em> Limit one of each Pokémon</small></div><div class=""><small><em>OHKO Clause:</em> OHKO moves are banned</small></div><div class=""><small><em>Moody Clause:</em> Moody is banned</small></div><div class=""><small><em>Evasion Moves Clause:</em> Evasion moves are banned</small></div><div class=""><small><em>Endless Battle Clause:</em> Forcing endless battles is banned</small></div><div class=""><small><em>HP Percentage Mod:</em> HP is shown in percentages</small></div><div class=""><small><em>Swagger Clause:</em> Swagger is banned</small></div><div class=""><small><em>Baton Pass Clause:</em> Limit one Baton Passer, can't pass Spe and other stats simultaneously</small></div><div class="chat battle-history"><strong>jlwjake's team:</strong> <em style="color:#445566;display:block;">Meowstic / Ferroseed / Torkoal / Electivire / Swellow / Gabite</em></div><div class="chat battle-history"><strong>jv3457's team:</strong> <em style="color:#445566;display:block;">Marowak / Gourgeist-* / Skuntank / Malamar / Magmortar / Abomasnow</em></div><div class="spacer battle-history"><br></div><div class="battle-history">Battle started between jlwjake and jv3457!<br></div><div class="spacer battle-history"><br></div><div class="battle-history">Go! <strong>Meowstic</strong>!<br></div><div class="spacer battle-history"><br></div><div class="battle-history">jv3457 sent out <strong>Marowak</strong>!<br></div><div class="spacer battle-history"><br></div><h2 class="battle-history">Turn 1</h2><div class="spacer battle-history"><br></div><div class="battle-history">Meowstic used <strong>Psychic</strong>!<br></div><div class="battle-history"><small>(The opposing Marowak lost <abbr title="−111/324">34.3%</abbr> of its health!)</small><br></div><div class="spacer battle-history"><br></div><div class="battle-history">The opposing Marowak used <strong>Knock Off</strong>!<br></div><div class="battle-history"><small>It's super effective!</small><br></div><div class="battle-history"><small>(Meowstic lost <abbr title="−351/351">100%</abbr> of its health!)</small><br></div><div class="battle-history"><small>The opposing Marowak knocked off Meowstic's Light Clay!</small><br></div><div class="spacer battle-history"><br></div><div class="battle-history">Meowstic fainted!<br></div><div class="spacer battle-history"><br></div><div class="battle-history">Go! <strong>Gabite</strong>!<br></div><div class="spacer battle-history"><br></div><h2 class="battle-history">Turn 2</h2><div class="spacer battle-history"><br></div><div class="battle-history">Gabite used <strong>Stealth Rock</strong>!<br></div><div class="battle-history"><small>Pointed stones float in the air around the opposing team!</small><br></div><div class="spacer battle-history"><br></div><div class="battle-history">The opposing Marowak used <strong>Stealth Rock</strong>!<br></div><div class="battle-history"><small>Pointed stones float in the air around your team!</small><br></div><div class="spacer battle-history"><br></div><h2 class="battle-history">Turn 3</h2><div class="spacer battle-history"><br></div><div class="battle-history">jv3457 withdrew Marowak!<br></div><div class="battle-history">jv3457 sent out <strong>Abomasnow</strong>!<br></div><div class="battle-history"><small>Pointed stones dug into the opposing Abomasnow!</small><br></div><div class="battle-history"><small>[The opposing Abomasnow's Snow Warning]</small><br><small>It started to hail!</small><br></div><div class="spacer battle-history"><br></div><div class="battle-history">Gabite used <strong>Toxic</strong>!<br></div><div class="battle-history"><small>The opposing Abomasnow was badly poisoned!</small><br></div><div class="spacer battle-history"><br></div><div class="battle-history"><small>The hail is crashing down.</small><br></div><div class="battle-history"><small>Gabite is buffeted by the hail!</small><br></div><div class="battle-history"><small>The opposing Abomasnow was hurt by poison!</small><br></div><div class="spacer battle-history"><br></div><h2 class="battle-history">Turn 4</h2><div class="spacer battle-history"><br></div><div class="battle-history">Gabite, come back!<br></div><div class="battle-history">Go! <strong>Torkoal</strong>!<br></div><div class="battle-history"><small>Pointed stones dug into Torkoal!</small><br></div><div class="spacer battle-history"><br></div><div class="battle-history">The opposing Abomasnow used <strong>Giga Drain</strong>!<br></div><div class="battle-history"><small>It's not very effective...</small><br></div><div class="battle-history"><small>(Torkoal lost <abbr title="−94/281">33.5%</abbr> of its health!)</small><br></div><div class="battle-history"><small>Torkoal had its energy drained!</small><br></div><div class="battle-history"><small>The opposing Abomasnow lost some of its HP!</small><br></div><div class="spacer battle-history"><br></div><div class="battle-history"><small>The hail is crashing down.</small><br></div><div class="battle-history"><small>Torkoal is buffeted by the hail!</small><br></div><div class="battle-history"><small>The opposing Abomasnow was hurt by poison!</small><br></div><div class="spacer battle-history"><br></div><h2 class="battle-history">Turn 5</h2><div class="chat"><small>FlappyCat2000 joined.</small></div><div class="chat"><small>FlappyCat2000 left.</small></div><div class="spacer battle-history"><br></div><div class="battle-history">jv3457 withdrew Abomasnow!<br></div><div class="battle-history">jv3457 sent out <strong>Marowak</strong>!<br></div><div class="battle-history"><small>Pointed stones dug into the opposing Marowak!</small><br></div><div class="spacer battle-history"><br></div><div class="battle-history">Torkoal used <strong>Rapid Spin</strong>!<br></div><div class="battle-history"><small>(The opposing Marowak lost <abbr title="−12/324">3.7%</abbr> of its health!)</small><br></div><div class="battle-history"><small>The pointed stones disappeared from around your team!</small><br></div><div class="battle-history"><small>Torkoal lost some of its HP!</small><br></div><div class="spacer battle-history"><br></div><div class="battle-history"><small>The hail is crashing down.</small><br></div><div class="battle-history"><small>Torkoal is buffeted by the hail!</small><br></div><div class="battle-history"><small>The opposing Marowak is buffeted by the hail!</small><br></div><div class="spacer battle-history"><br></div><h2 class="battle-history">Turn 6</h2><div class="spacer battle-history"><br></div><div class="battle-history">Torkoal, come back!<br></div><div class="battle-history">Go! <strong>Swellow</strong>!<br></div><div class="spacer battle-history"><br></div><div class="battle-history">The opposing Marowak used <strong>Earthquake</strong>!<br></div><div class="battle-history"><small>It doesn't affect Swellow...</small><br></div><div class="spacer battle-history"><br></div><div class="battle-history"><small>The hail is crashing down.</small><br></div><div class="battle-history"><small>Swellow is buffeted by the hail!</small><br></div><div class="battle-history"><small>The opposing Marowak is buffeted by the hail!</small><br></div><div class="battle-history"><small>Swellow was badly poisoned!</small><br></div><div class="spacer battle-history"><br></div><h2 class="battle-history">Turn 7</h2><div class="spacer battle-history"><br></div><div class="battle-history">Swellow used <strong>U-turn</strong>!<br></div><div class="battle-history"><small>(The opposing Marowak lost <abbr title="−81/324">25%</abbr> of its health!)</small><br></div><div class="spacer battle-history"><br></div><div class="battle-history">Swellow went back to jlwjake!<br></div><div class="battle-history">Go! <strong>Gabite</strong>!<br></div><div class="spacer battle-history"><br></div><div class="battle-history">The opposing Marowak used <strong>Stealth Rock</strong>!<br></div><div class="battle-history"><small>Pointed stones float in the air around your team!</small><br></div><div class="spacer battle-history"><br></div><div class="battle-history"><small>The hail stopped.</small><br></div><div class="spacer battle-history"><br></div><h2 class="battle-history">Turn 8</h2><div class="spacer battle-history"><br></div><div class="battle-history">Gabite used <strong>Dragon Claw</strong>!<br></div><div class="battle-history"><small>(The opposing Marowak lost <abbr title="−60/324">18.5%</abbr> of its health!)</small><br></div><div class="spacer battle-history"><br></div><div class="battle-history">The opposing Marowak fainted!<br></div><div class="spacer battle-history"><br></div><div class="battle-history">jv3457 sent out <strong>Malamar</strong>!<br></div><div class="battle-history"><small>Pointed stones dug into the opposing Malamar!</small><br></div><div class="spacer battle-history"><br></div><h2 class="battle-history">Turn 9</h2><div class="spacer battle-history"><br></div><div class="battle-history">Gabite used <strong>Toxic</strong>!<br></div><div class="battle-history"><small>The opposing Malamar was badly poisoned!</small><br></div><div class="spacer battle-history"><br></div><div class="battle-history">The opposing Malamar used <strong>Knock Off</strong>!<br></div><div class="battle-history"><small>(Gabite lost <abbr title="−141/277">50.9%</abbr> of its health!)</small><br></div><div class="battle-history"><small>[Gabite's Rough Skin]</small><br><small>The opposing Malamar was hurt!</small><br></div><div class="battle-history"><small>The opposing Malamar knocked off Gabite's Eviolite!</small><br></div><div class="spacer battle-history"><br></div><div class="battle-history"><small>The opposing Malamar restored a little HP using its Leftovers!</small><br></div><div class="battle-history"><small>The opposing Malamar was hurt by poison!</small><br></div><div class="spacer battle-history"><br></div><h2 class="battle-history">Turn 10</h2><div class="spacer battle-history"><br></div><div class="battle-history">Gabite used <strong>Earthquake</strong>!<br></div><div class="battle-history"><small>(The opposing Malamar lost <abbr title="−148/314">47.1%</abbr> of its health!)</small><br></div><div class="spacer battle-history"><br></div><div class="battle-history">The opposing Malamar used <strong>Rest</strong>!<br></div><div class="battle-history"><small>The opposing Malamar fell asleep!</small><br></div><div class="battle-history"><small>The opposing Malamar slept and became healthy!</small><br></div><div class="spacer battle-history"><br></div><h2 class="battle-history">Turn 11</h2><div class="spacer battle-history"><br></div><div class="battle-history">Gabite used <strong>Earthquake</strong>!<br></div><div class="battle-history"><small>(The opposing Malamar lost <abbr title="−162/314">51.6%</abbr> of its health!)</small><br></div><div class="spacer battle-history"><br></div><div class="battle-history">The opposing Malamar is fast asleep.<br></div><div class="spacer battle-history"><br></div><div class="battle-history">The opposing Malamar used <strong>Sleep Talk</strong>!<br></div><div class="spacer battle-history"><br></div><div class="battle-history">The opposing Malamar used <strong>Superpower</strong>!<br></div><div class="battle-history"><small>(Gabite lost <abbr title="−119/277">43.0%</abbr> of its health!)</small><br></div><div class="battle-history"><small>[Gabite's Rough Skin]</small><br><small>The opposing Malamar was hurt!</small><br></div><div class="battle-history"><small>The opposing Malamar's Attack rose!</small><br></div><div class="battle-history"><small>The opposing Malamar's Defense rose!</small><br></div><div class="spacer battle-history"><br></div><div class="battle-history">Gabite fainted!<br></div><div class="spacer battle-history"><br></div><div class="battle-history"><small>The opposing Malamar restored a little HP using its Leftovers!</small><br></div><div class="spacer battle-history"><br></div><div class="battle-history">Go! <strong>Torkoal</strong>!<br></div><div class="battle-history"><small>Pointed stones dug into Torkoal!</small><br></div><div class="spacer battle-history"><br></div><div class="battle-history">Torkoal fainted!<br></div><div class="spacer battle-history"><br></div><div class="battle-history">Go! <strong>Ferroseed</strong>!<br></div><div class="battle-history"><small>Pointed stones dug into Ferroseed!</small><br></div><div class="spacer battle-history"><br></div><h2 class="battle-history">Turn 12</h2><div class="spacer battle-history"><br></div><div class="battle-history">The opposing Malamar is fast asleep.<br></div><div class="spacer battle-history"><br></div><div class="battle-history">Ferroseed used <strong>Stealth Rock</strong>!<br></div><div class="battle-history"><small>But it failed!</small><br></div><div class="spacer battle-history"><br></div><div class="battle-history"><small>The opposing Malamar restored a little HP using its Leftovers!</small><br></div><div class="spacer battle-history"><br></div><h2 class="battle-history">Turn 13</h2><div class="spacer battle-history"><br></div><div class="battle-history"><small>The opposing Malamar woke up!</small><br></div><div class="spacer battle-history"><br></div><div class="battle-history">The opposing Malamar used <strong>Sleep Talk</strong>!<br></div><div class="battle-history"><small>But it failed!</small><br></div><div class="spacer battle-history"><br></div><div class="battle-history">Ferroseed used <strong>Knock Off</strong>!<br></div><div class="battle-history"><small>(The opposing Malamar lost <abbr title="−33/314">10.5%</abbr> of its health!)</small><br></div><div class="battle-history"><small>Ferroseed knocked off the opposing Malamar's Leftovers!</small><br></div><div class="spacer battle-history"><br></div><h2 class="battle-history">Turn 14</h2><div class="chat chatmessage-jlwjake"><strong style="color:hsl(174,53%,36%)"><small>★</small><span class="username" data-name="jlwjake">jlwjake</span>:</strong> <em>whoops</em></div><div class="spacer battle-history"><br></div><div class="battle-history">Ferroseed used <strong>Protect</strong>!<br></div><div class="battle-history"><small>Ferroseed protected itself!</small><br></div><div class="spacer battle-history"><br></div><div class="battle-history">The opposing Malamar used <strong>Rest</strong>!<br></div><div class="battle-history"><small>The opposing Malamar fell asleep!</small><br></div><div class="battle-history"><small>The opposing Malamar slept and became healthy!</small><br></div><div class="spacer battle-history"><br></div><h2 class="battle-history">Turn 15</h2><div class="spacer battle-history"><br></div><div class="battle-history">The opposing Malamar is fast asleep.<br></div><div class="spacer battle-history"><br></div><div class="battle-history">The opposing Malamar used <strong>Sleep Talk</strong>!<br></div><div class="spacer battle-history"><br></div><div class="battle-history">The opposing Malamar used <strong>Rest</strong>!<br></div><div class="battle-history"><small>But it failed!</small><br></div><div class="spacer battle-history"><br></div><div class="battle-history">Ferroseed used <strong>Leech Seed</strong>!<br></div><div class="battle-history"><small>The opposing Malamar was seeded!</small><br></div><div class="spacer battle-history"><br></div><div class="battle-history"><small>The opposing Malamar's health is sapped by Leech Seed!</small><br></div><div class="spacer battle-history"><br></div><h2 class="battle-history">Turn 16</h2><div class="spacer battle-history"><br></div><div class="battle-history">The opposing Malamar is fast asleep.<br></div><div class="spacer battle-history"><br></div><div class="battle-history">The opposing Malamar used <strong>Sleep Talk</strong>!<br></div><div class="spacer battle-history"><br></div><div class="battle-history">The opposing Malamar used <strong>Rest</strong>!<br></div><div class="battle-history"><small>But it failed!</small><br></div><div class="spacer battle-history"><br></div><div class="battle-history">Ferroseed used <strong>Knock Off</strong>!<br></div><div class="battle-history"><small>(The opposing Malamar lost <abbr title="−24/314">7.6%</abbr> of its health!)</small><br></div><div class="spacer battle-history"><br></div><div class="battle-history"><small>The opposing Malamar's health is sapped by Leech Seed!</small><br></div><div class="spacer battle-history"><br></div><h2 class="battle-history">Turn 17</h2><div class="spacer battle-history"><br></div><div class="battle-history">Ferroseed used <strong>Protect</strong>!<br></div><div class="battle-history"><small>Ferroseed protected itself!</small><br></div><div class="battle-history"><small>The opposing Malamar woke up!</small><br></div><div class="spacer battle-history"><br></div><div class="battle-history">The opposing Malamar used <strong>Sleep Talk</strong>!<br></div><div class="battle-history"><small>But it failed!</small><br></div><div class="spacer battle-history"><br></div><div class="battle-history"><small>The opposing Malamar's health is sapped by Leech Seed!</small><br></div><div class="spacer battle-history"><br></div><h2 class="battle-history">Turn 18</h2><div class="spacer battle-history"><br></div><div class="battle-history">jv3457 withdrew Malamar!<br></div><div class="battle-history">jv3457 sent out <strong>Magmortar</strong>!<br></div><div class="battle-history"><small>Pointed stones dug into the opposing Magmortar!</small><br></div><div class="spacer battle-history"><br></div><div class="battle-history">Ferroseed, come back!<br></div><div class="battle-history">Go! <strong>Swellow</strong>!<br></div><div class="battle-history"><small>Pointed stones dug into Swellow!</small><br></div><div class="spacer battle-history"><br></div><div class="battle-history"><small>Swellow was hurt by poison!</small><br></div><div class="spacer battle-history"><br></div><h2 class="battle-history">Turn 19</h2><div class="spacer battle-history"><br></div><div class="battle-history">The opposing Magmortar used <strong>Thunderbolt</strong>!<br></div><div class="battle-history"><small>It's super effective!</small><br></div><div class="battle-history"><small>(Swellow lost <abbr title="−164/261">62.8%</abbr> of its health!)</small><br></div><div class="spacer battle-history"><br></div><div class="battle-history">Swellow fainted!<br></div><div class="spacer battle-history"><br></div><div class="battle-history">Go! <strong>Electivire</strong>!<br></div><div class="battle-history"><small>Pointed stones dug into Electivire!</small><br></div><div class="spacer battle-history"><br></div><h2 class="battle-history">Turn 20</h2><div class="spacer battle-history"><br></div><div class="battle-history">jv3457 withdrew Magmortar!<br></div><div class="battle-history">jv3457 sent out Gourgeist (<strong>Gourgeist-Super</strong>)!<br></div><div class="battle-history"><small>Pointed stones dug into the opposing Gourgeist!</small><br></div><div class="battle-history"><small>[The opposing Gourgeist's Frisk]</small><br><small>The opposing Gourgeist frisked Electivire and found its Life Orb!</small><br></div><div class="spacer battle-history"><br></div><div class="battle-history">Electivire used <strong>Earthquake</strong>!<br></div><div class="battle-history"><small>It's not very effective...</small><br></div><div class="battle-history"><small>(The opposing Gourgeist lost <abbr title="−52/374">13.9%</abbr> of its health!)</small><br></div><div class="battle-history"><small>Electivire lost some of its HP!</small><br></div><div class="spacer battle-history"><br></div><div class="battle-history"><small>The opposing Gourgeist restored a little HP using its Leftovers!</small><br></div><div class="spacer battle-history"><br></div><h2 class="battle-history">Turn 21</h2><div class="spacer battle-history"><br></div><div class="battle-history">Electivire used <strong>Fire Punch</strong>!<br></div><div class="battle-history"><small>It's super effective!</small><br></div><div class="battle-history"><small>(The opposing Gourgeist lost <abbr title="−166/374">44.4%</abbr> of its health!)</small><br></div><div class="battle-history"><small>Electivire lost some of its HP!</small><br></div><div class="spacer battle-history"><br></div><div class="battle-history">The opposing Gourgeist used <strong>Will-O-Wisp</strong>!<br></div><div class="battle-history"><small>Electivire was burned!</small><br></div><div class="spacer battle-history"><br></div><div class="battle-history"><small>The opposing Gourgeist restored a little HP using its Leftovers!</small><br></div><div class="battle-history"><small>Electivire was hurt by its burn!</small><br></div><div class="spacer battle-history"><br></div><h2 class="battle-history">Turn 22</h2><div class="spacer battle-history"><br></div><div class="battle-history">Electivire used <strong>Fire Punch</strong>!<br></div><div class="battle-history"><small>It's super effective!</small><br></div><div class="battle-history"><small>(The opposing Gourgeist lost <abbr title="−79/374">21.1%</abbr> of its health!)</small><br></div><div class="battle-history"><small>Electivire lost some of its HP!</small><br></div><div class="spacer battle-history"><br></div><div class="battle-history">The opposing Gourgeist used <strong>Synthesis</strong>!<br></div><div class="battle-history"><small>The opposing Gourgeist restored its HP.</small><br></div><div class="spacer battle-history"><br></div><div class="battle-history"><small>The opposing Gourgeist restored a little HP using its Leftovers!</small><br></div><div class="battle-history"><small>Electivire was hurt by its burn!</small><br></div><div class="spacer battle-history"><br></div><h2 class="battle-history">Turn 23</h2><div class="spacer battle-history"><br></div><div class="battle-history"><small>jlwjake forfeited.</small><br></div><div class="spacer battle-history"><br></div><div class="battle-history"><strong>jv3457</strong> won the battle!<br></div><div class="chat"><small>jlwjake left.</small></div></div><div class="inner-preempt"></div></div></div>
</div>
<script>
let daily = Math.floor(Date.now()/1000/60/60/24);document.write('<script src="https://play.pokemonshowdown.com/js/replay-embed.js?version'+daily+'"></'+'script>');
</script>
