<!DOCTYPE html>
<meta charset="utf-8" />
<!-- version 1 -->
<title>NU replay: thedittogamer vs. L. Nitro</title>
<style>
html,body {font-family:Verdana, sans-serif;font-size:10pt;margin:0;padding:0;}body{padding:12px 0;} .battle-log {font-family:Verdana, sans-serif;font-size:10pt;} .battle-log-inline {border:1px solid #AAAAAA;background:#EEF2F5;color:black;max-width:640px;margin:0 auto 80px;padding-bottom:5px;} .battle-log .inner {padding:4px 8px 0px 8px;} .battle-log .inner-preempt {padding:0 8px 4px 8px;} .battle-log .inner-after {margin-top:0.5em;} .battle-log h2 {margin:0.5em -8px;padding:4px 8px;border:1px solid #AAAAAA;background:#E0E7EA;border-left:0;border-right:0;font-family:Verdana, sans-serif;font-size:13pt;} .battle-log .chat {vertical-align:middle;padding:3px 0 3px 0;font-size:8pt;} .battle-log .chat strong {color:#40576A;} .battle-log .chat em {padding:1px 4px 1px 3px;color:#000000;font-style:normal;} .chat.mine {background:rgba(0,0,0,0.05);margin-left:-8px;margin-right:-8px;padding-left:8px;padding-right:8px;} .spoiler {color:#BBBBBB;background:#BBBBBB;padding:0px 3px;} .spoiler:hover, .spoiler:active, .spoiler-shown {color:#000000;background:#E2E2E2;padding:0px 3px;} .spoiler a {color:#BBBBBB;} .spoiler:hover a, .spoiler:active a, .spoiler-shown a {color:#2288CC;} .chat code, .chat .spoiler:hover code, .chat .spoiler:active code, .chat .spoiler-shown code {border:1px solid #C0C0C0;background:#EEEEEE;color:black;padding:0 2px;} .chat .spoiler code {border:1px solid #CCCCCC;background:#CCCCCC;color:#CCCCCC;} .battle-log .rated {padding:3px 4px;} .battle-log .rated strong {color:white;background:#89A;padding:1px 4px;border-radius:4px;} .spacer {margin-top:0.5em;} .message-announce {background:#6688AA;color:white;padding:1px 4px 2px;} .message-announce a, .broadcast-green a, .broadcast-blue a, .broadcast-red a {color:#DDEEFF;} .broadcast-green {background-color:#559955;color:white;padding:2px 4px;} .broadcast-blue {background-color:#6688AA;color:white;padding:2px 4px;} .infobox {border:1px solid #6688AA;padding:2px 4px;} .infobox-limited {max-height:200px;overflow:auto;overflow-x:hidden;} .broadcast-red {background-color:#AA5544;color:white;padding:2px 4px;} .message-learn-canlearn {font-weight:bold;color:#228822;text-decoration:underline;} .message-learn-cannotlearn {font-weight:bold;color:#CC2222;text-decoration:underline;} .message-effect-weak {font-weight:bold;color:#CC2222;} .message-effect-resist {font-weight:bold;color:#6688AA;} .message-effect-immune {font-weight:bold;color:#666666;} .message-learn-list {margin-top:0;margin-bottom:0;} .message-throttle-notice, .message-error {color:#992222;} .message-overflow, .chat small.message-overflow {font-size:0pt;} .message-overflow::before {font-size:9pt;content:'...';} .subtle {color:#3A4A66;}
</style>
<div class="wrapper replay-wrapper" style="max-width:1180px;margin:0 auto">
<input type="hidden" name="replayid" value="nu-575567306" />
<div class="battle"></div><div class="battle-log"></div><div class="replay-controls"></div><div class="replay-controls-2"></div>
<h1 style="font-weight:normal;text-align:center"><strong>NU</strong><br /><a href="http://pokemonshowdown.com/users/thedittogamer" class="subtle" target="_blank">thedittogamer</a> vs. <a href="http://pokemonshowdown.com/users/lnitro" class="subtle" target="_blank">L. Nitro</a></h1>
<script type="text/plain" class="battle-log-data">|j|thedittogamer
|j|L. Nitro
|player|p1|thedittogamer|2
|player|p2|L. Nitro|108
|gametype|singles
|gen|6
|tier|NU
|seed|49616,18532,53212,1522
|rule|Sleep Clause Mod: Limit one foe put to sleep
|rule|Species Clause: Limit one of each Pokémon
|rule|OHKO Clause: OHKO moves are banned
|rule|Moody Clause: Moody is banned
|rule|Evasion Moves Clause: Evasion moves are banned
|rule|Endless Battle Clause: Forcing endless battles is banned
|rule|HP Percentage Mod: HP is shown in percentages
|clearpoke
|poke|p1|Audino, F|item
|poke|p1|Aurorus, F, shiny|item
|poke|p1|Archeops, M, shiny|item
|poke|p1|Poliwrath, M|item
|poke|p1|Ampharos, F|item
|poke|p1|Klinklang|item
|poke|p2|Jynx, F|item
|poke|p2|Hariyama, M|item
|poke|p2|Mismagius, F|item
|poke|p2|Kabutops, F|item
|poke|p2|Charizard, F, shiny|item
|poke|p2|Shiftry, F|item
|rule|Swagger Clause: Swagger is banned
|rule|Baton Pass Clause: Limit one Baton Passer, can't pass Spe and other stats simultaneously
|teampreview
|c|☆thedittogamer|Zagosy
|choice|team 4, team 2, team 3, team 1, team 5, team 6|team 2, team 1, team 3, team 4, team 5, team 6
|
|start
|switch|p1a: Poliwrath|Poliwrath, M|321\/321
|switch|p2a: Hariyama|Hariyama, M|492\/492
|turn|1
|choice|move poisonjab|move fakeout
|
|move|p2a: Hariyama|Fake Out|p1a: Poliwrath
|-damage|p1a: Poliwrath|270\/321
|cant|p1a: Poliwrath|flinch
|
|-status|p2a: Hariyama|brn|[from] item: Flame Orb
|upkeep
|turn|2
|choice|move poisonjab|move bulletpunch
|
|move|p2a: Hariyama|Bullet Punch|p1a: Poliwrath
|-resisted|p1a: Poliwrath
|-damage|p1a: Poliwrath|232\/321
|move|p1a: Poliwrath|Poison Jab|p2a: Hariyama
|-damage|p2a: Hariyama|346\/492 brn
|
|-damage|p2a: Hariyama|285\/492 brn|[from] brn
|upkeep
|turn|3
|choice|move poisonjab|move closecombat
|
|move|p1a: Poliwrath|Poison Jab|p2a: Hariyama
|-damage|p2a: Hariyama|147\/492 brn
|move|p2a: Hariyama|Close Combat|p1a: Poliwrath
|-damage|p1a: Poliwrath|0 fnt
|-unboost|p2a: Hariyama|def|1
|-unboost|p2a: Hariyama|spd|1
|faint|p1a: Poliwrath
|
|-damage|p2a: Hariyama|86\/492 brn|[from] brn
|upkeep
|choice|switch 5|
|
|switch|p1a: Ampharos|Ampharos, F|333\/333
|turn|4
|choice|move thunderbolt|switch 6
|
|switch|p2a: Shiftry|Shiftry, F|384\/384
|move|p1a: Ampharos|Thunderbolt|p2a: Shiftry
|-resisted|p2a: Shiftry
|-damage|p2a: Shiftry|288\/384
|
|upkeep
|turn|5
|choice|move focusblast|move knockoff
|
|move|p1a: Ampharos|Focus Blast|p2a: Shiftry
|-supereffective|p2a: Shiftry
|-damage|p2a: Shiftry|0 fnt
|faint|p2a: Shiftry
|
|upkeep
|choice||switch 6
|
|switch|p2a: Hariyama|Hariyama, M|86\/492 brn
|turn|6
|choice|move thunderbolt|move earthquake
|
|move|p1a: Ampharos|Thunderbolt|p2a: Hariyama
|-damage|p2a: Hariyama|0 fnt
|faint|p2a: Hariyama
|
|upkeep
|choice||switch 3
|
|switch|p2a: Mismagius|Mismagius, F|262\/262
|turn|7
|choice|switch 4|move shadowball
|
|switch|p1a: Audino|Audino, F|347\/347
|move|p2a: Mismagius|Shadow Ball|p1a: Audino
|-immune|p1a: Audino|[msg]
|
|upkeep
|turn|8
|choice|move dazzlinggleam mega|switch 5
|
|switch|p2a: Charizard|Charizard, F, shiny|297\/297
|detailschange|p1a: Audino|Audino-Mega, F
|-mega|p1a: Audino|Audino|Audinite
|move|p1a: Audino|Dazzling Gleam|p2a: Charizard
|-resisted|p2a: Charizard
|-damage|p2a: Charizard|250\/297
|
|upkeep
|turn|9
|choice|switch 3|move dragondance
|
|switch|p1a: Archeops|Archeops, M, shiny|291\/291
|move|p2a: Charizard|Dragon Dance|p2a: Charizard
|-boost|p2a: Charizard|atk|1
|-boost|p2a: Charizard|spe|1
|
|upkeep
|turn|10
|choice|move crunch|switch 4
|
|switch|p2a: Kabutops|Kabutops, F|302\/302
|move|p1a: Archeops|Crunch|p2a: Kabutops
|-damage|p2a: Kabutops|215\/302
|
|upkeep
|turn|11
|choice|switch 3|move knockoff
|
|switch|p1a: Audino|Audino-Mega, F|347\/347
|move|p2a: Kabutops|Knock Off|p1a: Audino
|-resisted|p1a: Audino
|-damage|p1a: Audino|307\/347
|
|upkeep
|turn|12
|choice|move psychic|switch 2
|
|switch|p2a: Jynx|Jynx, F|271\/271
|move|p1a: Audino|Psychic|p2a: Jynx
|-resisted|p2a: Jynx
|-damage|p2a: Jynx|235\/271
|
|upkeep
|turn|13
|choice|switch 6|move psychic
|
|switch|p1a: Klinklang|Klinklang|280\/280
|move|p2a: Jynx|Psychic|p1a: Klinklang
|-resisted|p1a: Klinklang
|-damage|p1a: Klinklang|175\/280
|-damage|p2a: Jynx|208\/271|[from] item: Life Orb
|
|upkeep
|turn|14
|choice|move signalbeam|switch 4
|
|switch|p2a: Charizard|Charizard, F, shiny|250\/297
|move|p1a: Klinklang|Signal Beam|p2a: Charizard
|-resisted|p2a: Charizard
|-damage|p2a: Charizard|235\/297
|
|upkeep
|turn|15
|choice|switch 3|move flareblitz
|
|switch|p1a: Archeops|Archeops, M, shiny|291\/291
|move|p2a: Charizard|Flare Blitz|p1a: Archeops
|-resisted|p1a: Archeops
|-damage|p1a: Archeops|190\/291
|-damage|p2a: Charizard|202\/297|[from] Recoil|[of] p1a: Archeops
|-damage|p2a: Charizard|173\/297|[from] item: Life Orb
|
|-heal|p1a: Archeops|208\/291|[from] item: Leftovers
|upkeep
|turn|16
|choice|move crunch|switch 2
|
|switch|p2a: Kabutops|Kabutops, F|215\/302
|move|p1a: Archeops|Crunch|p2a: Kabutops
|-damage|p2a: Kabutops|139\/302
|
|-heal|p1a: Archeops|226\/291|[from] item: Leftovers
|upkeep
|turn|17
|choice|switch 6|move stoneedge
|
|switch|p1a: Audino|Audino-Mega, F|307\/347
|move|p2a: Kabutops|Stone Edge|p1a: Audino|[miss]
|-miss|p2a: Kabutops|p1a: Audino
|
|upkeep
|turn|18
|choice|move psychic|move stoneedge
|
|move|p2a: Kabutops|Stone Edge|p1a: Audino
|-damage|p1a: Audino|99\/347
|move|p1a: Audino|Psychic|p2a: Kabutops
|-damage|p2a: Kabutops|58\/302
|
|upkeep
|turn|19
|choice|switch 3|move stoneedge
|
|switch|p1a: Klinklang|Klinklang|175\/280
|move|p2a: Kabutops|Stone Edge|p1a: Klinklang
|-resisted|p1a: Klinklang
|-damage|p1a: Klinklang|78\/280
|
|upkeep
|turn|20
|choice|move signalbeam|switch 5
|
|switch|p2a: Mismagius|Mismagius, F|262\/262
|move|p1a: Klinklang|Signal Beam|p2a: Mismagius
|-resisted|p2a: Mismagius
|-damage|p2a: Mismagius|240\/262
|
|upkeep
|turn|21
|choice|switch 3|move shadowball
|
|switch|p1a: Audino|Audino-Mega, F|99\/347
|move|p2a: Mismagius|Shadow Ball|p1a: Audino
|-immune|p1a: Audino|[msg]
|
|upkeep
|turn|22
|choice|move drainingkiss|switch 2
|
|switch|p2a: Charizard|Charizard, F, shiny|173\/297
|move|p1a: Audino|Draining Kiss|p2a: Charizard
|-resisted|p2a: Charizard
|-damage|p2a: Charizard|143\/297
|-heal|p1a: Audino|122\/347|[from] drain|[of] p2a: Charizard
|
|upkeep
|turn|23
|choice|switch 6|move dragondance
|
|switch|p1a: Archeops|Archeops, M, shiny|226\/291
|move|p2a: Charizard|Dragon Dance|p2a: Charizard
|-boost|p2a: Charizard|atk|1
|-boost|p2a: Charizard|spe|1
|
|-heal|p1a: Archeops|244\/291|[from] item: Leftovers
|upkeep
|turn|24
|choice|move dragonpulse|move dragonclaw
|
|move|p2a: Charizard|Dragon Claw|p1a: Archeops
|-damage|p1a: Archeops|105\/291
|-damage|p2a: Charizard|114\/297|[from] item: Life Orb
|move|p1a: Archeops|Dragon Pulse|p2a: Charizard
|-damage|p2a: Charizard|75\/297
|
|-heal|p1a: Archeops|123\/291|[from] item: Leftovers
|upkeep
|turn|25
|choice|move roost|move dragondance
|
|move|p2a: Charizard|Dragon Dance|p2a: Charizard
|-boost|p2a: Charizard|atk|1
|-boost|p2a: Charizard|spe|1
|move|p1a: Archeops|Roost|p1a: Archeops
|-heal|p1a: Archeops|269\/291
|
|-heal|p1a: Archeops|287\/291|[from] item: Leftovers
|upkeep
|turn|26
|choice|move crunch|move dragonclaw
|
|move|p2a: Charizard|Dragon Claw|p1a: Archeops
|-damage|p1a: Archeops|112\/291
|-damage|p2a: Charizard|46\/297|[from] item: Life Orb
|move|p1a: Archeops|Crunch|p2a: Charizard
|-damage|p2a: Charizard|0 fnt
|faint|p2a: Charizard
|
|-heal|p1a: Archeops|130\/291|[from] item: Leftovers
|upkeep
|choice||switch 2
|
|switch|p2a: Mismagius|Mismagius, F|240\/262
|turn|27
|choice|move roost|move thunderbolt
|
|move|p2a: Mismagius|Thunderbolt|p1a: Archeops
|-supereffective|p1a: Archeops
|-damage|p1a: Archeops|0 fnt
|faint|p1a: Archeops
|
|upkeep
|choice|switch 6|
|
|switch|p1a: Audino|Audino-Mega, F|122\/347
|turn|28
|choice|move drainingkiss|move thunderbolt
|
|move|p2a: Mismagius|Thunderbolt|p1a: Audino
|-damage|p1a: Audino|13\/347
|-status|p1a: Audino|par
|move|p1a: Audino|Draining Kiss|p2a: Mismagius
|-damage|p2a: Mismagius|191\/262
|-heal|p1a: Audino|50\/347 par|[from] drain|[of] p2a: Mismagius
|
|upkeep
|turn|29
|choice|switch 4|move thunderbolt
|
|switch|p1a: Ampharos|Ampharos, F|333\/333
|move|p2a: Mismagius|Thunderbolt|p1a: Ampharos
|-resisted|p1a: Ampharos
|-damage|p1a: Ampharos|264\/333
|
|upkeep
|turn|30
|choice|move thunderbolt|switch 4
|
|switch|p2a: Jynx|Jynx, F|208\/271
|move|p1a: Ampharos|Thunderbolt|p2a: Jynx
|-damage|p2a: Jynx|78\/271
|
|upkeep
|turn|31
|choice|move thunderbolt|move icebeam
|
|move|p2a: Jynx|Ice Beam|p1a: Ampharos
|-damage|p1a: Ampharos|57\/333
|-damage|p2a: Jynx|51\/271|[from] item: Life Orb
|move|p1a: Ampharos|Thunderbolt|p2a: Jynx
|-damage|p2a: Jynx|0 fnt
|faint|p2a: Jynx
|
|upkeep
|choice||switch 5
|
|switch|p2a: Kabutops|Kabutops, F|58\/302
|turn|32
|choice|move focusblast|move aquajet
|
|move|p2a: Kabutops|Aqua Jet|p1a: Ampharos
|-damage|p1a: Ampharos|0 fnt
|faint|p1a: Ampharos
|
|upkeep
|choice|switch 3|
|
|switch|p1a: Klinklang|Klinklang|78\/280
|turn|33
|choice|move signalbeam|move aquajet
|
|move|p2a: Kabutops|Aqua Jet|p1a: Klinklang
|-damage|p1a: Klinklang|0 fnt
|faint|p1a: Klinklang
|
|upkeep
|choice|switch 2|
|
|switch|p1a: Aurorus|Aurorus, F, shiny|387\/387
|-weather|Hail|[from] ability: Snow Warning|[of] p1a: Aurorus
|turn|34
|choice|move earthquake|move aquajet
|
|move|p2a: Kabutops|Aqua Jet|p1a: Aurorus
|-supereffective|p1a: Aurorus
|-damage|p1a: Aurorus|145\/387
|-damage|p2a: Kabutops|8\/302|[from] item: Rocky Helmet|[of] p1a: Aurorus
|move|p1a: Aurorus|Earthquake|p2a: Kabutops
|-supereffective|p2a: Kabutops
|-damage|p2a: Kabutops|0 fnt
|faint|p2a: Kabutops
|
|-weather|Hail|[upkeep]
|upkeep
|choice||switch 4
|
|switch|p2a: Mismagius|Mismagius, F|191\/262
|turn|35
|choice|move stoneedge|move thunderbolt
|
|move|p2a: Mismagius|Thunderbolt|p1a: Aurorus
|-damage|p1a: Aurorus|0 fnt
|faint|p1a: Aurorus
|
|-weather|Hail|[upkeep]
|-damage|p2a: Mismagius|175\/262|[from] hail
|upkeep
|choice|switch 4|
|
|switch|p1a: Audino|Audino-Mega, F|50\/347 par
|turn|36
|choice|move dazzlinggleam|move thunderbolt
|
|move|p2a: Mismagius|Thunderbolt|p1a: Audino
|-damage|p1a: Audino|0 fnt
|faint|p1a: Audino
|
|win|L. Nitro
|c|☆thedittogamer|NIUKQSXhtfbjyvxCAfyczsdsuvyegbcDJSDzksuiose
|c|☆thedittogamer|bijcxbjk fjkn frvjkn fnjfrjknfvjnkfr</script>
</div>
<div class="battle-log battle-log-inline"><div class="inner"><div class="battle-options"></div><div class="inner"><div class="chat"><small>thedittogamer joined.</small></div><div class="chat"><small>L. Nitro joined.</small></div><div class=""><small>Format:</small> <br><strong>NU</strong></div><div class=""><small><em>Sleep Clause Mod:</em> Limit one foe put to sleep</small></div><div class=""><small><em>Species Clause:</em> Limit one of each Pokémon</small></div><div class=""><small><em>OHKO Clause:</em> OHKO moves are banned</small></div><div class=""><small><em>Moody Clause:</em> Moody is banned</small></div><div class=""><small><em>Evasion Moves Clause:</em> Evasion moves are banned</small></div><div class=""><small><em>Endless Battle Clause:</em> Forcing endless battles is banned</small></div><div class=""><small><em>HP Percentage Mod:</em> HP is shown in percentages</small></div><div class=""><small><em>Swagger Clause:</em> Swagger is banned</small></div><div class=""><small><em>Baton Pass Clause:</em> Limit one Baton Passer, can't pass Spe and other stats simultaneously</small></div><div class="chat battle-history"><strong>thedittogamer's team:</strong> <em style="color:#445566;display:block;">Audino / Aurorus / Archeops / Poliwrath / Ampharos / Klinklang</em></div><div class="chat battle-history"><strong>L. Nitro's team:</strong> <em style="color:#445566;display:block;">Jynx / Hariyama / Mismagius / Kabutops / Charizard / Shiftry</em></div><div class="chat chatmessage-thedittogamer"><strong style="color:hsl(176,45%,43.666666666666664%)"><small>☆</small><span class="username" data-name="thedittogamer">thedittogamer</span>:</strong> <em>Zagosy</em></div><div class="spacer battle-history"><br></div><div class="battle-history">Battle started between thedittogamer and L. Nitro!<br></div><div class="spacer battle-history"><br></div><div class="battle-history">Go! <strong>Poliwrath</strong>!<br></div><div class="spacer battle-history"><br></div><div class="battle-history">L. Nitro sent out <strong>Hariyama</strong>!<br></div><div class="spacer battle-history"><br></div><h2 class="battle-history">Turn 1</h2><div class="spacer battle-history"><br></div><div class="battle-history">The opposing Hariyama used <strong>Fake Out</strong>!<br></div><div class="battle-history"><small>(Poliwrath lost <abbr title="−51/321">15.9%</abbr> of its health!)</small><br></div><div class="spacer battle-history"><br></div><div class="battle-history">Poliwrath flinched and couldn't move!<br></div><div class="spacer battle-history"><br></div><div class="battle-history"><small>The opposing Hariyama was burned!</small><br></div><div class="spacer battle-history"><br></div><h2 class="battle-history">Turn 2</h2><div class="spacer battle-history"><br></div><div class="battle-history">The opposing Hariyama used <strong>Bullet Punch</strong>!<br></div><div class="battle-history"><small>It's not very effective...</small><br></div><div class="battle-history"><small>(Poliwrath lost <abbr title="−38/321">11.8%</abbr> of its health!)</small><br></div><div class="spacer battle-history"><br></div><div class="battle-history">Poliwrath used <strong>Poison Jab</strong>!<br></div><div class="battle-history"><small>(The opposing Hariyama lost <abbr title="−146/492">29.7%</abbr> of its health!)</small><br></div><div class="spacer battle-history"><br></div><div class="battle-history"><small>The opposing Hariyama was hurt by its burn!</small><br></div><div class="spacer battle-history"><br></div><h2 class="battle-history">Turn 3</h2><div class="spacer battle-history"><br></div><div class="battle-history">Poliwrath used <strong>Poison Jab</strong>!<br></div><div class="battle-history"><small>(The opposing Hariyama lost <abbr title="−138/492">28.0%</abbr> of its health!)</small><br></div><div class="spacer battle-history"><br></div><div class="battle-history">The opposing Hariyama used <strong>Close Combat</strong>!<br></div><div class="battle-history"><small>(Poliwrath lost <abbr title="−232/321">72.3%</abbr> of its health!)</small><br></div><div class="battle-history"><small>The opposing Hariyama's Defense fell!</small><br></div><div class="battle-history"><small>The opposing Hariyama's Special Defense fell!</small><br></div><div class="spacer battle-history"><br></div><div class="battle-history">Poliwrath fainted!<br></div><div class="spacer battle-history"><br></div><div class="battle-history"><small>The opposing Hariyama was hurt by its burn!</small><br></div><div class="spacer battle-history"><br></div><div class="battle-history">Go! <strong>Ampharos</strong>!<br></div><div class="spacer battle-history"><br></div><h2 class="battle-history">Turn 4</h2><div class="spacer battle-history"><br></div><div class="battle-history">L. Nitro withdrew Hariyama!<br></div><div class="battle-history">L. Nitro sent out <strong>Shiftry</strong>!<br></div><div class="spacer battle-history"><br></div><div class="battle-history">Ampharos used <strong>Thunderbolt</strong>!<br></div><div class="battle-history"><small>It's not very effective...</small><br></div><div class="battle-history"><small>(The opposing Shiftry lost <abbr title="−96/384">25%</abbr> of its health!)</small><br></div><div class="spacer battle-history"><br></div><h2 class="battle-history">Turn 5</h2><div class="spacer battle-history"><br></div><div class="battle-history">Ampharos used <strong>Focus Blast</strong>!<br></div><div class="battle-history"><small>It's super effective!</small><br></div><div class="battle-history"><small>(The opposing Shiftry lost <abbr title="−288/384">75%</abbr> of its health!)</small><br></div><div class="spacer battle-history"><br></div><div class="battle-history">The opposing Shiftry fainted!<br></div><div class="spacer battle-history"><br></div><div class="battle-history">L. Nitro sent out <strong>Hariyama</strong>!<br></div><div class="spacer battle-history"><br></div><h2 class="battle-history">Turn 6</h2><div class="spacer battle-history"><br></div><div class="battle-history">Ampharos used <strong>Thunderbolt</strong>!<br></div><div class="battle-history"><small>(The opposing Hariyama lost <abbr title="−86/492">17.5%</abbr> of its health!)</small><br></div><div class="spacer battle-history"><br></div><div class="battle-history">The opposing Hariyama fainted!<br></div><div class="spacer battle-history"><br></div><div class="battle-history">L. Nitro sent out <strong>Mismagius</strong>!<br></div><div class="spacer battle-history"><br></div><h2 class="battle-history">Turn 7</h2><div class="spacer battle-history"><br></div><div class="battle-history">Ampharos, come back!<br></div><div class="battle-history">Go! <strong>Audino</strong>!<br></div><div class="spacer battle-history"><br></div><div class="battle-history">The opposing Mismagius used <strong>Shadow Ball</strong>!<br></div><div class="battle-history"><small>It doesn't affect Audino...</small><br></div><div class="spacer battle-history"><br></div><h2 class="battle-history">Turn 8</h2><div class="spacer battle-history"><br></div><div class="battle-history">L. Nitro withdrew Mismagius!<br></div><div class="battle-history">L. Nitro sent out <strong>Charizard</strong>!<br></div><div class="spacer battle-history"><br></div><div class="battle-history"><small>Audino's Audinite is reacting to thedittogamer's Mega Bracelet!</small><br>Audino has Mega Evolved into Mega Audino!<br></div><div class="spacer battle-history"><br></div><div class="battle-history">Audino used <strong>Dazzling Gleam</strong>!<br></div><div class="battle-history"><small>It's not very effective...</small><br></div><div class="battle-history"><small>(The opposing Charizard lost <abbr title="−47/297">15.8%</abbr> of its health!)</small><br></div><div class="spacer battle-history"><br></div><h2 class="battle-history">Turn 9</h2><div class="spacer battle-history"><br></div><div class="battle-history">Audino, come back!<br></div><div class="battle-history">Go! <strong>Archeops</strong>!<br></div><div class="spacer battle-history"><br></div><div class="battle-history">The opposing Charizard used <strong>Dragon Dance</strong>!<br></div><div class="battle-history"><small>The opposing Charizard's Attack rose!</small><br></div><div class="battle-history"><small>The opposing Charizard's Speed rose!</small><br></div><div class="spacer battle-history"><br></div><h2 class="battle-history">Turn 10</h2><div class="spacer battle-history"><br></div><div class="battle-history">L. Nitro withdrew Charizard!<br></div><div class="battle-history">L. Nitro sent out <strong>Kabutops</strong>!<br></div><div class="spacer battle-history"><br></div><div class="battle-history">Archeops used <strong>Crunch</strong>!<br></div><div class="battle-history"><small>(The opposing Kabutops lost <abbr title="−87/302">28.8%</abbr> of its health!)</small><br></div><div class="spacer battle-history"><br></div><h2 class="battle-history">Turn 11</h2><div class="spacer battle-history"><br></div><div class="battle-history">Archeops, come back!<br></div><div class="battle-history">Go! Audino (<strong>Audino-Mega</strong>)!<br></div><div class="spacer battle-history"><br></div><div class="battle-history">The opposing Kabutops used <strong>Knock Off</strong>!<br></div><div class="battle-history"><small>It's not very effective...</small><br></div><div class="battle-history"><small>(Audino lost <abbr title="−40/347">11.5%</abbr> of its health!)</small><br></div><div class="spacer battle-history"><br></div><h2 class="battle-history">Turn 12</h2><div class="spacer battle-history"><br></div><div class="battle-history">L. Nitro withdrew Kabutops!<br></div><div class="battle-history">L. Nitro sent out <strong>Jynx</strong>!<br></div><div class="spacer battle-history"><br></div><div class="battle-history">Audino used <strong>Psychic</strong>!<br></div><div class="battle-history"><small>It's not very effective...</small><br></div><div class="battle-history"><small>(The opposing Jynx lost <abbr title="−36/271">13.3%</abbr> of its health!)</small><br></div><div class="spacer battle-history"><br></div><h2 class="battle-history">Turn 13</h2><div class="spacer battle-history"><br></div><div class="battle-history">Audino, come back!<br></div><div class="battle-history">Go! <strong>Klinklang</strong>!<br></div><div class="spacer battle-history"><br></div><div class="battle-history">The opposing Jynx used <strong>Psychic</strong>!<br></div><div class="battle-history"><small>It's not very effective...</small><br></div><div class="battle-history"><small>(Klinklang lost <abbr title="−105/280">37.5%</abbr> of its health!)</small><br></div><div class="battle-history"><small>The opposing Jynx lost some of its HP!</small><br></div><div class="spacer battle-history"><br></div><h2 class="battle-history">Turn 14</h2><div class="spacer battle-history"><br></div><div class="battle-history">L. Nitro withdrew Jynx!<br></div><div class="battle-history">L. Nitro sent out <strong>Charizard</strong>!<br></div><div class="spacer battle-history"><br></div><div class="battle-history">Klinklang used <strong>Signal Beam</strong>!<br></div><div class="battle-history"><small>It's not very effective...</small><br></div><div class="battle-history"><small>(The opposing Charizard lost <abbr title="−15/297">5.1%</abbr> of its health!)</small><br></div><div class="spacer battle-history"><br></div><h2 class="battle-history">Turn 15</h2><div class="spacer battle-history"><br></div><div class="battle-history">Klinklang, come back!<br></div><div class="battle-history">Go! <strong>Archeops</strong>!<br></div><div class="spacer battle-history"><br></div><div class="battle-history">The opposing Charizard used <strong>Flare Blitz</strong>!<br></div><div class="battle-history"><small>It's not very effective...</small><br></div><div class="battle-history"><small>(Archeops lost <abbr title="−101/291">34.7%</abbr> of its health!)</small><br></div><div class="battle-history"><small>The opposing Charizard is damaged by the recoil!</small><br></div><div class="battle-history"><small>The opposing Charizard lost some of its HP!</small><br></div><div class="spacer battle-history"><br></div><div class="battle-history"><small>Archeops restored a little HP using its Leftovers!</small><br></div><div class="spacer battle-history"><br></div><h2 class="battle-history">Turn 16</h2><div class="spacer battle-history"><br></div><div class="battle-history">L. Nitro withdrew Charizard!<br></div><div class="battle-history">L. Nitro sent out <strong>Kabutops</strong>!<br></div><div class="spacer battle-history"><br></div><div class="battle-history">Archeops used <strong>Crunch</strong>!<br></div><div class="battle-history"><small>(The opposing Kabutops lost <abbr title="−76/302">25.2%</abbr> of its health!)</small><br></div><div class="spacer battle-history"><br></div><div class="battle-history"><small>Archeops restored a little HP using its Leftovers!</small><br></div><div class="spacer battle-history"><br></div><h2 class="battle-history">Turn 17</h2><div class="spacer battle-history"><br></div><div class="battle-history">Archeops, come back!<br></div><div class="battle-history">Go! Audino (<strong>Audino-Mega</strong>)!<br></div><div class="spacer battle-history"><br></div><div class="battle-history">The opposing Kabutops used <strong>Stone Edge</strong>!<br></div><div class="battle-history"><small>Audino avoided the attack!</small><br></div><div class="spacer battle-history"><br></div><h2 class="battle-history">Turn 18</h2><div class="spacer battle-history"><br></div><div class="battle-history">The opposing Kabutops used <strong>Stone Edge</strong>!<br></div><div class="battle-history"><small>(Audino lost <abbr title="−208/347">59.9%</abbr> of its health!)</small><br></div><div class="spacer battle-history"><br></div><div class="battle-history">Audino used <strong>Psychic</strong>!<br></div><div class="battle-history"><small>(The opposing Kabutops lost <abbr title="−81/302">26.8%</abbr> of its health!)</small><br></div><div class="spacer battle-history"><br></div><h2 class="battle-history">Turn 19</h2><div class="spacer battle-history"><br></div><div class="battle-history">Audino, come back!<br></div><div class="battle-history">Go! <strong>Klinklang</strong>!<br></div><div class="spacer battle-history"><br></div><div class="battle-history">The opposing Kabutops used <strong>Stone Edge</strong>!<br></div><div class="battle-history"><small>It's not very effective...</small><br></div><div class="battle-history"><small>(Klinklang lost <abbr title="−97/280">34.6%</abbr> of its health!)</small><br></div><div class="spacer battle-history"><br></div><h2 class="battle-history">Turn 20</h2><div class="spacer battle-history"><br></div><div class="battle-history">L. Nitro withdrew Kabutops!<br></div><div class="battle-history">L. Nitro sent out <strong>Mismagius</strong>!<br></div><div class="spacer battle-history"><br></div><div class="battle-history">Klinklang used <strong>Signal Beam</strong>!<br></div><div class="battle-history"><small>It's not very effective...</small><br></div><div class="battle-history"><small>(The opposing Mismagius lost <abbr title="−22/262">8.4%</abbr> of its health!)</small><br></div><div class="spacer battle-history"><br></div><h2 class="battle-history">Turn 21</h2><div class="spacer battle-history"><br></div><div class="battle-history">Klinklang, come back!<br></div><div class="battle-history">Go! Audino (<strong>Audino-Mega</strong>)!<br></div><div class="spacer battle-history"><br></div><div class="battle-history">The opposing Mismagius used <strong>Shadow Ball</strong>!<br></div><div class="battle-history"><small>It doesn't affect Audino...</small><br></div><div class="spacer battle-history"><br></div><h2 class="battle-history">Turn 22</h2><div class="spacer battle-history"><br></div><div class="battle-history">L. Nitro withdrew Mismagius!<br></div><div class="battle-history">L. Nitro sent out <strong>Charizard</strong>!<br></div><div class="spacer battle-history"><br></div><div class="battle-history">Audino used <strong>Draining Kiss</strong>!<br></div><div class="battle-history"><small>It's not very effective...</small><br></div><div class="battle-history"><small>(The opposing Charizard lost <abbr title="−30/297">10.1%</abbr> of its health!)</small><br></div><div class="battle-history"><small>The opposing Charizard had its energy drained!</small><br></div><div class="spacer battle-history"><br></div><h2 class="battle-history">Turn 23</h2><div class="spacer battle-history"><br></div><div class="battle-history">Audino, come back!<br></div><div class="battle-history">Go! <strong>Archeops</strong>!<br></div><div class="spacer battle-history"><br></div><div class="battle-history">The opposing Charizard used <strong>Dragon Dance</strong>!<br></div><div class="battle-history"><small>The opposing Charizard's Attack rose!</small><br></div><div class="battle-history"><small>The opposing Charizard's Speed rose!</small><br></div><div class="spacer battle-history"><br></div><div class="battle-history"><small>Archeops restored a little HP using its Leftovers!</small><br></div><div class="spacer battle-history"><br></div><h2 class="battle-history">Turn 24</h2><div class="spacer battle-history"><br></div><div class="battle-history">The opposing Charizard used <strong>Dragon Claw</strong>!<br></div><div class="battle-history"><small>(Archeops lost <abbr title="−139/291">47.8%</abbr> of its health!)</small><br></div><div class="battle-history"><small>The opposing Charizard lost some of its HP!</small><br></div><div class="spacer battle-history"><br></div><div class="battle-history">Archeops used <strong>Dragon Pulse</strong>!<br></div><div class="battle-history"><small>(The opposing Charizard lost <abbr title="−39/297">13.1%</abbr> of its health!)</small><br></div><div class="spacer battle-history"><br></div><div class="battle-history"><small>Archeops restored a little HP using its Leftovers!</small><br></div><div class="spacer battle-history"><br></div><h2 class="battle-history">Turn 25</h2><div class="spacer battle-history"><br></div><div class="battle-history">The opposing Charizard used <strong>Dragon Dance</strong>!<br></div><div class="battle-history"><small>The opposing Charizard's Attack rose!</small><br></div><div class="battle-history"><small>The opposing Charizard's Speed rose!</small><br></div><div class="spacer battle-history"><br></div><div class="battle-history">Archeops used <strong>Roost</strong>!<br></div><div class="battle-history"><small>Archeops restored its HP.</small><br></div><div class="spacer battle-history"><br></div><div class="battle-history"><small>Archeops restored a little HP using its Leftovers!</small><br></div><div class="spacer battle-history"><br></div><h2 class="battle-history">Turn 26</h2><div class="spacer battle-history"><br></div><div class="battle-history">The opposing Charizard used <strong>Dragon Claw</strong>!<br></div><div class="battle-history"><small>(Archeops lost <abbr title="−175/291">60.1%</abbr> of its health!)</small><br></div><div class="battle-history"><small>The opposing Charizard lost some of its HP!</small><br></div><div class="spacer battle-history"><br></div><div class="battle-history">Archeops used <strong>Crunch</strong>!<br></div><div class="battle-history"><small>(The opposing Charizard lost <abbr title="−46/297">15.5%</abbr> of its health!)</small><br></div><div class="spacer battle-history"><br></div><div class="battle-history">The opposing Charizard fainted!<br></div><div class="spacer battle-history"><br></div><div class="battle-history"><small>Archeops restored a little HP using its Leftovers!</small><br></div><div class="spacer battle-history"><br></div><div class="battle-history">L. Nitro sent out <strong>Mismagius</strong>!<br></div><div class="spacer battle-history"><br></div><h2 class="battle-history">Turn 27</h2><div class="spacer battle-history"><br></div><div class="battle-history">The opposing Mismagius used <strong>Thunderbolt</strong>!<br></div><div class="battle-history"><small>It's super effective!</small><br></div><div class="battle-history"><small>(Archeops lost <abbr title="−130/291">44.7%</abbr> of its health!)</small><br></div><div class="spacer battle-history"><br></div><div class="battle-history">Archeops fainted!<br></div><div class="spacer battle-history"><br></div><div class="battle-history">Go! Audino (<strong>Audino-Mega</strong>)!<br></div><div class="spacer battle-history"><br></div><h2 class="battle-history">Turn 28</h2><div class="spacer battle-history"><br></div><div class="battle-history">The opposing Mismagius used <strong>Thunderbolt</strong>!<br></div><div class="battle-history"><small>(Audino lost <abbr title="−109/347">31.4%</abbr> of its health!)</small><br></div><div class="battle-history"><small>Audino is paralyzed! It may be unable to move!</small><br></div><div class="spacer battle-history"><br></div><div class="battle-history">Audino used <strong>Draining Kiss</strong>!<br></div><div class="battle-history"><small>(The opposing Mismagius lost <abbr title="−49/262">18.7%</abbr> of its health!)</small><br></div><div class="battle-history"><small>The opposing Mismagius had its energy drained!</small><br></div><div class="spacer battle-history"><br></div><h2 class="battle-history">Turn 29</h2><div class="spacer battle-history"><br></div><div class="battle-history">Audino, come back!<br></div><div class="battle-history">Go! <strong>Ampharos</strong>!<br></div><div class="spacer battle-history"><br></div><div class="battle-history">The opposing Mismagius used <strong>Thunderbolt</strong>!<br></div><div class="battle-history"><small>It's not very effective...</small><br></div><div class="battle-history"><small>(Ampharos lost <abbr title="−69/333">20.7%</abbr> of its health!)</small><br></div><div class="spacer battle-history"><br></div><h2 class="battle-history">Turn 30</h2><div class="spacer battle-history"><br></div><div class="battle-history">L. Nitro withdrew Mismagius!<br></div><div class="battle-history">L. Nitro sent out <strong>Jynx</strong>!<br></div><div class="spacer battle-history"><br></div><div class="battle-history">Ampharos used <strong>Thunderbolt</strong>!<br></div><div class="battle-history"><small>(The opposing Jynx lost <abbr title="−130/271">48.0%</abbr> of its health!)</small><br></div><div class="spacer battle-history"><br></div><h2 class="battle-history">Turn 31</h2><div class="spacer battle-history"><br></div><div class="battle-history">The opposing Jynx used <strong>Ice Beam</strong>!<br></div><div class="battle-history"><small>(Ampharos lost <abbr title="−207/333">62.2%</abbr> of its health!)</small><br></div><div class="battle-history"><small>The opposing Jynx lost some of its HP!</small><br></div><div class="spacer battle-history"><br></div><div class="battle-history">Ampharos used <strong>Thunderbolt</strong>!<br></div><div class="battle-history"><small>(The opposing Jynx lost <abbr title="−51/271">18.8%</abbr> of its health!)</small><br></div><div class="spacer battle-history"><br></div><div class="battle-history">The opposing Jynx fainted!<br></div><div class="spacer battle-history"><br></div><div class="battle-history">L. Nitro sent out <strong>Kabutops</strong>!<br></div><div class="spacer battle-history"><br></div><h2 class="battle-history">Turn 32</h2><div class="spacer battle-history"><br></div><div class="battle-history">The opposing Kabutops used <strong>Aqua Jet</strong>!<br></div><div class="battle-history"><small>(Ampharos lost <abbr title="−57/333">17.1%</abbr> of its health!)</small><br></div><div class="spacer battle-history"><br></div><div class="battle-history">Ampharos fainted!<br></div><div class="spacer battle-history"><br></div><div class="battle-history">Go! <strong>Klinklang</strong>!<br></div><div class="spacer battle-history"><br></div><h2 class="battle-history">Turn 33</h2><div class="spacer battle-history"><br></div><div class="battle-history">The opposing Kabutops used <strong>Aqua Jet</strong>!<br></div><div class="battle-history"><small>(Klinklang lost <abbr title="−78/280">27.9%</abbr> of its health!)</small><br></div><div class="spacer battle-history"><br></div><div class="battle-history">Klinklang fainted!<br></div><div class="spacer battle-history"><br></div><div class="battle-history">Go! <strong>Aurorus</strong>!<br></div><div class="battle-history"><small>[Aurorus's Snow Warning]</small><br><small>It started to hail!</small><br></div><div class="spacer battle-history"><br></div><h2 class="battle-history">Turn 34</h2><div class="spacer battle-history"><br></div><div class="battle-history">The opposing Kabutops used <strong>Aqua Jet</strong>!<br></div><div class="battle-history"><small>It's super effective!</small><br></div><div class="battle-history"><small>(Aurorus lost <abbr title="−242/387">62.5%</abbr> of its health!)</small><br></div><div class="battle-history"><small>The opposing Kabutops was hurt by the Rocky Helmet!</small><br></div><div class="spacer battle-history"><br></div><div class="battle-history">Aurorus used <strong>Earthquake</strong>!<br></div><div class="battle-history"><small>It's super effective!</small><br></div><div class="battle-history"><small>(The opposing Kabutops lost <abbr title="−8/302">2.6%</abbr> of its health!)</small><br></div><div class="spacer battle-history"><br></div><div class="battle-history">The opposing Kabutops fainted!<br></div><div class="spacer battle-history"><br></div><div class="battle-history"><small>The hail is crashing down.</small><br></div><div class="spacer battle-history"><br></div><div class="battle-history">L. Nitro sent out <strong>Mismagius</strong>!<br></div><div class="spacer battle-history"><br></div><h2 class="battle-history">Turn 35</h2><div class="spacer battle-history"><br></div><div class="battle-history">The opposing Mismagius used <strong>Thunderbolt</strong>!<br></div><div class="battle-history"><small>(Aurorus lost <abbr title="−145/387">37.5%</abbr> of its health!)</small><br></div><div class="spacer battle-history"><br></div><div class="battle-history">Aurorus fainted!<br></div><div class="spacer battle-history"><br></div><div class="battle-history"><small>The hail is crashing down.</small><br></div><div class="battle-history"><small>The opposing Mismagius is buffeted by the hail!</small><br></div><div class="spacer battle-history"><br></div><div class="battle-history">Go! Audino (<strong>Audino-Mega</strong>)!<br></div><div class="spacer battle-history"><br></div><h2 class="battle-history">Turn 36</h2><div class="spacer battle-history"><br></div><div class="battle-history">The opposing Mismagius used <strong>Thunderbolt</strong>!<br></div><div class="battle-history"><small>(Audino lost <abbr title="−50/347">14.4%</abbr> of its health!)</small><br></div><div class="spacer battle-history"><br></div><div class="battle-history">Audino fainted!<br></div><div class="spacer battle-history"><br></div><div class="battle-history"><strong>L. Nitro</strong> won the battle!<br></div><div class="chat chatmessage-thedittogamer"><strong style="color:hsl(176,45%,43.666666666666664%)"><small>☆</small><span class="username" data-name="thedittogamer">thedittogamer</span>:</strong> <em>NIUKQSXhtfbjyvxCAfyczsdsuvyegbcDJSDzksuiose</em></div><div class="chat chatmessage-thedittogamer"><strong style="color:hsl(176,45%,43.666666666666664%)"><small>☆</small><span class="username" data-name="thedittogamer">thedittogamer</span>:</strong> <em>bijcxbjk fjkn frvjkn fnjfrjknfvjnkfr</em></div></div><div class="inner-preempt"></div></div></div>
</div>
<script>
let daily = Math.floor(Date.now()/1000/60/60/24);document.write('<script src="https://play.pokemonshowdown.com/js/replay-embed.js?version'+daily+'"></'+'script>');
</script>
