<!DOCTYPE html>
<meta charset="utf-8" />
<!-- version 1 -->
<title>NU replay: marcio lira vs. Alan44</title>
<style>
html,body {font-family:Verdana, sans-serif;font-size:10pt;margin:0;padding:0;}body{padding:12px 0;} .battle-log {font-family:Verdana, sans-serif;font-size:10pt;} .battle-log-inline {border:1px solid #AAAAAA;background:#EEF2F5;color:black;max-width:640px;margin:0 auto 80px;padding-bottom:5px;} .battle-log .inner {padding:4px 8px 0px 8px;} .battle-log .inner-preempt {padding:0 8px 4px 8px;} .battle-log .inner-after {margin-top:0.5em;} .battle-log h2 {margin:0.5em -8px;padding:4px 8px;border:1px solid #AAAAAA;background:#E0E7EA;border-left:0;border-right:0;font-family:Verdana, sans-serif;font-size:13pt;} .battle-log .chat {vertical-align:middle;padding:3px 0 3px 0;font-size:8pt;} .battle-log .chat strong {color:#40576A;} .battle-log .chat em {padding:1px 4px 1px 3px;color:#000000;font-style:normal;} .chat.mine {background:rgba(0,0,0,0.05);margin-left:-8px;margin-right:-8px;padding-left:8px;padding-right:8px;} .spoiler {color:#BBBBBB;background:#BBBBBB;padding:0px 3px;} .spoiler:hover, .spoiler:active, .spoiler-shown {color:#000000;background:#E2E2E2;padding:0px 3px;} .spoiler a {color:#BBBBBB;} .spoiler:hover a, .spoiler:active a, .spoiler-shown a {color:#2288CC;} .chat code, .chat .spoiler:hover code, .chat .spoiler:active code, .chat .spoiler-shown code {border:1px solid #C0C0C0;background:#EEEEEE;color:black;padding:0 2px;} .chat .spoiler code {border:1px solid #CCCCCC;background:#CCCCCC;color:#CCCCCC;} .battle-log .rated {padding:3px 4px;} .battle-log .rated strong {color:white;background:#89A;padding:1px 4px;border-radius:4px;} .spacer {margin-top:0.5em;} .message-announce {background:#6688AA;color:white;padding:1px 4px 2px;} .message-announce a, .broadcast-green a, .broadcast-blue a, .broadcast-red a {color:#DDEEFF;} .broadcast-green {background-color:#559955;color:white;padding:2px 4px;} .broadcast-blue {background-color:#6688AA;color:white;padding:2px 4px;} .infobox {border:1px solid #6688AA;padding:2px 4px;} .infobox-limited {max-height:200px;overflow:auto;overflow-x:hidden;} .broadcast-red {background-color:#AA5544;color:white;padding:2px 4px;} .message-learn-canlearn {font-weight:bold;color:#228822;text-decoration:underline;} .message-learn-cannotlearn {font-weight:bold;color:#CC2222;text-decoration:underline;} .message-effect-weak {font-weight:bold;color:#CC2222;} .message-effect-resist {font-weight:bold;color:#6688AA;} .message-effect-immune {font-weight:bold;color:#666666;} .message-learn-list {margin-top:0;margin-bottom:0;} .message-throttle-notice, .message-error {color:#992222;} .message-overflow, .chat small.message-overflow {font-size:0pt;} .message-overflow::before {font-size:9pt;content:'...';} .subtle {color:#3A4A66;}
</style>
<div class="wrapper replay-wrapper" style="max-width:1180px;margin:0 auto">
<input type="hidden" name="replayid" value="nu-536309552" />
<div class="battle"></div><div class="battle-log"></div><div class="replay-controls"></div><div class="replay-controls-2"></div>
<h1 style="font-weight:normal;text-align:center"><strong>NU</strong><br /><a href="http://pokemonshowdown.com/users/marciolira" class="subtle" target="_blank">marcio lira</a> vs. <a href="http://pokemonshowdown.com/users/alan44" class="subtle" target="_blank">Alan44</a></h1>
<script type="text/plain" class="battle-log-data">|j|marcio lira
|j|Alan44
|player|p1|marcio lira|163
|player|p2|Alan44|282
|gametype|singles
|gen|6
|tier|NU
|rated
|seed|17843,45070,58890,9399
|rule|Sleep Clause Mod: Limit one foe put to sleep
|rule|Species Clause: Limit one of each Pokémon
|rule|OHKO Clause: OHKO moves are banned
|rule|Moody Clause: Moody is banned
|rule|Evasion Moves Clause: Evasion moves are banned
|rule|Endless Battle Clause: Forcing endless battles is banned
|rule|HP Percentage Mod: HP is shown in percentages
|clearpoke
|poke|p1|Cacturne, M|item
|poke|p1|Pyroar, M|item
|poke|p1|Scyther, M|item
|poke|p1|Carracosta, M|item
|poke|p1|Hitmonchan, M|item
|poke|p1|Rhydon, M|item
|poke|p2|Manectric, F|item
|poke|p2|Malamar, M|item
|poke|p2|Pelipper, M|item
|poke|p2|Aurorus, F|item
|poke|p2|Vileplume, M|item
|poke|p2|Hitmonchan, M|item
|rule|Swagger Clause: Swagger is banned
|rule|Baton Pass Clause: Limit one Baton Passer, can't pass Spe and other stats simultaneously
|teampreview
|choice|team 6, team 2, team 3, team 4, team 5, team 1|team 1, team 2, team 3, team 4, team 5, team 6
|
|start
|switch|p1a: Rhydon|Rhydon, M|414\/414
|switch|p2a: Manectric|Manectric, F|281\/281
|turn|1
|choice|move stealthrock|switch 5
|
|switch|p2a: Vileplume|Vileplume, M|291\/291
|move|p1a: Rhydon|Stealth Rock|p2a: Vileplume
|-sidestart|p2: Alan44|move: Stealth Rock
|
|upkeep
|turn|2
|choice|switch 2|move sleeppowder
|
|switch|p1a: Pyroar|Pyroar, M|313\/313
|-ability|p1a: Pyroar|Unnerve|p2: Alan44
|move|p2a: Vileplume|Sleep Powder|p1a: Pyroar
|-status|p1a: Pyroar|slp
|
|upkeep
|turn|3
|choice|switch 5|switch 3
|
|switch|p1a: Hitmonchan|Hitmonchan, M|303\/303
|switch|p2a: Pelipper|Pelipper, M|261\/261
|-damage|p2a: Pelipper|196\/261|[from] Stealth Rock
|
|-heal|p2a: Pelipper|212\/261|[from] item: Leftovers
|upkeep
|turn|4
|choice|switch 4|move hurricane
|
|switch|p1a: Carracosta|Carracosta, M|289\/289
|move|p2a: Pelipper|Hurricane|p1a: Carracosta
|-resisted|p1a: Carracosta
|-damage|p1a: Carracosta|206\/289
|-start|p1a: Carracosta|confusion
|
|-heal|p2a: Pelipper|228\/261|[from] item: Leftovers
|upkeep
|turn|5
|choice|move shellsmash|move defog
|
|move|p2a: Pelipper|Defog|p1a: Carracosta
|-unboost|p1a: Carracosta|evasion|1
|-sideend|p2: Alan44|Stealth Rock|[from] move: Defog|[of] p2a: Pelipper
|-enditem|p1a: Carracosta|White Herb
|-clearnegativeboost|p1a: Carracosta|[silent]
|-activate|p1a: Carracosta|confusion
|-damage|p1a: Carracosta|172\/289|[from] confusion
|
|-heal|p2a: Pelipper|244\/261|[from] item: Leftovers
|upkeep
|turn|6
|choice|move rockslide|switch 4
|
|switch|p2a: Aurorus|Aurorus, F|387\/387
|-weather|Hail|[from] ability: Snow Warning|[of] p2a: Aurorus
|-activate|p1a: Carracosta|confusion
|move|p1a: Carracosta|Rock Slide|p2a: Aurorus
|-supereffective|p2a: Aurorus
|-damage|p2a: Aurorus|153\/387
|
|-weather|Hail|[upkeep]
|-damage|p1a: Carracosta|154\/289|[from] hail
|upkeep
|turn|7
|choice|move waterfall|move blizzard
|
|-activate|p1a: Carracosta|confusion
|move|p1a: Carracosta|Waterfall|p2a: Aurorus
|-supereffective|p2a: Aurorus
|-damage|p2a: Aurorus|0 fnt
|faint|p2a: Aurorus
|
|-weather|Hail|[upkeep]
|-damage|p1a: Carracosta|136\/289|[from] hail
|upkeep
|choice||switch 5
|
|switch|p2a: Manectric|Manectric, F|281\/281
|turn|8
|choice|move earthquake|move signalbeam
|
|move|p2a: Manectric|Signal Beam|p1a: Carracosta
|-damage|p1a: Carracosta|0 fnt
|-damage|p2a: Manectric|253\/281|[from] item: Life Orb
|faint|p1a: Carracosta
|
|-weather|Hail|[upkeep]
|-damage|p2a: Manectric|236\/281|[from] hail
|upkeep
|choice|switch 2|
|
|switch|p1a: Rhydon|Rhydon, M|414\/414
|turn|9
|choice|move stealthrock|switch 4
|
|switch|p2a: Pelipper|Pelipper, M|244\/261
|move|p1a: Rhydon|Stealth Rock|p2a: Pelipper
|-sidestart|p2: Alan44|move: Stealth Rock
|
|-weather|Hail|[upkeep]
|-damage|p2a: Pelipper|228\/261|[from] hail
|-damage|p1a: Rhydon|389\/414|[from] hail
|-heal|p2a: Pelipper|244\/261|[from] item: Leftovers
|upkeep
|turn|10
|choice|move rockblast|move scald
|
|move|p2a: Pelipper|Scald|p1a: Rhydon
|-supereffective|p1a: Rhydon
|-damage|p1a: Rhydon|0 fnt
|faint|p1a: Rhydon
|
|-weather|none
|-heal|p2a: Pelipper|260\/261|[from] item: Leftovers
|upkeep
|choice|switch 6|
|
|switch|p1a: Cacturne|Cacturne, M|281\/281
|turn|11
|choice|move energyball|move hurricane
|
|move|p1a: Cacturne|Energy Ball|p2a: Pelipper
|-damage|p2a: Pelipper|113\/261
|move|p2a: Pelipper|Hurricane|p1a: Cacturne|[miss]
|-miss|p2a: Pelipper|p1a: Cacturne
|
|-heal|p2a: Pelipper|129\/261|[from] item: Leftovers
|upkeep
|turn|12
|choice|move energyball|move defog
|
|move|p1a: Cacturne|Energy Ball|p2a: Pelipper
|-damage|p2a: Pelipper|0 fnt
|faint|p2a: Pelipper
|
|upkeep
|choice||switch 4
|
|switch|p2a: Manectric|Manectric, F|236\/281
|-damage|p2a: Manectric|201\/281|[from] Stealth Rock
|turn|13
|choice|move energyball|move signalbeam
|
|move|p1a: Cacturne|Energy Ball|p2a: Manectric
|-damage|p2a: Manectric|0 fnt
|faint|p2a: Manectric
|
|upkeep
|choice||switch 2
|
|switch|p2a: Malamar|Malamar, M|313\/313
|-damage|p2a: Malamar|274\/313|[from] Stealth Rock
|turn|14
|choice|move energyball|move superpower
|
|move|p1a: Cacturne|Energy Ball|p2a: Malamar
|-damage|p2a: Malamar|139\/313
|move|p2a: Malamar|Superpower|p1a: Cacturne
|-supereffective|p1a: Cacturne
|-damage|p1a: Cacturne|0 fnt
|-boost|p2a: Malamar|atk|1
|-boost|p2a: Malamar|def|1
|faint|p1a: Cacturne
|
|upkeep
|choice|switch 3|
|
|switch|p1a: Scyther|Scyther, M|281\/281
|turn|15
|choice|move bugbite|move aerialace
|
|move|p1a: Scyther|Bug Bite|p2a: Malamar
|-supereffective|p2a: Malamar
|-damage|p2a: Malamar|0 fnt
|faint|p2a: Malamar
|
|upkeep
|choice||switch 3
|
|switch|p2a: Vileplume|Vileplume, M|291\/291
|-damage|p2a: Vileplume|255\/291|[from] Stealth Rock
|turn|16
|choice|move aerialace|move sleeppowder
|
|move|p1a: Scyther|Aerial Ace|p2a: Vileplume
|-supereffective|p2a: Vileplume
|-damage|p2a: Vileplume|0 fnt
|-status|p1a: Scyther|par|[from] ability: Effect Spore|[of] p2a: Vileplume
|faint|p2a: Vileplume
|
|upkeep
|choice||switch 6
|
|switch|p2a: Hitmonchan|Hitmonchan, M|241\/241
|-damage|p2a: Hitmonchan|226\/241|[from] Stealth Rock
|turn|17
|choice|move aerialace|move fakeout
|
|move|p2a: Hitmonchan|Fake Out|p1a: Scyther
|-damage|p1a: Scyther|247\/281 par
|cant|p1a: Scyther|flinch
|
|upkeep
|turn|18
|choice|move aerialace|move thunderpunch
|
|move|p2a: Hitmonchan|Thunder Punch|p1a: Scyther
|-supereffective|p1a: Scyther
|-damage|p1a: Scyther|77\/281 par
|move|p1a: Scyther|Aerial Ace|p2a: Hitmonchan
|-supereffective|p2a: Hitmonchan
|-damage|p2a: Hitmonchan|0 fnt
|faint|p2a: Hitmonchan
|
|win|marcio lira
|player|p1
|player|p2
|raw|marcio lira's rating: 1028 &rarr; <strong>1077<\/strong><br \/>(+49 for winning)
|raw|Alan44's rating: 1155 &rarr; <strong>1121<\/strong><br \/>(-34 for losing)
|l|Alan44</script>
</div>
<div class="battle-log battle-log-inline"><div class="inner"><div class="battle-options"></div><div class="inner"><div class="chat"><small>marcio lira joined.</small></div><div class="chat"><small>Alan44 joined.</small></div><div class=""><small>Format:</small> <br><strong>NU</strong></div><div class="rated"><strong>Rated battle</strong></div><div class=""><small><em>Sleep Clause Mod:</em> Limit one foe put to sleep</small></div><div class=""><small><em>Species Clause:</em> Limit one of each Pokémon</small></div><div class=""><small><em>OHKO Clause:</em> OHKO moves are banned</small></div><div class=""><small><em>Moody Clause:</em> Moody is banned</small></div><div class=""><small><em>Evasion Moves Clause:</em> Evasion moves are banned</small></div><div class=""><small><em>Endless Battle Clause:</em> Forcing endless battles is banned</small></div><div class=""><small><em>HP Percentage Mod:</em> HP is shown in percentages</small></div><div class=""><small><em>Swagger Clause:</em> Swagger is banned</small></div><div class=""><small><em>Baton Pass Clause:</em> Limit one Baton Passer, can't pass Spe and other stats simultaneously</small></div><div class="chat battle-history"><strong>marcio lira's team:</strong> <em style="color:#445566;display:block;">Cacturne / Pyroar / Scyther / Carracosta / Hitmonchan / Rhydon</em></div><div class="chat battle-history"><strong>Alan44's team:</strong> <em style="color:#445566;display:block;">Manectric / Malamar / Pelipper / Aurorus / Vileplume / Hitmonchan</em></div><div class="spacer battle-history"><br></div><div class="battle-history">Battle started between marcio lira and Alan44!<br></div><div class="spacer battle-history"><br></div><div class="battle-history">Go! <strong>Rhydon</strong>!<br></div><div class="spacer battle-history"><br></div><div class="battle-history">Alan44 sent out <strong>Manectric</strong>!<br></div><div class="spacer battle-history"><br></div><h2 class="battle-history">Turn 1</h2><div class="spacer battle-history"><br></div><div class="battle-history">Alan44 withdrew Manectric!<br></div><div class="battle-history">Alan44 sent out <strong>Vileplume</strong>!<br></div><div class="spacer battle-history"><br></div><div class="battle-history">Rhydon used <strong>Stealth Rock</strong>!<br></div><div class="battle-history"><small>Pointed stones float in the air around the opposing team!</small><br></div><div class="spacer battle-history"><br></div><h2 class="battle-history">Turn 2</h2><div class="spacer battle-history"><br></div><div class="battle-history">Rhydon, come back!<br></div><div class="battle-history">Go! <strong>Pyroar</strong>!<br></div><div class="battle-history"><small>[Pyroar's Unnerve]</small><br><small>The opposing team is too nervous to eat Berries!</small><br></div><div class="spacer battle-history"><br></div><div class="battle-history">The opposing Vileplume used <strong>Sleep Powder</strong>!<br></div><div class="battle-history"><small>Pyroar fell asleep!</small><br></div><div class="spacer battle-history"><br></div><h2 class="battle-history">Turn 3</h2><div class="spacer battle-history"><br></div><div class="battle-history">Pyroar, come back!<br></div><div class="battle-history">Go! <strong>Hitmonchan</strong>!<br></div><div class="spacer battle-history"><br></div><div class="battle-history">Alan44 withdrew Vileplume!<br></div><div class="battle-history">Alan44 sent out <strong>Pelipper</strong>!<br></div><div class="battle-history"><small>Pointed stones dug into the opposing Pelipper!</small><br></div><div class="spacer battle-history"><br></div><div class="battle-history"><small>The opposing Pelipper restored a little HP using its Leftovers!</small><br></div><div class="spacer battle-history"><br></div><h2 class="battle-history">Turn 4</h2><div class="spacer battle-history"><br></div><div class="battle-history">Hitmonchan, come back!<br></div><div class="battle-history">Go! <strong>Carracosta</strong>!<br></div><div class="spacer battle-history"><br></div><div class="battle-history">The opposing Pelipper used <strong>Hurricane</strong>!<br></div><div class="battle-history"><small>It's not very effective...</small><br></div><div class="battle-history"><small>(Carracosta lost <abbr title="−83/289">28.7%</abbr> of its health!)</small><br></div><div class="battle-history"><small>Carracosta became confused!</small><br></div><div class="spacer battle-history"><br></div><div class="battle-history"><small>The opposing Pelipper restored a little HP using its Leftovers!</small><br></div><div class="spacer battle-history"><br></div><h2 class="battle-history">Turn 5</h2><div class="spacer battle-history"><br></div><div class="battle-history">The opposing Pelipper used <strong>Defog</strong>!<br></div><div class="battle-history"><small>Carracosta's evasiveness fell!</small><br></div><div class="battle-history"><small>The pointed stones disappeared from around the opposing team!</small><br></div><div class="battle-history"><small>Carracosta returned its status to normal using its White Herb!</small><br></div><div class="spacer battle-history"><br></div><div class="battle-history"><small>Carracosta is confused!</small><br></div><div class="battle-history">It hurt itself in its confusion!<br></div><div class="spacer battle-history"><br></div><div class="battle-history"><small>The opposing Pelipper restored a little HP using its Leftovers!</small><br></div><div class="spacer battle-history"><br></div><h2 class="battle-history">Turn 6</h2><div class="spacer battle-history"><br></div><div class="battle-history">Alan44 withdrew Pelipper!<br></div><div class="battle-history">Alan44 sent out <strong>Aurorus</strong>!<br></div><div class="battle-history"><small>[The opposing Aurorus's Snow Warning]</small><br><small>It started to hail!</small><br></div><div class="spacer battle-history"><br></div><div class="battle-history"><small>Carracosta is confused!</small><br></div><div class="battle-history">Carracosta used <strong>Rock Slide</strong>!<br></div><div class="battle-history"><small>It's super effective!</small><br></div><div class="battle-history"><small>(The opposing Aurorus lost <abbr title="−234/387">60.5%</abbr> of its health!)</small><br></div><div class="spacer battle-history"><br></div><div class="battle-history"><small>The hail is crashing down.</small><br></div><div class="battle-history"><small>Carracosta is buffeted by the hail!</small><br></div><div class="spacer battle-history"><br></div><h2 class="battle-history">Turn 7</h2><div class="spacer battle-history"><br></div><div class="battle-history"><small>Carracosta is confused!</small><br></div><div class="battle-history">Carracosta used <strong>Waterfall</strong>!<br></div><div class="battle-history"><small>It's super effective!</small><br></div><div class="battle-history"><small>(The opposing Aurorus lost <abbr title="−153/387">39.5%</abbr> of its health!)</small><br></div><div class="spacer battle-history"><br></div><div class="battle-history">The opposing Aurorus fainted!<br></div><div class="spacer battle-history"><br></div><div class="battle-history"><small>The hail is crashing down.</small><br></div><div class="battle-history"><small>Carracosta is buffeted by the hail!</small><br></div><div class="spacer battle-history"><br></div><div class="battle-history">Alan44 sent out <strong>Manectric</strong>!<br></div><div class="spacer battle-history"><br></div><h2 class="battle-history">Turn 8</h2><div class="spacer battle-history"><br></div><div class="battle-history">The opposing Manectric used <strong>Signal Beam</strong>!<br></div><div class="battle-history"><small>(Carracosta lost <abbr title="−136/289">47.1%</abbr> of its health!)</small><br></div><div class="battle-history"><small>The opposing Manectric lost some of its HP!</small><br></div><div class="spacer battle-history"><br></div><div class="battle-history">Carracosta fainted!<br></div><div class="spacer battle-history"><br></div><div class="battle-history"><small>The hail is crashing down.</small><br></div><div class="battle-history"><small>The opposing Manectric is buffeted by the hail!</small><br></div><div class="spacer battle-history"><br></div><div class="battle-history">Go! <strong>Rhydon</strong>!<br></div><div class="spacer battle-history"><br></div><h2 class="battle-history">Turn 9</h2><div class="spacer battle-history"><br></div><div class="battle-history">Alan44 withdrew Manectric!<br></div><div class="battle-history">Alan44 sent out <strong>Pelipper</strong>!<br></div><div class="spacer battle-history"><br></div><div class="battle-history">Rhydon used <strong>Stealth Rock</strong>!<br></div><div class="battle-history"><small>Pointed stones float in the air around the opposing team!</small><br></div><div class="spacer battle-history"><br></div><div class="battle-history"><small>The hail is crashing down.</small><br></div><div class="battle-history"><small>The opposing Pelipper is buffeted by the hail!</small><br></div><div class="battle-history"><small>Rhydon is buffeted by the hail!</small><br></div><div class="battle-history"><small>The opposing Pelipper restored a little HP using its Leftovers!</small><br></div><div class="spacer battle-history"><br></div><h2 class="battle-history">Turn 10</h2><div class="spacer battle-history"><br></div><div class="battle-history">The opposing Pelipper used <strong>Scald</strong>!<br></div><div class="battle-history"><small>It's super effective!</small><br></div><div class="battle-history"><small>(Rhydon lost <abbr title="−389/414">94.0%</abbr> of its health!)</small><br></div><div class="spacer battle-history"><br></div><div class="battle-history">Rhydon fainted!<br></div><div class="spacer battle-history"><br></div><div class="battle-history"><small>The hail stopped.</small><br></div><div class="battle-history"><small>The opposing Pelipper restored a little HP using its Leftovers!</small><br></div><div class="spacer battle-history"><br></div><div class="battle-history">Go! <strong>Cacturne</strong>!<br></div><div class="spacer battle-history"><br></div><h2 class="battle-history">Turn 11</h2><div class="spacer battle-history"><br></div><div class="battle-history">Cacturne used <strong>Energy Ball</strong>!<br></div><div class="battle-history"><small>(The opposing Pelipper lost <abbr title="−147/261">56.3%</abbr> of its health!)</small><br></div><div class="spacer battle-history"><br></div><div class="battle-history">The opposing Pelipper used <strong>Hurricane</strong>!<br></div><div class="battle-history"><small>Cacturne avoided the attack!</small><br></div><div class="spacer battle-history"><br></div><div class="battle-history"><small>The opposing Pelipper restored a little HP using its Leftovers!</small><br></div><div class="spacer battle-history"><br></div><h2 class="battle-history">Turn 12</h2><div class="spacer battle-history"><br></div><div class="battle-history">Cacturne used <strong>Energy Ball</strong>!<br></div><div class="battle-history"><small>(The opposing Pelipper lost <abbr title="−129/261">49.4%</abbr> of its health!)</small><br></div><div class="spacer battle-history"><br></div><div class="battle-history">The opposing Pelipper fainted!<br></div><div class="spacer battle-history"><br></div><div class="battle-history">Alan44 sent out <strong>Manectric</strong>!<br></div><div class="battle-history"><small>Pointed stones dug into the opposing Manectric!</small><br></div><div class="spacer battle-history"><br></div><h2 class="battle-history">Turn 13</h2><div class="spacer battle-history"><br></div><div class="battle-history">Cacturne used <strong>Energy Ball</strong>!<br></div><div class="battle-history"><small>(The opposing Manectric lost <abbr title="−201/281">71.5%</abbr> of its health!)</small><br></div><div class="spacer battle-history"><br></div><div class="battle-history">The opposing Manectric fainted!<br></div><div class="spacer battle-history"><br></div><div class="battle-history">Alan44 sent out <strong>Malamar</strong>!<br></div><div class="battle-history"><small>Pointed stones dug into the opposing Malamar!</small><br></div><div class="spacer battle-history"><br></div><h2 class="battle-history">Turn 14</h2><div class="spacer battle-history"><br></div><div class="battle-history">Cacturne used <strong>Energy Ball</strong>!<br></div><div class="battle-history"><small>(The opposing Malamar lost <abbr title="−135/313">43.1%</abbr> of its health!)</small><br></div><div class="spacer battle-history"><br></div><div class="battle-history">The opposing Malamar used <strong>Superpower</strong>!<br></div><div class="battle-history"><small>It's super effective!</small><br></div><div class="battle-history"><small>(Cacturne lost <abbr title="−281/281">100%</abbr> of its health!)</small><br></div><div class="battle-history"><small>The opposing Malamar's Attack rose!</small><br></div><div class="battle-history"><small>The opposing Malamar's Defense rose!</small><br></div><div class="spacer battle-history"><br></div><div class="battle-history">Cacturne fainted!<br></div><div class="spacer battle-history"><br></div><div class="battle-history">Go! <strong>Scyther</strong>!<br></div><div class="spacer battle-history"><br></div><h2 class="battle-history">Turn 15</h2><div class="spacer battle-history"><br></div><div class="battle-history">Scyther used <strong>Bug Bite</strong>!<br></div><div class="battle-history"><small>It's super effective!</small><br></div><div class="battle-history"><small>(The opposing Malamar lost <abbr title="−139/313">44.4%</abbr> of its health!)</small><br></div><div class="spacer battle-history"><br></div><div class="battle-history">The opposing Malamar fainted!<br></div><div class="spacer battle-history"><br></div><div class="battle-history">Alan44 sent out <strong>Vileplume</strong>!<br></div><div class="battle-history"><small>Pointed stones dug into the opposing Vileplume!</small><br></div><div class="spacer battle-history"><br></div><h2 class="battle-history">Turn 16</h2><div class="spacer battle-history"><br></div><div class="battle-history">Scyther used <strong>Aerial Ace</strong>!<br></div><div class="battle-history"><small>It's super effective!</small><br></div><div class="battle-history"><small>(The opposing Vileplume lost <abbr title="−255/291">87.6%</abbr> of its health!)</small><br></div><div class="battle-history"><small>[The opposing Vileplume's Effect Spore]</small><br><small>Scyther is paralyzed! It may be unable to move!</small><br></div><div class="spacer battle-history"><br></div><div class="battle-history">The opposing Vileplume fainted!<br></div><div class="spacer battle-history"><br></div><div class="battle-history">Alan44 sent out <strong>Hitmonchan</strong>!<br></div><div class="battle-history"><small>Pointed stones dug into the opposing Hitmonchan!</small><br></div><div class="spacer battle-history"><br></div><h2 class="battle-history">Turn 17</h2><div class="spacer battle-history"><br></div><div class="battle-history">The opposing Hitmonchan used <strong>Fake Out</strong>!<br></div><div class="battle-history"><small>(Scyther lost <abbr title="−34/281">12.1%</abbr> of its health!)</small><br></div><div class="spacer battle-history"><br></div><div class="battle-history">Scyther flinched and couldn't move!<br></div><div class="spacer battle-history"><br></div><h2 class="battle-history">Turn 18</h2><div class="spacer battle-history"><br></div><div class="battle-history">The opposing Hitmonchan used <strong>Thunder Punch</strong>!<br></div><div class="battle-history"><small>It's super effective!</small><br></div><div class="battle-history"><small>(Scyther lost <abbr title="−170/281">60.5%</abbr> of its health!)</small><br></div><div class="spacer battle-history"><br></div><div class="battle-history">Scyther used <strong>Aerial Ace</strong>!<br></div><div class="battle-history"><small>It's super effective!</small><br></div><div class="battle-history"><small>(The opposing Hitmonchan lost <abbr title="−226/241">93.8%</abbr> of its health!)</small><br></div><div class="spacer battle-history"><br></div><div class="battle-history">The opposing Hitmonchan fainted!<br></div><div class="spacer battle-history"><br></div><div class="battle-history"><strong>marcio lira</strong> won the battle!<br></div><div class="chat">marcio lira's rating: 1028 → <strong>1077</strong><br>(+49 for winning)</div><div class="chat">Alan44's rating: 1155 → <strong>1121</strong><br>(-34 for losing)</div><div class="chat"><small>Alan44 left.</small></div></div><div class="inner-preempt"></div></div></div>
</div>
<script>
let daily = Math.floor(Date.now()/1000/60/60/24);document.write('<script src="https://play.pokemonshowdown.com/js/replay-embed.js?version'+daily+'"></'+'script>');
</script>
