<!DOCTYPE html>
<meta charset="utf-8" />
<!-- version 1 -->
<title>NU replay: Greenheroes vs. Lovely Togekiss ❤</title>
<style>
html,body {font-family:Verdana, sans-serif;font-size:10pt;margin:0;padding:0;}body{padding:12px 0;} .battle-log {font-family:Verdana, sans-serif;font-size:10pt;} .battle-log-inline {border:1px solid #AAAAAA;background:#EEF2F5;color:black;max-width:640px;margin:0 auto 80px;padding-bottom:5px;} .battle-log .inner {padding:4px 8px 0px 8px;} .battle-log .inner-preempt {padding:0 8px 4px 8px;} .battle-log .inner-after {margin-top:0.5em;} .battle-log h2 {margin:0.5em -8px;padding:4px 8px;border:1px solid #AAAAAA;background:#E0E7EA;border-left:0;border-right:0;font-family:Verdana, sans-serif;font-size:13pt;} .battle-log .chat {vertical-align:middle;padding:3px 0 3px 0;font-size:8pt;} .battle-log .chat strong {color:#40576A;} .battle-log .chat em {padding:1px 4px 1px 3px;color:#000000;font-style:normal;} .chat.mine {background:rgba(0,0,0,0.05);margin-left:-8px;margin-right:-8px;padding-left:8px;padding-right:8px;} .spoiler {color:#BBBBBB;background:#BBBBBB;padding:0px 3px;} .spoiler:hover, .spoiler:active, .spoiler-shown {color:#000000;background:#E2E2E2;padding:0px 3px;} .spoiler a {color:#BBBBBB;} .spoiler:hover a, .spoiler:active a, .spoiler-shown a {color:#2288CC;} .chat code, .chat .spoiler:hover code, .chat .spoiler:active code, .chat .spoiler-shown code {border:1px solid #C0C0C0;background:#EEEEEE;color:black;padding:0 2px;} .chat .spoiler code {border:1px solid #CCCCCC;background:#CCCCCC;color:#CCCCCC;} .battle-log .rated {padding:3px 4px;} .battle-log .rated strong {color:white;background:#89A;padding:1px 4px;border-radius:4px;} .spacer {margin-top:0.5em;} .message-announce {background:#6688AA;color:white;padding:1px 4px 2px;} .message-announce a, .broadcast-green a, .broadcast-blue a, .broadcast-red a {color:#DDEEFF;} .broadcast-green {background-color:#559955;color:white;padding:2px 4px;} .broadcast-blue {background-color:#6688AA;color:white;padding:2px 4px;} .infobox {border:1px solid #6688AA;padding:2px 4px;} .infobox-limited {max-height:200px;overflow:auto;overflow-x:hidden;} .broadcast-red {background-color:#AA5544;color:white;padding:2px 4px;} .message-learn-canlearn {font-weight:bold;color:#228822;text-decoration:underline;} .message-learn-cannotlearn {font-weight:bold;color:#CC2222;text-decoration:underline;} .message-effect-weak {font-weight:bold;color:#CC2222;} .message-effect-resist {font-weight:bold;color:#6688AA;} .message-effect-immune {font-weight:bold;color:#666666;} .message-learn-list {margin-top:0;margin-bottom:0;} .message-throttle-notice, .message-error {color:#992222;} .message-overflow, .chat small.message-overflow {font-size:0pt;} .message-overflow::before {font-size:9pt;content:'...';} .subtle {color:#3A4A66;}
</style>
<div class="wrapper replay-wrapper" style="max-width:1180px;margin:0 auto">
<input type="hidden" name="replayid" value="pokestrat-nu-3410" />
<div class="battle"></div><div class="battle-log"></div><div class="replay-controls"></div><div class="replay-controls-2"></div>
<h1 style="font-weight:normal;text-align:center"><strong>NU</strong><br /><a href="http://pokemonshowdown.com/users/greenheroes" class="subtle" target="_blank">Greenheroes</a> vs. <a href="http://pokemonshowdown.com/users/lovelytogekiss" class="subtle" target="_blank">Lovely Togekiss ❤</a></h1>
<script type="text/plain" class="battle-log-data">|j|Greenheroes
|j|Lovely Togekiss ❤
|player|p1|Greenheroes|25
|player|p2|Lovely Togekiss ❤|190
|gametype|singles
|gen|6
|tier|NU
|seed|54725,1706,44424,12748
|rule|Sleep Clause Mod: Limit one foe put to sleep
|rule|Species Clause: Limit one of each Pokémon
|rule|OHKO Clause: OHKO moves are banned
|rule|Moody Clause: Moody is banned
|rule|Evasion Moves Clause: Evasion moves are banned
|rule|Endless Battle Clause: Forcing endless battles is banned
|rule|HP Percentage Mod: HP is shown in percentages
|clearpoke
|poke|p1|Pinsir, M|item
|poke|p1|Kecleon, F|item
|poke|p1|Mismagius, M|item
|poke|p1|Ditto|item
|poke|p1|Eelektrik, M|item
|poke|p1|Archeops, M|item
|poke|p2|Audino, F|item
|poke|p2|Steelix, F, shiny|item
|poke|p2|Garbodor, F, shiny|item
|poke|p2|Mesprit, shiny|item
|poke|p2|Mantine, F, shiny|item
|poke|p2|Scyther, F, shiny|item
|rule|Swagger Clause: Swagger is banned
|rule|Baton Pass Clause: Limit one Baton Passer, can't pass Spe and other stats simultaneously
|teampreview
|c|★Lovely Togekiss ❤|hf
|c|★Greenheroes|euh t'a confirmer le défi?
|c|★Greenheroes|parce que le défi je voit qu'il est en attente
|c|★Lovely Togekiss ❤|y att
|c|★Lovely Togekiss ❤|Voilà
|c|★Greenheroes|on peu y aller
|c|★Greenheroes|peut*
|c|★Lovely Togekiss ❤|y
|choice|team 6, team 2, team 3, team 4, team 5, team 1|team 2, team 1, team 3, team 4, team 5, team 6
|
|start
|switch|p1a: Archeops|Archeops, M|291\/291
|switch|p2a: The Gold Rusher|Steelix, F, shiny|353\/353
|turn|1
|choice|move stealthrock|move toxic
|
|move|p1a: Archeops|Stealth Rock|p2a: The Gold Rusher
|-sidestart|p2: Lovely Togekiss ❤|move: Stealth Rock
|move|p2a: The Gold Rusher|Toxic|p1a: Archeops
|-status|p1a: Archeops|tox
|
|-damage|p1a: Archeops|273\/291 tox|[from] psn
|upkeep
|turn|2
|choice|move headsmash|move stealthrock
|
|move|p1a: Archeops|Head Smash|p2a: The Gold Rusher
|-resisted|p2a: The Gold Rusher
|-damage|p2a: The Gold Rusher|313\/353
|-damage|p1a: Archeops|253\/291 tox|[from] recoil|[of] p2a: The Gold Rusher
|move|p2a: The Gold Rusher|Stealth Rock|p1a: Archeops
|-sidestart|p1: Greenheroes|move: Stealth Rock
|
|-heal|p2a: The Gold Rusher|335\/353|[from] item: Leftovers
|-damage|p1a: Archeops|217\/291 tox|[from] psn
|upkeep
|turn|3
|choice|move headsmash|move toxic
|
|move|p1a: Archeops|Head Smash|p2a: The Gold Rusher
|-resisted|p2a: The Gold Rusher
|-damage|p2a: The Gold Rusher|297\/353
|-damage|p1a: Archeops|198\/291 tox|[from] recoil|[of] p2a: The Gold Rusher
|move|p2a: The Gold Rusher|Toxic|p1a: Archeops|[miss]
|-miss|p2a: The Gold Rusher|p1a: Archeops
|
|-heal|p2a: The Gold Rusher|319\/353|[from] item: Leftovers
|-damage|p1a: Archeops|144\/291 tox|[from] psn
|upkeep
|turn|4
|choice|move endeavor|move toxic
|
|move|p1a: Archeops|Endeavor|p2a: The Gold Rusher
|-damage|p2a: The Gold Rusher|144\/353
|move|p2a: The Gold Rusher|Toxic|p1a: Archeops
|-fail|p1a: Archeops|tox
|
|-heal|p2a: The Gold Rusher|166\/353|[from] item: Leftovers
|-damage|p1a: Archeops|72\/291 tox|[from] psn
|upkeep
|turn|5
|choice|move endeavor|move toxic
|
|move|p1a: Archeops|Endeavor|p2a: The Gold Rusher
|-damage|p2a: The Gold Rusher|72\/353
|move|p2a: The Gold Rusher|Toxic|p1a: Archeops
|-fail|p1a: Archeops|tox
|
|-heal|p2a: The Gold Rusher|94\/353|[from] item: Leftovers
|-damage|p1a: Archeops|0 fnt|[from] psn
|upkeep
|faint|p1a: Archeops
|choice|switch 2|
|
|switch|p1a: Kecleon|Kecleon, F|324\/324
|-damage|p1a: Kecleon|284\/324|[from] Stealth Rock
|turn|6
|choice|move poweruppunch|switch 5
|
|switch|p2a: Love's Seabird|Mantine, F, shiny|333\/333
|-damage|p2a: Love's Seabird|250\/333|[from] Stealth Rock
|move|p1a: Kecleon|Power-Up Punch|p2a: Love's Seabird
|-start|p1a: Kecleon|typechange|Fighting|[from] Protean
|-resisted|p2a: Love's Seabird
|-damage|p2a: Love's Seabird|220\/333
|-boost|p1a: Kecleon|atk|1
|
|-heal|p2a: Love's Seabird|240\/333|[from] item: Leftovers
|-heal|p1a: Kecleon|304\/324|[from] item: Leftovers
|upkeep
|turn|7
|choice|move protect|move defog
|
|move|p1a: Kecleon|Protect|p1a: Kecleon
|-start|p1a: Kecleon|typechange|Normal|[from] Protean
|-singleturn|p1a: Kecleon|Protect
|move|p2a: Love's Seabird|Defog|p1a: Kecleon
|-activate|p1a: Kecleon|move: Protect
|
|-heal|p2a: Love's Seabird|260\/333|[from] item: Leftovers
|-heal|p1a: Kecleon|324\/324|[from] item: Leftovers
|upkeep
|turn|8
|choice|move poweruppunch|move defog
|
|move|p2a: Love's Seabird|Defog|p1a: Kecleon
|-unboost|p1a: Kecleon|evasion|1
|-sideend|p1: Greenheroes|Stealth Rock|[from] move: Defog|[of] p1a: Kecleon
|-sideend|p2: Lovely Togekiss ❤|Stealth Rock|[from] move: Defog|[of] p2a: Love's Seabird
|move|p1a: Kecleon|Power-Up Punch|p2a: Love's Seabird
|-start|p1a: Kecleon|typechange|Fighting|[from] Protean
|-resisted|p2a: Love's Seabird
|-damage|p2a: Love's Seabird|222\/333
|-boost|p1a: Kecleon|atk|1
|
|-heal|p2a: Love's Seabird|242\/333|[from] item: Leftovers
|upkeep
|turn|9
|choice|move protect|move scald
|
|move|p1a: Kecleon|Protect|p1a: Kecleon
|-start|p1a: Kecleon|typechange|Normal|[from] Protean
|-singleturn|p1a: Kecleon|Protect
|move|p2a: Love's Seabird|Scald|p1a: Kecleon
|-activate|p1a: Kecleon|move: Protect
|
|-heal|p2a: Love's Seabird|262\/333|[from] item: Leftovers
|upkeep
|turn|10
|choice|move suckerpunch|move scald
|
|move|p1a: Kecleon|Sucker Punch|p2a: Love's Seabird
|-start|p1a: Kecleon|typechange|Dark|[from] Protean
|-damage|p2a: Love's Seabird|57\/333
|move|p2a: Love's Seabird|Scald|p1a: Kecleon
|-damage|p1a: Kecleon|260\/324
|-status|p1a: Kecleon|brn
|
|-heal|p2a: Love's Seabird|77\/333|[from] item: Leftovers
|-heal|p1a: Kecleon|280\/324 brn|[from] item: Leftovers
|-damage|p1a: Kecleon|240\/324 brn|[from] brn
|upkeep
|turn|11
|choice|move shadowsneak|move protect
|
|move|p2a: Love's Seabird|Protect|p2a: Love's Seabird
|-singleturn|p2a: Love's Seabird|Protect
|move|p1a: Kecleon|Shadow Sneak|p2a: Love's Seabird
|-start|p1a: Kecleon|typechange|Ghost|[from] Protean
|-activate|p2a: Love's Seabird|move: Protect
|
|-heal|p2a: Love's Seabird|97\/333|[from] item: Leftovers
|-heal|p1a: Kecleon|260\/324 brn|[from] item: Leftovers
|-damage|p1a: Kecleon|220\/324 brn|[from] brn
|upkeep
|turn|12
|choice|move poweruppunch|switch 2
|
|switch|p2a: Love's Nurse|Audino, F|409\/409
|move|p1a: Kecleon|Power-Up Punch|p2a: Love's Nurse
|-start|p1a: Kecleon|typechange|Fighting|[from] Protean
|-supereffective|p2a: Love's Nurse
|-damage|p2a: Love's Nurse|282\/409
|-boost|p1a: Kecleon|atk|1
|
|-heal|p1a: Kecleon|240\/324 brn|[from] item: Leftovers
|-damage|p1a: Kecleon|200\/324 brn|[from] brn
|upkeep
|turn|13
|choice|move protect|move wish mega
|
|detailschange|p2a: Love's Nurse|Audino-Mega, F
|-mega|p2a: Love's Nurse|Audino|Audinite
|move|p1a: Kecleon|Protect|p1a: Kecleon
|-start|p1a: Kecleon|typechange|Normal|[from] Protean
|-singleturn|p1a: Kecleon|Protect
|move|p2a: Love's Nurse|Wish|p2a: Love's Nurse
|
|-heal|p1a: Kecleon|220\/324 brn|[from] item: Leftovers
|-damage|p1a: Kecleon|180\/324 brn|[from] brn
|upkeep
|turn|14
|choice|move poweruppunch|move dazzlinggleam
|
|move|p2a: Love's Nurse|Dazzling Gleam|p1a: Kecleon
|-damage|p1a: Kecleon|114\/324 brn
|move|p1a: Kecleon|Power-Up Punch|p2a: Love's Nurse
|-start|p1a: Kecleon|typechange|Fighting|[from] Protean
|-crit|p2a: Love's Nurse
|-damage|p2a: Love's Nurse|189\/409
|-boost|p1a: Kecleon|atk|1
|
|-heal|p2a: Love's Nurse|393\/409|[from] move: Wish|[wisher] Love's Nurse
|-heal|p1a: Kecleon|134\/324 brn|[from] item: Leftovers
|-damage|p1a: Kecleon|94\/324 brn|[from] brn
|upkeep
|turn|15
|choice|move protect|switch 3
|
|switch|p2a: The Odorfull|Garbodor, F, shiny|363\/363
|move|p1a: Kecleon|Protect|p1a: Kecleon
|-fail|p1a: Kecleon
|
|-heal|p1a: Kecleon|114\/324 brn|[from] item: Leftovers
|-damage|p1a: Kecleon|74\/324 brn|[from] brn
|upkeep
|turn|16
|choice|move shadowsneak|move spikes
|
|move|p1a: Kecleon|Shadow Sneak|p2a: The Odorfull
|-start|p1a: Kecleon|typechange|Ghost|[from] Protean
|-damage|p2a: The Odorfull|294\/363
|-damage|p1a: Kecleon|20\/324 brn|[from] item: Rocky Helmet|[of] p2a: The Odorfull
|move|p2a: The Odorfull|Spikes|p1a: Kecleon
|-sidestart|p1: Greenheroes|Spikes
|
|-heal|p1a: Kecleon|40\/324 brn|[from] item: Leftovers
|-damage|p1a: Kecleon|0 fnt|[from] brn
|upkeep
|faint|p1a: Kecleon
|choice|switch 4|
|
|switch|p1a: Ditto|Ditto|300\/300
|-damage|p1a: Ditto|263\/300|[from] Spikes
|-transform|p1a: Ditto|p2a: The Odorfull|[from] ability: Imposter
|turn|17
|choice|switch 3|switch 5
|
|switch|p1a: Mismagius|Mismagius, M|261\/261
|switch|p2a: The Gold Rusher|Steelix, F, shiny|94\/353
|
|-heal|p2a: The Gold Rusher|116\/353|[from] item: Leftovers
|upkeep
|turn|18
|choice|move energyball|switch 3
|
|switch|p2a: Love's Nurse|Audino-Mega, F|393\/409
|move|p1a: Mismagius|Energy Ball|p2a: Love's Nurse
|-damage|p2a: Love's Nurse|302\/409
|
|upkeep
|turn|19
|choice|switch 3|move wish
|
|switch|p1a: Ditto|Ditto|263\/300
|-damage|p1a: Ditto|226\/300|[from] Spikes
|-transform|p1a: Ditto|p2a: Love's Nurse|[from] ability: Imposter
|move|p2a: Love's Nurse|Wish|p2a: Love's Nurse
|
|upkeep
|turn|20
|choice|move wish|switch 3
|
|switch|p2a: The Gold Rusher|Steelix, F, shiny|116\/353
|move|p1a: Ditto|Wish|p1a: Ditto
|
|-heal|p2a: The Gold Rusher|320\/353|[from] move: Wish|[wisher] Love's Nurse
|-heal|p2a: The Gold Rusher|342\/353|[from] item: Leftovers
|upkeep
|turn|21
|choice|switch 6|move stealthrock
|
|switch|p1a: Pinsir|Pinsir, M|271\/271
|-damage|p1a: Pinsir|238\/271|[from] Spikes
|move|p2a: The Gold Rusher|Stealth Rock|p1a: Pinsir
|-sidestart|p1: Greenheroes|move: Stealth Rock
|
|-heal|p1a: Pinsir|271\/271|[from] move: Wish|[wisher] Ditto
|-heal|p2a: The Gold Rusher|353\/353|[from] item: Leftovers
|upkeep
|turn|22
|choice|move knockoff|move roar
|
|move|p1a: Pinsir|Knock Off|p2a: The Gold Rusher
|-damage|p2a: The Gold Rusher|286\/353
|-enditem|p2a: The Gold Rusher|Leftovers|[from] move: Knock Off|[of] p1a: Pinsir
|move|p2a: The Gold Rusher|Roar|p1a: Pinsir
|drag|p1a: Eelektrik|Eelektrik, M|334\/334
|-damage|p1a: Eelektrik|293\/334|[from] Stealth Rock
|
|upkeep
|turn|23
|choice|move hiddenpower|move toxic
|
|move|p1a: Eelektrik|Hidden Power|p2a: The Gold Rusher
|-supereffective|p2a: The Gold Rusher
|-damage|p2a: The Gold Rusher|182\/353
|move|p2a: The Gold Rusher|Toxic|p1a: Eelektrik
|-status|p1a: Eelektrik|tox
|
|-damage|p1a: Eelektrik|273\/334 tox|[from] psn
|upkeep
|turn|24
|choice|move hiddenpower|switch 3
|
|switch|p2a: Love's Nurse|Audino-Mega, F|302\/409
|move|p1a: Eelektrik|Hidden Power|p2a: Love's Nurse
|-damage|p2a: Love's Nurse|270\/409
|
|-damage|p1a: Eelektrik|233\/334 tox|[from] psn
|upkeep
|turn|25
|choice|move flashcannon|move wish
|
|move|p2a: Love's Nurse|Wish|p2a: Love's Nurse
|move|p1a: Eelektrik|Flash Cannon|p2a: Love's Nurse
|-supereffective|p2a: Love's Nurse
|-damage|p2a: Love's Nurse|178\/409
|-unboost|p2a: Love's Nurse|spd|1
|
|-damage|p1a: Eelektrik|173\/334 tox|[from] psn
|upkeep
|turn|26
|choice|move flashcannon|move protect
|
|move|p2a: Love's Nurse|Protect|p2a: Love's Nurse
|-singleturn|p2a: Love's Nurse|Protect
|move|p1a: Eelektrik|Flash Cannon|p2a: Love's Nurse
|-activate|p2a: Love's Nurse|move: Protect
|
|-heal|p2a: Love's Nurse|382\/409|[from] move: Wish|[wisher] Love's Nurse
|-damage|p1a: Eelektrik|93\/334 tox|[from] psn
|upkeep
|turn|27
|choice|move flashcannon|switch 3
|
|switch|p2a: The Gold Rusher|Steelix, F, shiny|182\/353
|move|p1a: Eelektrik|Flash Cannon|p2a: The Gold Rusher
|-resisted|p2a: The Gold Rusher
|-damage|p2a: The Gold Rusher|150\/353
|
|-damage|p1a: Eelektrik|0 fnt|[from] psn
|upkeep
|faint|p1a: Eelektrik
|choice|switch 6|
|
|switch|p1a: Ditto|Ditto|226\/300
|-damage|p1a: Ditto|189\/300|[from] Stealth Rock
|-damage|p1a: Ditto|152\/300|[from] Spikes
|-transform|p1a: Ditto|p2a: The Gold Rusher|[from] ability: Imposter
|turn|28
|choice|move earthquake|switch 2
|
|switch|p2a: Love's Seabird|Mantine, F, shiny|97\/333
|move|p1a: Ditto|Earthquake|p2a: Love's Seabird
|-immune|p2a: Love's Seabird|[msg]
|
|-heal|p2a: Love's Seabird|117\/333|[from] item: Leftovers
|upkeep
|turn|29
|choice|switch 3|move scald
|
|switch|p1a: Mismagius|Mismagius, M|261\/261
|-damage|p1a: Mismagius|229\/261|[from] Stealth Rock
|move|p2a: Love's Seabird|Scald|p1a: Mismagius
|-damage|p1a: Mismagius|148\/261
|
|-heal|p2a: Love's Seabird|137\/333|[from] item: Leftovers
|upkeep
|turn|30
|choice|move shadowball|move protect
|
|move|p2a: Love's Seabird|Protect|p2a: Love's Seabird
|-singleturn|p2a: Love's Seabird|Protect
|move|p1a: Mismagius|Shadow Ball|p2a: Love's Seabird
|-activate|p2a: Love's Seabird|move: Protect
|
|-heal|p2a: Love's Seabird|157\/333|[from] item: Leftovers
|upkeep
|turn|31
|choice|switch 3|switch 3
|
|switch|p1a: Ditto|Ditto|152\/300
|-damage|p1a: Ditto|115\/300|[from] Spikes
|-damage|p1a: Ditto|78\/300|[from] Stealth Rock
|-transform|p1a: Ditto|p2a: Love's Seabird|[from] ability: Imposter
|switch|p2a: Love's Nurse|Audino-Mega, F|382\/409
|
|upkeep
|turn|32
|choice|move defog|move wish
|
|move|p1a: Ditto|Defog|p2a: Love's Nurse
|-unboost|p2a: Love's Nurse|evasion|1
|-sideend|p1: Greenheroes|Spikes|[from] move: Defog|[of] p1a: Ditto
|-sideend|p1: Greenheroes|Stealth Rock|[from] move: Defog|[of] p1a: Ditto
|move|p2a: Love's Nurse|Wish|p2a: Love's Nurse
|
|upkeep
|turn|33
|choice|switch 5|switch 2
|
|switch|p1a: Pinsir|Pinsir, M|271\/271
|switch|p2a: The Gold Rusher|Steelix, F, shiny|150\/353
|
|-heal|p2a: The Gold Rusher|353\/353|[from] move: Wish|[wisher] Love's Nurse
|upkeep
|turn|34
|choice|move closecombat|move toxic
|
|move|p1a: Pinsir|Close Combat|p2a: The Gold Rusher
|-supereffective|p2a: The Gold Rusher
|-crit|p2a: The Gold Rusher
|-damage|p2a: The Gold Rusher|109\/353
|-unboost|p1a: Pinsir|def|1
|-unboost|p1a: Pinsir|spd|1
|move|p2a: The Gold Rusher|Toxic|p1a: Pinsir
|-status|p1a: Pinsir|tox
|
|-damage|p1a: Pinsir|255\/271 tox|[from] psn
|upkeep
|turn|35
|choice|move closecombat|switch 5
|
|switch|p2a: The Odorfull|Garbodor, F, shiny|294\/363
|move|p1a: Pinsir|Close Combat|p2a: The Odorfull
|-resisted|p2a: The Odorfull
|-damage|p2a: The Odorfull|227\/363
|-damage|p1a: Pinsir|210\/271 tox|[from] item: Rocky Helmet|[of] p2a: The Odorfull
|-unboost|p1a: Pinsir|def|1
|-unboost|p1a: Pinsir|spd|1
|
|-damage|p1a: Pinsir|178\/271 tox|[from] psn
|upkeep
|turn|36
|choice|switch 3|move spikes
|
|switch|p1a: Mismagius|Mismagius, M|148\/261
|move|p2a: The Odorfull|Spikes|p1a: Mismagius
|-sidestart|p1: Greenheroes|Spikes
|
|upkeep
|turn|37
|choice|move thunderbolt|switch 2
|
|switch|p2a: Love's Nurse|Audino-Mega, F|382\/409
|move|p1a: Mismagius|Thunderbolt|p2a: Love's Nurse
|-damage|p2a: Love's Nurse|290\/409
|
|upkeep
|turn|38
|choice|move thunderbolt|move wish
|
|move|p1a: Mismagius|Thunderbolt|p2a: Love's Nurse
|-damage|p2a: Love's Nurse|205\/409
|move|p2a: Love's Nurse|Wish|p2a: Love's Nurse
|
|upkeep
|turn|39
|choice|switch 3|move dazzlinggleam
|
|switch|p1a: Pinsir|Pinsir, M|178\/271 tox
|-damage|p1a: Pinsir|145\/271 tox|[from] Spikes
|move|p2a: Love's Nurse|Dazzling Gleam|p1a: Pinsir
|-damage|p1a: Pinsir|40\/271 tox
|
|-heal|p2a: Love's Nurse|409\/409|[from] move: Wish|[wisher] Love's Nurse
|-damage|p1a: Pinsir|24\/271 tox|[from] psn
|upkeep
|turn|40
|choice|move closecombat|move dazzlinggleam
|
|move|p1a: Pinsir|Close Combat|p2a: Love's Nurse
|-damage|p2a: Love's Nurse|293\/409
|-unboost|p1a: Pinsir|def|1
|-unboost|p1a: Pinsir|spd|1
|move|p2a: Love's Nurse|Dazzling Gleam|p1a: Pinsir
|-damage|p1a: Pinsir|0 fnt
|faint|p1a: Pinsir
|
|upkeep
|choice|switch 5|
|
|switch|p1a: Ditto|Ditto|78\/300
|-damage|p1a: Ditto|41\/300|[from] Spikes
|-transform|p1a: Ditto|p2a: Love's Nurse|[from] ability: Imposter
|turn|41
|choice|move wish|switch 5
|
|switch|p2a: The Gold Rusher|Steelix, F, shiny|109\/353
|move|p1a: Ditto|Wish|p1a: Ditto
|
|upkeep
|turn|42
|choice|move wish|move earthquake
|
|move|p1a: Ditto|Wish|p1a: Ditto
|-fail|p1a: Ditto
|move|p2a: The Gold Rusher|Earthquake|p1a: Ditto
|-damage|p1a: Ditto|0 fnt
|faint|p1a: Ditto
|
|upkeep
|choice|switch 3|
|
|switch|p1a: Mismagius|Mismagius, M|148\/261
|turn|43
|choice|move shadowball|switch 5
|
|switch|p2a: Love's Nurse|Audino-Mega, F|293\/409
|move|p1a: Mismagius|Shadow Ball|p2a: Love's Nurse
|-immune|p2a: Love's Nurse|[msg]
|
|upkeep
|turn|44
|c|★Lovely Togekiss ❤|Gg!
|choice|move shadowball|move dazzlinggleam
|
|move|p1a: Mismagius|Shadow Ball|p2a: Love's Nurse
|-immune|p2a: Love's Nurse|[msg]
|move|p2a: Love's Nurse|Dazzling Gleam|p1a: Mismagius
|-damage|p1a: Mismagius|73\/261
|
|upkeep
|turn|45
|choice|move shadowball|move dazzlinggleam
|
|move|p1a: Mismagius|Shadow Ball|p2a: Love's Nurse
|-immune|p2a: Love's Nurse|[msg]
|move|p2a: Love's Nurse|Dazzling Gleam|p1a: Mismagius
|-damage|p1a: Mismagius|3\/261
|
|upkeep
|turn|46
|choice|move shadowball|move dazzlinggleam
|
|move|p1a: Mismagius|Shadow Ball|p2a: Love's Nurse
|-immune|p2a: Love's Nurse|[msg]
|move|p2a: Love's Nurse|Dazzling Gleam|p1a: Mismagius
|-damage|p1a: Mismagius|0 fnt
|faint|p1a: Mismagius
|
|win|Lovely Togekiss ❤
|player|p1
|player|p2</script>
</div>
<div class="battle-log battle-log-inline"><div class="inner"><div class="battle-options"></div><div class="inner"><div class="chat"><small>Greenheroes joined.</small></div><div class="chat"><small>Lovely Togekiss ❤ joined.</small></div><div class=""><small>Format:</small> <br><strong>NU</strong></div><div class=""><small><em>Sleep Clause Mod:</em> Limit one foe put to sleep</small></div><div class=""><small><em>Species Clause:</em> Limit one of each Pokémon</small></div><div class=""><small><em>OHKO Clause:</em> OHKO moves are banned</small></div><div class=""><small><em>Moody Clause:</em> Moody is banned</small></div><div class=""><small><em>Evasion Moves Clause:</em> Evasion moves are banned</small></div><div class=""><small><em>Endless Battle Clause:</em> Forcing endless battles is banned</small></div><div class=""><small><em>HP Percentage Mod:</em> HP is shown in percentages</small></div><div class=""><small><em>Swagger Clause:</em> Swagger is banned</small></div><div class=""><small><em>Baton Pass Clause:</em> Limit one Baton Passer, can't pass Spe and other stats simultaneously</small></div><div class="chat battle-history"><strong>Greenheroes's team:</strong> <em style="color:#445566;display:block;">Pinsir / Kecleon / Mismagius / Ditto / Eelektrik / Archeops</em></div><div class="chat battle-history"><strong>Lovely Togekiss ❤'s team:</strong> <em style="color:#445566;display:block;">Audino / Steelix / Garbodor / Mesprit / Mantine / Scyther</em></div><div class="chat chatmessage-lovelytogekiss"><strong style="color:hsl(181,84%,39.75620224724769%)"><small>★</small><span class="username" data-name="Lovely Togekiss ❤">Lovely Togekiss ❤</span>:</strong> <em>hf</em></div><div class="chat chatmessage-greenheroes"><strong style="color:hsl(265,74%,56.967384459884016%)"><small>★</small><span class="username" data-name="Greenheroes">Greenheroes</span>:</strong> <em>euh t'a confirmer le défi?</em></div><div class="chat chatmessage-greenheroes"><strong style="color:hsl(265,74%,56.967384459884016%)"><small>★</small><span class="username" data-name="Greenheroes">Greenheroes</span>:</strong> <em>parce que le défi je voit qu'il est en attente</em></div><div class="chat chatmessage-lovelytogekiss"><strong style="color:hsl(181,84%,39.75620224724769%)"><small>★</small><span class="username" data-name="Lovely Togekiss ❤">Lovely Togekiss ❤</span>:</strong> <em>y att</em></div><div class="chat chatmessage-lovelytogekiss"><strong style="color:hsl(181,84%,39.75620224724769%)"><small>★</small><span class="username" data-name="Lovely Togekiss ❤">Lovely Togekiss ❤</span>:</strong> <em>Voilà</em></div><div class="chat chatmessage-greenheroes"><strong style="color:hsl(265,74%,56.967384459884016%)"><small>★</small><span class="username" data-name="Greenheroes">Greenheroes</span>:</strong> <em>on peu y aller</em></div><div class="chat chatmessage-greenheroes"><strong style="color:hsl(265,74%,56.967384459884016%)"><small>★</small><span class="username" data-name="Greenheroes">Greenheroes</span>:</strong> <em>peut*</em></div><div class="chat chatmessage-lovelytogekiss"><strong style="color:hsl(181,84%,39.75620224724769%)"><small>★</small><span class="username" data-name="Lovely Togekiss ❤">Lovely Togekiss ❤</span>:</strong> <em>y</em></div><div class="spacer battle-history"><br></div><div class="battle-history">Battle started between Greenheroes and Lovely Togekiss ❤!<br></div><div class="spacer battle-history"><br></div><div class="battle-history">Go! <strong>Archeops</strong>!<br></div><div class="spacer battle-history"><br></div><div class="battle-history">Lovely Togekiss ❤ sent out The Gold Rusher (<strong>Steelix</strong>)!<br></div><div class="spacer battle-history"><br></div><h2 class="battle-history">Turn 1</h2><div class="spacer battle-history"><br></div><div class="battle-history">Archeops used <strong>Stealth Rock</strong>!<br></div><div class="battle-history"><small>Pointed stones float in the air around the opposing team!</small><br></div><div class="spacer battle-history"><br></div><div class="battle-history">The opposing The Gold Rusher used <strong>Toxic</strong>!<br></div><div class="battle-history"><small>Archeops was badly poisoned!</small><br></div><div class="spacer battle-history"><br></div><div class="battle-history"><small>Archeops was hurt by poison!</small><br></div><div class="spacer battle-history"><br></div><h2 class="battle-history">Turn 2</h2><div class="spacer battle-history"><br></div><div class="battle-history">Archeops used <strong>Head Smash</strong>!<br></div><div class="battle-history"><small>It's not very effective...</small><br></div><div class="battle-history"><small>(The opposing The Gold Rusher lost <abbr title="−40/353">11.3%</abbr> of its health!)</small><br></div><div class="battle-history"><small>Archeops is damaged by the recoil!</small><br></div><div class="spacer battle-history"><br></div><div class="battle-history">The opposing The Gold Rusher used <strong>Stealth Rock</strong>!<br></div><div class="battle-history"><small>Pointed stones float in the air around your team!</small><br></div><div class="spacer battle-history"><br></div><div class="battle-history"><small>The opposing The Gold Rusher restored a little HP using its Leftovers!</small><br></div><div class="battle-history"><small>Archeops was hurt by poison!</small><br></div><div class="spacer battle-history"><br></div><h2 class="battle-history">Turn 3</h2><div class="spacer battle-history"><br></div><div class="battle-history">Archeops used <strong>Head Smash</strong>!<br></div><div class="battle-history"><small>It's not very effective...</small><br></div><div class="battle-history"><small>(The opposing The Gold Rusher lost <abbr title="−38/353">10.8%</abbr> of its health!)</small><br></div><div class="battle-history"><small>Archeops is damaged by the recoil!</small><br></div><div class="spacer battle-history"><br></div><div class="battle-history">The opposing The Gold Rusher used <strong>Toxic</strong>!<br></div><div class="battle-history"><small>Archeops avoided the attack!</small><br></div><div class="spacer battle-history"><br></div><div class="battle-history"><small>The opposing The Gold Rusher restored a little HP using its Leftovers!</small><br></div><div class="battle-history"><small>Archeops was hurt by poison!</small><br></div><div class="spacer battle-history"><br></div><h2 class="battle-history">Turn 4</h2><div class="spacer battle-history"><br></div><div class="battle-history">Archeops used <strong>Endeavor</strong>!<br></div><div class="battle-history"><small>(The opposing The Gold Rusher lost <abbr title="−175/353">49.6%</abbr> of its health!)</small><br></div><div class="spacer battle-history"><br></div><div class="battle-history">The opposing The Gold Rusher used <strong>Toxic</strong>!<br></div><div class="battle-history"><small>But it failed!</small><br></div><div class="spacer battle-history"><br></div><div class="battle-history"><small>The opposing The Gold Rusher restored a little HP using its Leftovers!</small><br></div><div class="battle-history"><small>Archeops was hurt by poison!</small><br></div><div class="spacer battle-history"><br></div><h2 class="battle-history">Turn 5</h2><div class="spacer battle-history"><br></div><div class="battle-history">Archeops used <strong>Endeavor</strong>!<br></div><div class="battle-history"><small>(The opposing The Gold Rusher lost <abbr title="−94/353">26.6%</abbr> of its health!)</small><br></div><div class="spacer battle-history"><br></div><div class="battle-history">The opposing The Gold Rusher used <strong>Toxic</strong>!<br></div><div class="battle-history"><small>But it failed!</small><br></div><div class="spacer battle-history"><br></div><div class="battle-history"><small>The opposing The Gold Rusher restored a little HP using its Leftovers!</small><br></div><div class="battle-history"><small>Archeops was hurt by poison!</small><br></div><div class="spacer battle-history"><br></div><div class="battle-history">Archeops fainted!<br></div><div class="spacer battle-history"><br></div><div class="battle-history">Go! <strong>Kecleon</strong>!<br></div><div class="battle-history"><small>Pointed stones dug into Kecleon!</small><br></div><div class="spacer battle-history"><br></div><h2 class="battle-history">Turn 6</h2><div class="spacer battle-history"><br></div><div class="battle-history">Lovely Togekiss ❤ withdrew The Gold Rusher!<br></div><div class="battle-history">Lovely Togekiss ❤ sent out Love's Seabird (<strong>Mantine</strong>)!<br></div><div class="battle-history"><small>Pointed stones dug into the opposing Love's Seabird!</small><br></div><div class="spacer battle-history"><br></div><div class="battle-history">Kecleon used <strong>Power-Up Punch</strong>!<br></div><div class="spacer battle-history"><br></div><div class="battle-history"><small>[Kecleon's Protean]</small><br><small>Kecleon transformed into the Fighting type!</small><br></div><div class="battle-history"><small>It's not very effective...</small><br></div><div class="battle-history"><small>(The opposing Love's Seabird lost <abbr title="−30/333">9.0%</abbr> of its health!)</small><br></div><div class="battle-history"><small>Kecleon's Attack rose!</small><br></div><div class="spacer battle-history"><br></div><div class="battle-history"><small>The opposing Love's Seabird restored a little HP using its Leftovers!</small><br></div><div class="battle-history"><small>Kecleon restored a little HP using its Leftovers!</small><br></div><div class="spacer battle-history"><br></div><h2 class="battle-history">Turn 7</h2><div class="spacer battle-history"><br></div><div class="battle-history">Kecleon used <strong>Protect</strong>!<br></div><div class="spacer battle-history"><br></div><div class="battle-history"><small>[Kecleon's Protean]</small><br><small>Kecleon transformed into the Normal type!</small><br></div><div class="battle-history"><small>Kecleon protected itself!</small><br></div><div class="spacer battle-history"><br></div><div class="battle-history">The opposing Love's Seabird used <strong>Defog</strong>!<br></div><div class="battle-history"><small>Kecleon protected itself!</small><br></div><div class="spacer battle-history"><br></div><div class="battle-history"><small>The opposing Love's Seabird restored a little HP using its Leftovers!</small><br></div><div class="battle-history"><small>Kecleon restored a little HP using its Leftovers!</small><br></div><div class="spacer battle-history"><br></div><h2 class="battle-history">Turn 8</h2><div class="spacer battle-history"><br></div><div class="battle-history">The opposing Love's Seabird used <strong>Defog</strong>!<br></div><div class="battle-history"><small>Kecleon's evasiveness fell!</small><br></div><div class="battle-history"><small>The pointed stones disappeared from around your team!</small><br></div><div class="battle-history"><small>The pointed stones disappeared from around the opposing team!</small><br></div><div class="spacer battle-history"><br></div><div class="battle-history">Kecleon used <strong>Power-Up Punch</strong>!<br></div><div class="spacer battle-history"><br></div><div class="battle-history"><small>[Kecleon's Protean]</small><br><small>Kecleon transformed into the Fighting type!</small><br></div><div class="battle-history"><small>It's not very effective...</small><br></div><div class="battle-history"><small>(The opposing Love's Seabird lost <abbr title="−38/333">11.4%</abbr> of its health!)</small><br></div><div class="battle-history"><small>Kecleon's Attack rose!</small><br></div><div class="spacer battle-history"><br></div><div class="battle-history"><small>The opposing Love's Seabird restored a little HP using its Leftovers!</small><br></div><div class="spacer battle-history"><br></div><h2 class="battle-history">Turn 9</h2><div class="spacer battle-history"><br></div><div class="battle-history">Kecleon used <strong>Protect</strong>!<br></div><div class="spacer battle-history"><br></div><div class="battle-history"><small>[Kecleon's Protean]</small><br><small>Kecleon transformed into the Normal type!</small><br></div><div class="battle-history"><small>Kecleon protected itself!</small><br></div><div class="spacer battle-history"><br></div><div class="battle-history">The opposing Love's Seabird used <strong>Scald</strong>!<br></div><div class="battle-history"><small>Kecleon protected itself!</small><br></div><div class="spacer battle-history"><br></div><div class="battle-history"><small>The opposing Love's Seabird restored a little HP using its Leftovers!</small><br></div><div class="spacer battle-history"><br></div><h2 class="battle-history">Turn 10</h2><div class="spacer battle-history"><br></div><div class="battle-history">Kecleon used <strong>Sucker Punch</strong>!<br></div><div class="spacer battle-history"><br></div><div class="battle-history"><small>[Kecleon's Protean]</small><br><small>Kecleon transformed into the Dark type!</small><br></div><div class="battle-history"><small>(The opposing Love's Seabird lost <abbr title="−205/333">61.6%</abbr> of its health!)</small><br></div><div class="spacer battle-history"><br></div><div class="battle-history">The opposing Love's Seabird used <strong>Scald</strong>!<br></div><div class="battle-history"><small>(Kecleon lost <abbr title="−64/324">19.8%</abbr> of its health!)</small><br></div><div class="battle-history"><small>Kecleon was burned!</small><br></div><div class="spacer battle-history"><br></div><div class="battle-history"><small>The opposing Love's Seabird restored a little HP using its Leftovers!</small><br></div><div class="battle-history"><small>Kecleon restored a little HP using its Leftovers!</small><br></div><div class="battle-history"><small>Kecleon was hurt by its burn!</small><br></div><div class="spacer battle-history"><br></div><h2 class="battle-history">Turn 11</h2><div class="spacer battle-history"><br></div><div class="battle-history">The opposing Love's Seabird used <strong>Protect</strong>!<br></div><div class="battle-history"><small>The opposing Love's Seabird protected itself!</small><br></div><div class="spacer battle-history"><br></div><div class="battle-history">Kecleon used <strong>Shadow Sneak</strong>!<br></div><div class="spacer battle-history"><br></div><div class="battle-history"><small>[Kecleon's Protean]</small><br><small>Kecleon transformed into the Ghost type!</small><br></div><div class="battle-history"><small>The opposing Love's Seabird protected itself!</small><br></div><div class="spacer battle-history"><br></div><div class="battle-history"><small>The opposing Love's Seabird restored a little HP using its Leftovers!</small><br></div><div class="battle-history"><small>Kecleon restored a little HP using its Leftovers!</small><br></div><div class="battle-history"><small>Kecleon was hurt by its burn!</small><br></div><div class="spacer battle-history"><br></div><h2 class="battle-history">Turn 12</h2><div class="spacer battle-history"><br></div><div class="battle-history">Lovely Togekiss ❤ withdrew Love's Seabird!<br></div><div class="battle-history">Lovely Togekiss ❤ sent out Love's Nurse (<strong>Audino</strong>)!<br></div><div class="spacer battle-history"><br></div><div class="battle-history">Kecleon used <strong>Power-Up Punch</strong>!<br></div><div class="spacer battle-history"><br></div><div class="battle-history"><small>[Kecleon's Protean]</small><br><small>Kecleon transformed into the Fighting type!</small><br></div><div class="battle-history"><small>It's super effective!</small><br></div><div class="battle-history"><small>(The opposing Love's Nurse lost <abbr title="−127/409">31.1%</abbr> of its health!)</small><br></div><div class="battle-history"><small>Kecleon's Attack rose!</small><br></div><div class="spacer battle-history"><br></div><div class="battle-history"><small>Kecleon restored a little HP using its Leftovers!</small><br></div><div class="battle-history"><small>Kecleon was hurt by its burn!</small><br></div><div class="spacer battle-history"><br></div><h2 class="battle-history">Turn 13</h2><div class="spacer battle-history"><br></div><div class="battle-history"><small>The opposing Love's Nurse's Audinite is reacting to Lovely Togekiss ❤'s Mega Bracelet!</small><br>The opposing Love's Nurse has Mega Evolved into Mega Audino!<br></div><div class="spacer battle-history"><br></div><div class="battle-history">Kecleon used <strong>Protect</strong>!<br></div><div class="spacer battle-history"><br></div><div class="battle-history"><small>[Kecleon's Protean]</small><br><small>Kecleon transformed into the Normal type!</small><br></div><div class="battle-history"><small>Kecleon protected itself!</small><br></div><div class="spacer battle-history"><br></div><div class="battle-history">The opposing Love's Nurse used <strong>Wish</strong>!<br></div><div class="spacer battle-history"><br></div><div class="battle-history"><small>Kecleon restored a little HP using its Leftovers!</small><br></div><div class="battle-history"><small>Kecleon was hurt by its burn!</small><br></div><div class="spacer battle-history"><br></div><h2 class="battle-history">Turn 14</h2><div class="spacer battle-history"><br></div><div class="battle-history">The opposing Love's Nurse used <strong>Dazzling Gleam</strong>!<br></div><div class="battle-history"><small>(Kecleon lost <abbr title="−66/324">20.4%</abbr> of its health!)</small><br></div><div class="spacer battle-history"><br></div><div class="battle-history">Kecleon used <strong>Power-Up Punch</strong>!<br></div><div class="spacer battle-history"><br></div><div class="battle-history"><small>[Kecleon's Protean]</small><br><small>Kecleon transformed into the Fighting type!</small><br></div><div class="battle-history"><small>A critical hit!</small><br></div><div class="battle-history"><small>(The opposing Love's Nurse lost <abbr title="−93/409">22.7%</abbr> of its health!)</small><br></div><div class="battle-history"><small>Kecleon's Attack rose!</small><br></div><div class="spacer battle-history"><br></div><div class="battle-history"><small>Love's Nurse's wish came true!</small><br></div><div class="battle-history"><small>Kecleon restored a little HP using its Leftovers!</small><br></div><div class="battle-history"><small>Kecleon was hurt by its burn!</small><br></div><div class="spacer battle-history"><br></div><h2 class="battle-history">Turn 15</h2><div class="spacer battle-history"><br></div><div class="battle-history">Lovely Togekiss ❤ withdrew Love's Nurse!<br></div><div class="battle-history">Lovely Togekiss ❤ sent out The Odorfull (<strong>Garbodor</strong>)!<br></div><div class="spacer battle-history"><br></div><div class="battle-history">Kecleon used <strong>Protect</strong>!<br></div><div class="battle-history"><small>But it failed!</small><br></div><div class="spacer battle-history"><br></div><div class="battle-history"><small>Kecleon restored a little HP using its Leftovers!</small><br></div><div class="battle-history"><small>Kecleon was hurt by its burn!</small><br></div><div class="spacer battle-history"><br></div><h2 class="battle-history">Turn 16</h2><div class="spacer battle-history"><br></div><div class="battle-history">Kecleon used <strong>Shadow Sneak</strong>!<br></div><div class="spacer battle-history"><br></div><div class="battle-history"><small>[Kecleon's Protean]</small><br><small>Kecleon transformed into the Ghost type!</small><br></div><div class="battle-history"><small>(The opposing The Odorfull lost <abbr title="−69/363">19.0%</abbr> of its health!)</small><br></div><div class="battle-history"><small>Kecleon was hurt by the Rocky Helmet!</small><br></div><div class="spacer battle-history"><br></div><div class="battle-history">The opposing The Odorfull used <strong>Spikes</strong>!<br></div><div class="battle-history"><small>Spikes were scattered on the ground all around your team!</small><br></div><div class="spacer battle-history"><br></div><div class="battle-history"><small>Kecleon restored a little HP using its Leftovers!</small><br></div><div class="battle-history"><small>Kecleon was hurt by its burn!</small><br></div><div class="spacer battle-history"><br></div><div class="battle-history">Kecleon fainted!<br></div><div class="spacer battle-history"><br></div><div class="battle-history">Go! <strong>Ditto</strong>!<br></div><div class="battle-history"><small>Ditto is hurt by the spikes!</small><br></div><div class="battle-history"><small>[Ditto's Imposter]</small><br>Ditto transformed into Garbodor!<br></div><div class="spacer battle-history"><br></div><h2 class="battle-history">Turn 17</h2><div class="spacer battle-history"><br></div><div class="battle-history">Ditto, come back!<br></div><div class="battle-history">Go! <strong>Mismagius</strong>!<br></div><div class="spacer battle-history"><br></div><div class="battle-history">Lovely Togekiss ❤ withdrew The Odorfull!<br></div><div class="battle-history">Lovely Togekiss ❤ sent out The Gold Rusher (<strong>Steelix</strong>)!<br></div><div class="spacer battle-history"><br></div><div class="battle-history"><small>The opposing The Gold Rusher restored a little HP using its Leftovers!</small><br></div><div class="spacer battle-history"><br></div><h2 class="battle-history">Turn 18</h2><div class="spacer battle-history"><br></div><div class="battle-history">Lovely Togekiss ❤ withdrew The Gold Rusher!<br></div><div class="battle-history">Lovely Togekiss ❤ sent out Love's Nurse (<strong>Audino-Mega</strong>)!<br></div><div class="spacer battle-history"><br></div><div class="battle-history">Mismagius used <strong>Energy Ball</strong>!<br></div><div class="battle-history"><small>(The opposing Love's Nurse lost <abbr title="−91/409">22.2%</abbr> of its health!)</small><br></div><div class="spacer battle-history"><br></div><h2 class="battle-history">Turn 19</h2><div class="spacer battle-history"><br></div><div class="battle-history">Mismagius, come back!<br></div><div class="battle-history">Go! <strong>Ditto</strong>!<br></div><div class="battle-history"><small>Ditto is hurt by the spikes!</small><br></div><div class="battle-history"><small>[Ditto's Imposter]</small><br>Ditto transformed into Audino-Mega!<br></div><div class="spacer battle-history"><br></div><div class="battle-history">The opposing Love's Nurse used <strong>Wish</strong>!<br></div><div class="spacer battle-history"><br></div><h2 class="battle-history">Turn 20</h2><div class="spacer battle-history"><br></div><div class="battle-history">Lovely Togekiss ❤ withdrew Love's Nurse!<br></div><div class="battle-history">Lovely Togekiss ❤ sent out The Gold Rusher (<strong>Steelix</strong>)!<br></div><div class="spacer battle-history"><br></div><div class="battle-history">Ditto used <strong>Wish</strong>!<br></div><div class="spacer battle-history"><br></div><div class="battle-history"><small>Love's Nurse's wish came true!</small><br></div><div class="battle-history"><small>The opposing The Gold Rusher restored a little HP using its Leftovers!</small><br></div><div class="spacer battle-history"><br></div><h2 class="battle-history">Turn 21</h2><div class="spacer battle-history"><br></div><div class="battle-history">Ditto, come back!<br></div><div class="battle-history">Go! <strong>Pinsir</strong>!<br></div><div class="battle-history"><small>Pinsir is hurt by the spikes!</small><br></div><div class="spacer battle-history"><br></div><div class="battle-history">The opposing The Gold Rusher used <strong>Stealth Rock</strong>!<br></div><div class="battle-history"><small>Pointed stones float in the air around your team!</small><br></div><div class="spacer battle-history"><br></div><div class="battle-history"><small>Ditto's wish came true!</small><br></div><div class="battle-history"><small>The opposing The Gold Rusher restored a little HP using its Leftovers!</small><br></div><div class="spacer battle-history"><br></div><h2 class="battle-history">Turn 22</h2><div class="spacer battle-history"><br></div><div class="battle-history">Pinsir used <strong>Knock Off</strong>!<br></div><div class="battle-history"><small>(The opposing The Gold Rusher lost <abbr title="−67/353">19.0%</abbr> of its health!)</small><br></div><div class="battle-history"><small>Pinsir knocked off the opposing The Gold Rusher's Leftovers!</small><br></div><div class="spacer battle-history"><br></div><div class="battle-history">The opposing The Gold Rusher used <strong>Roar</strong>!<br></div><div class="spacer battle-history"><br></div><div class="battle-history"><strong>Eelektrik</strong> was dragged out!<br></div><div class="battle-history"><small>Pointed stones dug into Eelektrik!</small><br></div><div class="spacer battle-history"><br></div><h2 class="battle-history">Turn 23</h2><div class="spacer battle-history"><br></div><div class="battle-history">Eelektrik used <strong>Hidden Power</strong>!<br></div><div class="battle-history"><small>It's super effective!</small><br></div><div class="battle-history"><small>(The opposing The Gold Rusher lost <abbr title="−104/353">29.5%</abbr> of its health!)</small><br></div><div class="spacer battle-history"><br></div><div class="battle-history">The opposing The Gold Rusher used <strong>Toxic</strong>!<br></div><div class="battle-history"><small>Eelektrik was badly poisoned!</small><br></div><div class="spacer battle-history"><br></div><div class="battle-history"><small>Eelektrik was hurt by poison!</small><br></div><div class="spacer battle-history"><br></div><h2 class="battle-history">Turn 24</h2><div class="spacer battle-history"><br></div><div class="battle-history">Lovely Togekiss ❤ withdrew The Gold Rusher!<br></div><div class="battle-history">Lovely Togekiss ❤ sent out Love's Nurse (<strong>Audino-Mega</strong>)!<br></div><div class="spacer battle-history"><br></div><div class="battle-history">Eelektrik used <strong>Hidden Power</strong>!<br></div><div class="battle-history"><small>(The opposing Love's Nurse lost <abbr title="−32/409">7.8%</abbr> of its health!)</small><br></div><div class="spacer battle-history"><br></div><div class="battle-history"><small>Eelektrik was hurt by poison!</small><br></div><div class="spacer battle-history"><br></div><h2 class="battle-history">Turn 25</h2><div class="spacer battle-history"><br></div><div class="battle-history">The opposing Love's Nurse used <strong>Wish</strong>!<br></div><div class="spacer battle-history"><br></div><div class="battle-history">Eelektrik used <strong>Flash Cannon</strong>!<br></div><div class="battle-history"><small>It's super effective!</small><br></div><div class="battle-history"><small>(The opposing Love's Nurse lost <abbr title="−92/409">22.5%</abbr> of its health!)</small><br></div><div class="battle-history"><small>The opposing Love's Nurse's Special Defense fell!</small><br></div><div class="spacer battle-history"><br></div><div class="battle-history"><small>Eelektrik was hurt by poison!</small><br></div><div class="spacer battle-history"><br></div><h2 class="battle-history">Turn 26</h2><div class="spacer battle-history"><br></div><div class="battle-history">The opposing Love's Nurse used <strong>Protect</strong>!<br></div><div class="battle-history"><small>The opposing Love's Nurse protected itself!</small><br></div><div class="spacer battle-history"><br></div><div class="battle-history">Eelektrik used <strong>Flash Cannon</strong>!<br></div><div class="battle-history"><small>The opposing Love's Nurse protected itself!</small><br></div><div class="spacer battle-history"><br></div><div class="battle-history"><small>Love's Nurse's wish came true!</small><br></div><div class="battle-history"><small>Eelektrik was hurt by poison!</small><br></div><div class="spacer battle-history"><br></div><h2 class="battle-history">Turn 27</h2><div class="spacer battle-history"><br></div><div class="battle-history">Lovely Togekiss ❤ withdrew Love's Nurse!<br></div><div class="battle-history">Lovely Togekiss ❤ sent out The Gold Rusher (<strong>Steelix</strong>)!<br></div><div class="spacer battle-history"><br></div><div class="battle-history">Eelektrik used <strong>Flash Cannon</strong>!<br></div><div class="battle-history"><small>It's not very effective...</small><br></div><div class="battle-history"><small>(The opposing The Gold Rusher lost <abbr title="−32/353">9.1%</abbr> of its health!)</small><br></div><div class="spacer battle-history"><br></div><div class="battle-history"><small>Eelektrik was hurt by poison!</small><br></div><div class="spacer battle-history"><br></div><div class="battle-history">Eelektrik fainted!<br></div><div class="spacer battle-history"><br></div><div class="battle-history">Go! <strong>Ditto</strong>!<br></div><div class="battle-history"><small>Pointed stones dug into Ditto!</small><br></div><div class="battle-history"><small>Ditto is hurt by the spikes!</small><br></div><div class="battle-history"><small>[Ditto's Imposter]</small><br>Ditto transformed into Steelix!<br></div><div class="spacer battle-history"><br></div><h2 class="battle-history">Turn 28</h2><div class="spacer battle-history"><br></div><div class="battle-history">Lovely Togekiss ❤ withdrew The Gold Rusher!<br></div><div class="battle-history">Lovely Togekiss ❤ sent out Love's Seabird (<strong>Mantine</strong>)!<br></div><div class="spacer battle-history"><br></div><div class="battle-history">Ditto used <strong>Earthquake</strong>!<br></div><div class="battle-history"><small>It doesn't affect the opposing Love's Seabird...</small><br></div><div class="spacer battle-history"><br></div><div class="battle-history"><small>The opposing Love's Seabird restored a little HP using its Leftovers!</small><br></div><div class="spacer battle-history"><br></div><h2 class="battle-history">Turn 29</h2><div class="spacer battle-history"><br></div><div class="battle-history">Ditto, come back!<br></div><div class="battle-history">Go! <strong>Mismagius</strong>!<br></div><div class="battle-history"><small>Pointed stones dug into Mismagius!</small><br></div><div class="spacer battle-history"><br></div><div class="battle-history">The opposing Love's Seabird used <strong>Scald</strong>!<br></div><div class="battle-history"><small>(Mismagius lost <abbr title="−81/261">31.0%</abbr> of its health!)</small><br></div><div class="spacer battle-history"><br></div><div class="battle-history"><small>The opposing Love's Seabird restored a little HP using its Leftovers!</small><br></div><div class="spacer battle-history"><br></div><h2 class="battle-history">Turn 30</h2><div class="spacer battle-history"><br></div><div class="battle-history">The opposing Love's Seabird used <strong>Protect</strong>!<br></div><div class="battle-history"><small>The opposing Love's Seabird protected itself!</small><br></div><div class="spacer battle-history"><br></div><div class="battle-history">Mismagius used <strong>Shadow Ball</strong>!<br></div><div class="battle-history"><small>The opposing Love's Seabird protected itself!</small><br></div><div class="spacer battle-history"><br></div><div class="battle-history"><small>The opposing Love's Seabird restored a little HP using its Leftovers!</small><br></div><div class="spacer battle-history"><br></div><h2 class="battle-history">Turn 31</h2><div class="spacer battle-history"><br></div><div class="battle-history">Mismagius, come back!<br></div><div class="battle-history">Go! <strong>Ditto</strong>!<br></div><div class="battle-history"><small>Ditto is hurt by the spikes!</small><br></div><div class="battle-history"><small>Pointed stones dug into Ditto!</small><br></div><div class="battle-history"><small>[Ditto's Imposter]</small><br>Ditto transformed into Mantine!<br></div><div class="spacer battle-history"><br></div><div class="battle-history">Lovely Togekiss ❤ withdrew Love's Seabird!<br></div><div class="battle-history">Lovely Togekiss ❤ sent out Love's Nurse (<strong>Audino-Mega</strong>)!<br></div><div class="spacer battle-history"><br></div><h2 class="battle-history">Turn 32</h2><div class="spacer battle-history"><br></div><div class="battle-history">Ditto used <strong>Defog</strong>!<br></div><div class="battle-history"><small>The opposing Love's Nurse's evasiveness fell!</small><br></div><div class="battle-history"><small>The spikes disappeared from the ground around your team!</small><br></div><div class="battle-history"><small>The pointed stones disappeared from around your team!</small><br></div><div class="spacer battle-history"><br></div><div class="battle-history">The opposing Love's Nurse used <strong>Wish</strong>!<br></div><div class="spacer battle-history"><br></div><h2 class="battle-history">Turn 33</h2><div class="spacer battle-history"><br></div><div class="battle-history">Ditto, come back!<br></div><div class="battle-history">Go! <strong>Pinsir</strong>!<br></div><div class="spacer battle-history"><br></div><div class="battle-history">Lovely Togekiss ❤ withdrew Love's Nurse!<br></div><div class="battle-history">Lovely Togekiss ❤ sent out The Gold Rusher (<strong>Steelix</strong>)!<br></div><div class="spacer battle-history"><br></div><div class="battle-history"><small>Love's Nurse's wish came true!</small><br></div><div class="spacer battle-history"><br></div><h2 class="battle-history">Turn 34</h2><div class="spacer battle-history"><br></div><div class="battle-history">Pinsir used <strong>Close Combat</strong>!<br></div><div class="battle-history"><small>It's super effective!</small><br></div><div class="battle-history"><small>A critical hit!</small><br></div><div class="battle-history"><small>(The opposing The Gold Rusher lost <abbr title="−244/353">69.1%</abbr> of its health!)</small><br></div><div class="battle-history"><small>Pinsir's Defense fell!</small><br></div><div class="battle-history"><small>Pinsir's Special Defense fell!</small><br></div><div class="spacer battle-history"><br></div><div class="battle-history">The opposing The Gold Rusher used <strong>Toxic</strong>!<br></div><div class="battle-history"><small>Pinsir was badly poisoned!</small><br></div><div class="spacer battle-history"><br></div><div class="battle-history"><small>Pinsir was hurt by poison!</small><br></div><div class="spacer battle-history"><br></div><h2 class="battle-history">Turn 35</h2><div class="spacer battle-history"><br></div><div class="battle-history">Lovely Togekiss ❤ withdrew The Gold Rusher!<br></div><div class="battle-history">Lovely Togekiss ❤ sent out The Odorfull (<strong>Garbodor</strong>)!<br></div><div class="spacer battle-history"><br></div><div class="battle-history">Pinsir used <strong>Close Combat</strong>!<br></div><div class="battle-history"><small>It's not very effective...</small><br></div><div class="battle-history"><small>(The opposing The Odorfull lost <abbr title="−67/363">18.5%</abbr> of its health!)</small><br></div><div class="battle-history"><small>Pinsir was hurt by the Rocky Helmet!</small><br></div><div class="battle-history"><small>Pinsir's Defense fell!</small><br></div><div class="battle-history"><small>Pinsir's Special Defense fell!</small><br></div><div class="spacer battle-history"><br></div><div class="battle-history"><small>Pinsir was hurt by poison!</small><br></div><div class="spacer battle-history"><br></div><h2 class="battle-history">Turn 36</h2><div class="spacer battle-history"><br></div><div class="battle-history">Pinsir, come back!<br></div><div class="battle-history">Go! <strong>Mismagius</strong>!<br></div><div class="spacer battle-history"><br></div><div class="battle-history">The opposing The Odorfull used <strong>Spikes</strong>!<br></div><div class="battle-history"><small>Spikes were scattered on the ground all around your team!</small><br></div><div class="spacer battle-history"><br></div><h2 class="battle-history">Turn 37</h2><div class="spacer battle-history"><br></div><div class="battle-history">Lovely Togekiss ❤ withdrew The Odorfull!<br></div><div class="battle-history">Lovely Togekiss ❤ sent out Love's Nurse (<strong>Audino-Mega</strong>)!<br></div><div class="spacer battle-history"><br></div><div class="battle-history">Mismagius used <strong>Thunderbolt</strong>!<br></div><div class="battle-history"><small>(The opposing Love's Nurse lost <abbr title="−92/409">22.5%</abbr> of its health!)</small><br></div><div class="spacer battle-history"><br></div><h2 class="battle-history">Turn 38</h2><div class="spacer battle-history"><br></div><div class="battle-history">Mismagius used <strong>Thunderbolt</strong>!<br></div><div class="battle-history"><small>(The opposing Love's Nurse lost <abbr title="−85/409">20.8%</abbr> of its health!)</small><br></div><div class="spacer battle-history"><br></div><div class="battle-history">The opposing Love's Nurse used <strong>Wish</strong>!<br></div><div class="spacer battle-history"><br></div><h2 class="battle-history">Turn 39</h2><div class="spacer battle-history"><br></div><div class="battle-history">Mismagius, come back!<br></div><div class="battle-history">Go! <strong>Pinsir</strong>!<br></div><div class="battle-history"><small>Pinsir is hurt by the spikes!</small><br></div><div class="spacer battle-history"><br></div><div class="battle-history">The opposing Love's Nurse used <strong>Dazzling Gleam</strong>!<br></div><div class="battle-history"><small>(Pinsir lost <abbr title="−105/271">38.7%</abbr> of its health!)</small><br></div><div class="spacer battle-history"><br></div><div class="battle-history"><small>Love's Nurse's wish came true!</small><br></div><div class="battle-history"><small>Pinsir was hurt by poison!</small><br></div><div class="spacer battle-history"><br></div><h2 class="battle-history">Turn 40</h2><div class="spacer battle-history"><br></div><div class="battle-history">Pinsir used <strong>Close Combat</strong>!<br></div><div class="battle-history"><small>(The opposing Love's Nurse lost <abbr title="−116/409">28.4%</abbr> of its health!)</small><br></div><div class="battle-history"><small>Pinsir's Defense fell!</small><br></div><div class="battle-history"><small>Pinsir's Special Defense fell!</small><br></div><div class="spacer battle-history"><br></div><div class="battle-history">The opposing Love's Nurse used <strong>Dazzling Gleam</strong>!<br></div><div class="battle-history"><small>(Pinsir lost <abbr title="−24/271">8.9%</abbr> of its health!)</small><br></div><div class="spacer battle-history"><br></div><div class="battle-history">Pinsir fainted!<br></div><div class="spacer battle-history"><br></div><div class="battle-history">Go! <strong>Ditto</strong>!<br></div><div class="battle-history"><small>Ditto is hurt by the spikes!</small><br></div><div class="battle-history"><small>[Ditto's Imposter]</small><br>Ditto transformed into Audino-Mega!<br></div><div class="spacer battle-history"><br></div><h2 class="battle-history">Turn 41</h2><div class="spacer battle-history"><br></div><div class="battle-history">Lovely Togekiss ❤ withdrew Love's Nurse!<br></div><div class="battle-history">Lovely Togekiss ❤ sent out The Gold Rusher (<strong>Steelix</strong>)!<br></div><div class="spacer battle-history"><br></div><div class="battle-history">Ditto used <strong>Wish</strong>!<br></div><div class="spacer battle-history"><br></div><h2 class="battle-history">Turn 42</h2><div class="spacer battle-history"><br></div><div class="battle-history">Ditto used <strong>Wish</strong>!<br></div><div class="battle-history"><small>But it failed!</small><br></div><div class="spacer battle-history"><br></div><div class="battle-history">The opposing The Gold Rusher used <strong>Earthquake</strong>!<br></div><div class="battle-history"><small>(Ditto lost <abbr title="−41/300">13.7%</abbr> of its health!)</small><br></div><div class="spacer battle-history"><br></div><div class="battle-history">Ditto fainted!<br></div><div class="spacer battle-history"><br></div><div class="battle-history">Go! <strong>Mismagius</strong>!<br></div><div class="spacer battle-history"><br></div><h2 class="battle-history">Turn 43</h2><div class="spacer battle-history"><br></div><div class="battle-history">Lovely Togekiss ❤ withdrew The Gold Rusher!<br></div><div class="battle-history">Lovely Togekiss ❤ sent out Love's Nurse (<strong>Audino-Mega</strong>)!<br></div><div class="spacer battle-history"><br></div><div class="battle-history">Mismagius used <strong>Shadow Ball</strong>!<br></div><div class="battle-history"><small>It doesn't affect the opposing Love's Nurse...</small><br></div><div class="spacer battle-history"><br></div><h2 class="battle-history">Turn 44</h2><div class="chat chatmessage-lovelytogekiss"><strong style="color:hsl(181,84%,39.75620224724769%)"><small>★</small><span class="username" data-name="Lovely Togekiss ❤">Lovely Togekiss ❤</span>:</strong> <em>Gg!</em></div><div class="spacer battle-history"><br></div><div class="battle-history">Mismagius used <strong>Shadow Ball</strong>!<br></div><div class="battle-history"><small>It doesn't affect the opposing Love's Nurse...</small><br></div><div class="spacer battle-history"><br></div><div class="battle-history">The opposing Love's Nurse used <strong>Dazzling Gleam</strong>!<br></div><div class="battle-history"><small>(Mismagius lost <abbr title="−75/261">28.7%</abbr> of its health!)</small><br></div><div class="spacer battle-history"><br></div><h2 class="battle-history">Turn 45</h2><div class="spacer battle-history"><br></div><div class="battle-history">Mismagius used <strong>Shadow Ball</strong>!<br></div><div class="battle-history"><small>It doesn't affect the opposing Love's Nurse...</small><br></div><div class="spacer battle-history"><br></div><div class="battle-history">The opposing Love's Nurse used <strong>Dazzling Gleam</strong>!<br></div><div class="battle-history"><small>(Mismagius lost <abbr title="−70/261">26.8%</abbr> of its health!)</small><br></div><div class="spacer battle-history"><br></div><h2 class="battle-history">Turn 46</h2><div class="spacer battle-history"><br></div><div class="battle-history">Mismagius used <strong>Shadow Ball</strong>!<br></div><div class="battle-history"><small>It doesn't affect the opposing Love's Nurse...</small><br></div><div class="spacer battle-history"><br></div><div class="battle-history">The opposing Love's Nurse used <strong>Dazzling Gleam</strong>!<br></div><div class="battle-history"><small>(Mismagius lost <abbr title="−3/261">1.1%</abbr> of its health!)</small><br></div><div class="spacer battle-history"><br></div><div class="battle-history">Mismagius fainted!<br></div><div class="spacer battle-history"><br></div><div class="battle-history"><strong>Lovely Togekiss ❤</strong> won the battle!<br></div></div><div class="inner-preempt"></div></div></div>
</div>
<script>
let daily = Math.floor(Date.now()/1000/60/60/24);document.write('<script src="https://play.pokemonshowdown.com/js/replay-embed.js?version'+daily+'"></'+'script>');
</script>
