<!DOCTYPE html>
<meta charset="utf-8" />
<!-- version 1 -->
<title>NU replay: CaueMasterRace vs. Color Switch</title>
<style>
html,body {font-family:Verdana, sans-serif;font-size:10pt;margin:0;padding:0;}body{padding:12px 0;} .battle-log {font-family:Verdana, sans-serif;font-size:10pt;} .battle-log-inline {border:1px solid #AAAAAA;background:#EEF2F5;color:black;max-width:640px;margin:0 auto 80px;padding-bottom:5px;} .battle-log .inner {padding:4px 8px 0px 8px;} .battle-log .inner-preempt {padding:0 8px 4px 8px;} .battle-log .inner-after {margin-top:0.5em;} .battle-log h2 {margin:0.5em -8px;padding:4px 8px;border:1px solid #AAAAAA;background:#E0E7EA;border-left:0;border-right:0;font-family:Verdana, sans-serif;font-size:13pt;} .battle-log .chat {vertical-align:middle;padding:3px 0 3px 0;font-size:8pt;} .battle-log .chat strong {color:#40576A;} .battle-log .chat em {padding:1px 4px 1px 3px;color:#000000;font-style:normal;} .chat.mine {background:rgba(0,0,0,0.05);margin-left:-8px;margin-right:-8px;padding-left:8px;padding-right:8px;} .spoiler {color:#BBBBBB;background:#BBBBBB;padding:0px 3px;} .spoiler:hover, .spoiler:active, .spoiler-shown {color:#000000;background:#E2E2E2;padding:0px 3px;} .spoiler a {color:#BBBBBB;} .spoiler:hover a, .spoiler:active a, .spoiler-shown a {color:#2288CC;} .chat code, .chat .spoiler:hover code, .chat .spoiler:active code, .chat .spoiler-shown code {border:1px solid #C0C0C0;background:#EEEEEE;color:black;padding:0 2px;} .chat .spoiler code {border:1px solid #CCCCCC;background:#CCCCCC;color:#CCCCCC;} .battle-log .rated {padding:3px 4px;} .battle-log .rated strong {color:white;background:#89A;padding:1px 4px;border-radius:4px;} .spacer {margin-top:0.5em;} .message-announce {background:#6688AA;color:white;padding:1px 4px 2px;} .message-announce a, .broadcast-green a, .broadcast-blue a, .broadcast-red a {color:#DDEEFF;} .broadcast-green {background-color:#559955;color:white;padding:2px 4px;} .broadcast-blue {background-color:#6688AA;color:white;padding:2px 4px;} .infobox {border:1px solid #6688AA;padding:2px 4px;} .infobox-limited {max-height:200px;overflow:auto;overflow-x:hidden;} .broadcast-red {background-color:#AA5544;color:white;padding:2px 4px;} .message-learn-canlearn {font-weight:bold;color:#228822;text-decoration:underline;} .message-learn-cannotlearn {font-weight:bold;color:#CC2222;text-decoration:underline;} .message-effect-weak {font-weight:bold;color:#CC2222;} .message-effect-resist {font-weight:bold;color:#6688AA;} .message-effect-immune {font-weight:bold;color:#666666;} .message-learn-list {margin-top:0;margin-bottom:0;} .message-throttle-notice, .message-error {color:#992222;} .message-overflow, .chat small.message-overflow {font-size:0pt;} .message-overflow::before {font-size:9pt;content:'...';} .subtle {color:#3A4A66;}
</style>
<div class="wrapper replay-wrapper" style="max-width:1180px;margin:0 auto">
<input type="hidden" name="replayid" value="nu-514168508" />
<div class="battle"></div><div class="battle-log"></div><div class="replay-controls"></div><div class="replay-controls-2"></div>
<h1 style="font-weight:normal;text-align:center"><strong>NU</strong><br /><a href="http://pokemonshowdown.com/users/cauemasterrace" class="subtle" target="_blank">CaueMasterRace</a> vs. <a href="http://pokemonshowdown.com/users/colorswitch" class="subtle" target="_blank">Color Switch</a></h1>
<script type="text/plain" class="battle-log-data">|j|CaueMasterRace
|j|Color Switch
|player|p1|CaueMasterRace|269
|player|p2|Color Switch|269
|gametype|singles
|gen|6
|tier|NU
|rated
|seed|11043,65453,9737,64511
|rule|Sleep Clause Mod: Limit one foe put to sleep
|rule|Species Clause: Limit one of each Pokémon
|rule|OHKO Clause: OHKO moves are banned
|rule|Moody Clause: Moody is banned
|rule|Evasion Moves Clause: Evasion moves are banned
|rule|Endless Battle Clause: Forcing endless battles is banned
|rule|HP Percentage Mod: HP is shown in percentages
|clearpoke
|poke|p1|Shiftry, M|item
|poke|p1|Rhydon, M|item
|poke|p1|Lanturn, F|item
|poke|p1|Hariyama, M|item
|poke|p1|Zangoose, M|item
|poke|p1|Swellow, M|item
|poke|p2|Miltank, F|item
|poke|p2|Gourgeist-*, M|item
|poke|p2|Xatu, M|item
|poke|p2|Pyroar, M|item
|poke|p2|Omastar, F|item
|poke|p2|Poliwrath, M|item
|rule|Swagger Clause: Swagger is banned
|rule|Baton Pass Clause: Limit one Baton Passer, can't pass Spe and other stats simultaneously
|teampreview
|choice|team 1, team 2, team 3, team 4, team 5, team 6|team 6, team 2, team 3, team 4, team 5, team 1
|
|start
|switch|p1a: Shiftry|Shiftry, M|321\/321
|switch|p2a: Poliwrath|Poliwrath, M|383\/383
|turn|1
|choice|move swordsdance|switch 4
|
|switch|p2a: Pyroar|Pyroar, M|314\/314
|move|p1a: Shiftry|Swords Dance|p1a: Shiftry
|-boost|p1a: Shiftry|atk|2
|
|upkeep
|turn|2
|choice|move suckerpunch|move hypervoice
|
|move|p1a: Shiftry|Sucker Punch|p2a: Pyroar
|-damage|p2a: Pyroar|0 fnt
|-damage|p1a: Shiftry|289\/321|[from] item: Life Orb
|faint|p2a: Pyroar
|
|upkeep
|choice||switch 6
|
|switch|p2a: Miltank|Miltank, F|394\/394
|turn|3
|choice|move swordsdance|move bodyslam
|
|move|p1a: Shiftry|Swords Dance|p1a: Shiftry
|-boost|p1a: Shiftry|atk|2
|move|p2a: Miltank|Body Slam|p1a: Shiftry
|-damage|p1a: Shiftry|160\/321
|
|upkeep
|turn|4
|choice|move leafblade|move bodyslam
|
|move|p1a: Shiftry|Leaf Blade|p2a: Miltank
|-damage|p2a: Miltank|0 fnt
|-damage|p1a: Shiftry|128\/321|[from] item: Life Orb
|faint|p2a: Miltank
|
|upkeep
|choice||switch 5
|
|switch|p2a: Omastar|Omastar, F|343\/343
|turn|5
|choice|move leafblade|move icywind
|
|move|p1a: Shiftry|Leaf Blade|p2a: Omastar
|-supereffective|p2a: Omastar
|-damage|p2a: Omastar|0 fnt
|-damage|p1a: Shiftry|96\/321|[from] item: Life Orb
|faint|p2a: Omastar
|
|upkeep
|choice||switch 2
|
|switch|p2a: Gourgeist|Gourgeist-Super, M|374\/374
|-item|p1a: Shiftry|Life Orb|[from] ability: Frisk|[of] p2a: Gourgeist|[identify]
|turn|6
|choice|move foulplay|move willowisp
|
|move|p1a: Shiftry|Foul Play|p2a: Gourgeist
|-supereffective|p2a: Gourgeist
|-damage|p2a: Gourgeist|202\/374
|-damage|p1a: Shiftry|64\/321|[from] item: Life Orb
|move|p2a: Gourgeist|Will-O-Wisp|p1a: Shiftry
|-status|p1a: Shiftry|brn
|
|-heal|p2a: Gourgeist|225\/374|[from] item: Leftovers
|-damage|p1a: Shiftry|24\/321 brn|[from] brn
|upkeep
|turn|7
|choice|move foulplay|move protect
|
|move|p2a: Gourgeist|Protect|p2a: Gourgeist
|-singleturn|p2a: Gourgeist|Protect
|move|p1a: Shiftry|Foul Play|p2a: Gourgeist
|-activate|p2a: Gourgeist|move: Protect
|
|-heal|p2a: Gourgeist|248\/374|[from] item: Leftovers
|-damage|p1a: Shiftry|0 fnt|[from] brn
|upkeep
|faint|p1a: Shiftry
|choice|switch 6|
|
|switch|p1a: Swellow|Swellow, M|261\/261
|turn|8
|choice|move bravebird|switch 3
|
|switch|p2a: Xatu|Xatu, M|333\/333
|move|p1a: Swellow|Brave Bird|p2a: Xatu
|-damage|p2a: Xatu|192\/333
|-damage|p1a: Swellow|214\/261|[from] recoil|[of] p2a: Xatu
|-enditem|p2a: Xatu|Kee Berry|[eat]
|-boost|p2a: Xatu|def|1
|
|-status|p1a: Swellow|tox|[from] item: Toxic Orb
|upkeep
|turn|9
|choice|move bravebird|move calmmind
|
|move|p1a: Swellow|Brave Bird|p2a: Xatu
|-crit|p2a: Xatu
|-damage|p2a: Xatu|0 fnt
|-damage|p1a: Swellow|151\/261 tox|[from] recoil|[of] p2a: Xatu
|faint|p2a: Xatu
|
|-damage|p1a: Swellow|135\/261 tox|[from] psn
|upkeep
|choice||switch 4
|
|switch|p2a: Poliwrath|Poliwrath, M|383\/383
|turn|10
|choice|move bravebird|move rockslide
|
|move|p1a: Swellow|Brave Bird|p2a: Poliwrath
|-supereffective|p2a: Poliwrath
|-crit|p2a: Poliwrath
|-damage|p2a: Poliwrath|0 fnt
|-damage|p1a: Swellow|9\/261 tox|[from] recoil|[of] p2a: Poliwrath
|faint|p2a: Poliwrath
|
|-damage|p1a: Swellow|0 fnt|[from] psn
|upkeep
|faint|p1a: Swellow
|c|★Color Switch|gg
|-message|Color Switch forfeited.
|
|win|CaueMasterRace
|player|p1
|player|p2
|l|Color Switch</script>
</div>
<div class="battle-log battle-log-inline"><div class="inner"><div class="battle-options"></div><div class="inner"><div class="chat"><small>CaueMasterRace joined.</small></div><div class="chat"><small>Color Switch joined.</small></div><div class=""><small>Format:</small> <br><strong>NU</strong></div><div class="rated"><strong>Rated battle</strong></div><div class=""><small><em>Sleep Clause Mod:</em> Limit one foe put to sleep</small></div><div class=""><small><em>Species Clause:</em> Limit one of each Pokémon</small></div><div class=""><small><em>OHKO Clause:</em> OHKO moves are banned</small></div><div class=""><small><em>Moody Clause:</em> Moody is banned</small></div><div class=""><small><em>Evasion Moves Clause:</em> Evasion moves are banned</small></div><div class=""><small><em>Endless Battle Clause:</em> Forcing endless battles is banned</small></div><div class=""><small><em>HP Percentage Mod:</em> HP is shown in percentages</small></div><div class=""><small><em>Swagger Clause:</em> Swagger is banned</small></div><div class=""><small><em>Baton Pass Clause:</em> Limit one Baton Passer, can't pass Spe and other stats simultaneously</small></div><div class="chat battle-history"><strong>CaueMasterRace's team:</strong> <em style="color:#445566;display:block;">Shiftry / Rhydon / Lanturn / Hariyama / Zangoose / Swellow</em></div><div class="chat battle-history"><strong>Color Switch's team:</strong> <em style="color:#445566;display:block;">Miltank / Gourgeist-* / Xatu / Pyroar / Omastar / Poliwrath</em></div><div class="spacer battle-history"><br></div><div class="battle-history">Battle started between CaueMasterRace and Color Switch!<br></div><div class="spacer battle-history"><br></div><div class="battle-history">Go! <strong>Shiftry</strong>!<br></div><div class="spacer battle-history"><br></div><div class="battle-history">Color Switch sent out <strong>Poliwrath</strong>!<br></div><div class="spacer battle-history"><br></div><h2 class="battle-history">Turn 1</h2><div class="spacer battle-history"><br></div><div class="battle-history">Color Switch withdrew Poliwrath!<br></div><div class="battle-history">Color Switch sent out <strong>Pyroar</strong>!<br></div><div class="spacer battle-history"><br></div><div class="battle-history">Shiftry used <strong>Swords Dance</strong>!<br></div><div class="battle-history"><small>Shiftry's Attack rose sharply!</small><br></div><div class="spacer battle-history"><br></div><h2 class="battle-history">Turn 2</h2><div class="spacer battle-history"><br></div><div class="battle-history">Shiftry used <strong>Sucker Punch</strong>!<br></div><div class="battle-history"><small>(The opposing Pyroar lost <abbr title="−314/314">100%</abbr> of its health!)</small><br></div><div class="battle-history"><small>Shiftry lost some of its HP!</small><br></div><div class="spacer battle-history"><br></div><div class="battle-history">The opposing Pyroar fainted!<br></div><div class="spacer battle-history"><br></div><div class="battle-history">Color Switch sent out <strong>Miltank</strong>!<br></div><div class="spacer battle-history"><br></div><h2 class="battle-history">Turn 3</h2><div class="spacer battle-history"><br></div><div class="battle-history">Shiftry used <strong>Swords Dance</strong>!<br></div><div class="battle-history"><small>Shiftry's Attack rose sharply!</small><br></div><div class="spacer battle-history"><br></div><div class="battle-history">The opposing Miltank used <strong>Body Slam</strong>!<br></div><div class="battle-history"><small>(Shiftry lost <abbr title="−129/321">40.2%</abbr> of its health!)</small><br></div><div class="spacer battle-history"><br></div><h2 class="battle-history">Turn 4</h2><div class="spacer battle-history"><br></div><div class="battle-history">Shiftry used <strong>Leaf Blade</strong>!<br></div><div class="battle-history"><small>(The opposing Miltank lost <abbr title="−394/394">100%</abbr> of its health!)</small><br></div><div class="battle-history"><small>Shiftry lost some of its HP!</small><br></div><div class="spacer battle-history"><br></div><div class="battle-history">The opposing Miltank fainted!<br></div><div class="spacer battle-history"><br></div><div class="battle-history">Color Switch sent out <strong>Omastar</strong>!<br></div><div class="spacer battle-history"><br></div><h2 class="battle-history">Turn 5</h2><div class="spacer battle-history"><br></div><div class="battle-history">Shiftry used <strong>Leaf Blade</strong>!<br></div><div class="battle-history"><small>It's super effective!</small><br></div><div class="battle-history"><small>(The opposing Omastar lost <abbr title="−343/343">100%</abbr> of its health!)</small><br></div><div class="battle-history"><small>Shiftry lost some of its HP!</small><br></div><div class="spacer battle-history"><br></div><div class="battle-history">The opposing Omastar fainted!<br></div><div class="spacer battle-history"><br></div><div class="battle-history">Color Switch sent out Gourgeist (<strong>Gourgeist-Super</strong>)!<br></div><div class="battle-history"><small>[The opposing Gourgeist's Frisk]</small><br><small>The opposing Gourgeist frisked Shiftry and found its Life Orb!</small><br></div><div class="spacer battle-history"><br></div><h2 class="battle-history">Turn 6</h2><div class="spacer battle-history"><br></div><div class="battle-history">Shiftry used <strong>Foul Play</strong>!<br></div><div class="battle-history"><small>It's super effective!</small><br></div><div class="battle-history"><small>(The opposing Gourgeist lost <abbr title="−172/374">46.0%</abbr> of its health!)</small><br></div><div class="battle-history"><small>Shiftry lost some of its HP!</small><br></div><div class="spacer battle-history"><br></div><div class="battle-history">The opposing Gourgeist used <strong>Will-O-Wisp</strong>!<br></div><div class="battle-history"><small>Shiftry was burned!</small><br></div><div class="spacer battle-history"><br></div><div class="battle-history"><small>The opposing Gourgeist restored a little HP using its Leftovers!</small><br></div><div class="battle-history"><small>Shiftry was hurt by its burn!</small><br></div><div class="spacer battle-history"><br></div><h2 class="battle-history">Turn 7</h2><div class="spacer battle-history"><br></div><div class="battle-history">The opposing Gourgeist used <strong>Protect</strong>!<br></div><div class="battle-history"><small>The opposing Gourgeist protected itself!</small><br></div><div class="spacer battle-history"><br></div><div class="battle-history">Shiftry used <strong>Foul Play</strong>!<br></div><div class="battle-history"><small>The opposing Gourgeist protected itself!</small><br></div><div class="spacer battle-history"><br></div><div class="battle-history"><small>The opposing Gourgeist restored a little HP using its Leftovers!</small><br></div><div class="battle-history"><small>Shiftry was hurt by its burn!</small><br></div><div class="spacer battle-history"><br></div><div class="battle-history">Shiftry fainted!<br></div><div class="spacer battle-history"><br></div><div class="battle-history">Go! <strong>Swellow</strong>!<br></div><div class="spacer battle-history"><br></div><h2 class="battle-history">Turn 8</h2><div class="spacer battle-history"><br></div><div class="battle-history">Color Switch withdrew Gourgeist!<br></div><div class="battle-history">Color Switch sent out <strong>Xatu</strong>!<br></div><div class="spacer battle-history"><br></div><div class="battle-history">Swellow used <strong>Brave Bird</strong>!<br></div><div class="battle-history"><small>(The opposing Xatu lost <abbr title="−141/333">42.3%</abbr> of its health!)</small><br></div><div class="battle-history"><small>Swellow is damaged by the recoil!</small><br></div><div class="battle-history"><small>The opposing Xatu ate its Kee Berry!</small><br></div><div class="battle-history"><small>The opposing Xatu's Defense rose!</small><br></div><div class="spacer battle-history"><br></div><div class="battle-history"><small>Swellow was badly poisoned!</small><br></div><div class="spacer battle-history"><br></div><h2 class="battle-history">Turn 9</h2><div class="spacer battle-history"><br></div><div class="battle-history">Swellow used <strong>Brave Bird</strong>!<br></div><div class="battle-history"><small>A critical hit!</small><br></div><div class="battle-history"><small>(The opposing Xatu lost <abbr title="−192/333">57.7%</abbr> of its health!)</small><br></div><div class="battle-history"><small>Swellow is damaged by the recoil!</small><br></div><div class="spacer battle-history"><br></div><div class="battle-history">The opposing Xatu fainted!<br></div><div class="spacer battle-history"><br></div><div class="battle-history"><small>Swellow was hurt by poison!</small><br></div><div class="spacer battle-history"><br></div><div class="battle-history">Color Switch sent out <strong>Poliwrath</strong>!<br></div><div class="spacer battle-history"><br></div><h2 class="battle-history">Turn 10</h2><div class="spacer battle-history"><br></div><div class="battle-history">Swellow used <strong>Brave Bird</strong>!<br></div><div class="battle-history"><small>It's super effective!</small><br></div><div class="battle-history"><small>A critical hit!</small><br></div><div class="battle-history"><small>(The opposing Poliwrath lost <abbr title="−383/383">100%</abbr> of its health!)</small><br></div><div class="battle-history"><small>Swellow is damaged by the recoil!</small><br></div><div class="spacer battle-history"><br></div><div class="battle-history">The opposing Poliwrath fainted!<br></div><div class="spacer battle-history"><br></div><div class="battle-history"><small>Swellow was hurt by poison!</small><br></div><div class="spacer battle-history"><br></div><div class="battle-history">Swellow fainted!<br></div><div class="chat chatmessage-colorswitch"><strong style="color:hsl(53,43%,44.44590922062589%)"><small>★</small><span class="username" data-name="Color Switch">Color Switch</span>:</strong> <em>gg</em></div><div class="battle-history"><small>Color Switch forfeited.</small><br></div><div class="spacer battle-history"><br></div><div class="battle-history"><strong>CaueMasterRace</strong> won the battle!<br></div><div class="chat"><small>Color Switch left.</small></div></div><div class="inner-preempt"></div></div></div>
</div>
<script>
let daily = Math.floor(Date.now()/1000/60/60/24);document.write('<script src="https://play.pokemonshowdown.com/js/replay-embed.js?version'+daily+'"></'+'script>');
</script>
