<!DOCTYPE html>
<meta charset="utf-8" />
<!-- version 1 -->
<title>NU replay: gyhg vs. Iztzu</title>
<style>
html,body {font-family:Verdana, sans-serif;font-size:10pt;margin:0;padding:0;}body{padding:12px 0;} .battle-log {font-family:Verdana, sans-serif;font-size:10pt;} .battle-log-inline {border:1px solid #AAAAAA;background:#EEF2F5;color:black;max-width:640px;margin:0 auto 80px;padding-bottom:5px;} .battle-log .inner {padding:4px 8px 0px 8px;} .battle-log .inner-preempt {padding:0 8px 4px 8px;} .battle-log .inner-after {margin-top:0.5em;} .battle-log h2 {margin:0.5em -8px;padding:4px 8px;border:1px solid #AAAAAA;background:#E0E7EA;border-left:0;border-right:0;font-family:Verdana, sans-serif;font-size:13pt;} .battle-log .chat {vertical-align:middle;padding:3px 0 3px 0;font-size:8pt;} .battle-log .chat strong {color:#40576A;} .battle-log .chat em {padding:1px 4px 1px 3px;color:#000000;font-style:normal;} .chat.mine {background:rgba(0,0,0,0.05);margin-left:-8px;margin-right:-8px;padding-left:8px;padding-right:8px;} .spoiler {color:#BBBBBB;background:#BBBBBB;padding:0px 3px;} .spoiler:hover, .spoiler:active, .spoiler-shown {color:#000000;background:#E2E2E2;padding:0px 3px;} .spoiler a {color:#BBBBBB;} .spoiler:hover a, .spoiler:active a, .spoiler-shown a {color:#2288CC;} .chat code, .chat .spoiler:hover code, .chat .spoiler:active code, .chat .spoiler-shown code {border:1px solid #C0C0C0;background:#EEEEEE;color:black;padding:0 2px;} .chat .spoiler code {border:1px solid #CCCCCC;background:#CCCCCC;color:#CCCCCC;} .battle-log .rated {padding:3px 4px;} .battle-log .rated strong {color:white;background:#89A;padding:1px 4px;border-radius:4px;} .spacer {margin-top:0.5em;} .message-announce {background:#6688AA;color:white;padding:1px 4px 2px;} .message-announce a, .broadcast-green a, .broadcast-blue a, .broadcast-red a {color:#DDEEFF;} .broadcast-green {background-color:#559955;color:white;padding:2px 4px;} .broadcast-blue {background-color:#6688AA;color:white;padding:2px 4px;} .infobox {border:1px solid #6688AA;padding:2px 4px;} .infobox-limited {max-height:200px;overflow:auto;overflow-x:hidden;} .broadcast-red {background-color:#AA5544;color:white;padding:2px 4px;} .message-learn-canlearn {font-weight:bold;color:#228822;text-decoration:underline;} .message-learn-cannotlearn {font-weight:bold;color:#CC2222;text-decoration:underline;} .message-effect-weak {font-weight:bold;color:#CC2222;} .message-effect-resist {font-weight:bold;color:#6688AA;} .message-effect-immune {font-weight:bold;color:#666666;} .message-learn-list {margin-top:0;margin-bottom:0;} .message-throttle-notice, .message-error {color:#992222;} .message-overflow, .chat small.message-overflow {font-size:0pt;} .message-overflow::before {font-size:9pt;content:'...';} .subtle {color:#3A4A66;}
</style>
<div class="wrapper replay-wrapper" style="max-width:1180px;margin:0 auto">
<input type="hidden" name="replayid" value="pandora-nu-5365972" />
<div class="battle"></div><div class="battle-log"></div><div class="replay-controls"></div><div class="replay-controls-2"></div>
<h1 style="font-weight:normal;text-align:center"><strong>NU</strong><br /><a href="http://pokemonshowdown.com/users/gyhg" class="subtle" target="_blank">gyhg</a> vs. <a href="http://pokemonshowdown.com/users/iztzu" class="subtle" target="_blank">Iztzu</a></h1>
<script type="text/plain" class="battle-log-data">|j|gyhg
|j|Iztzu
|player|p1|gyhg|1
|player|p2|Iztzu|248
|gametype|singles
|gen|6
|tier|NU
|seed|15073,41908,46337,37484
|rule|Cláusula de Baton Pass de Velocidad: se prohíbe más de 1 Pokémon con Baton Pass, o transferir Velocidad
|rule|Cláusula-Mod de Dormir: solo puedes dormir a uno de tus oponentes a la vez.
|rule|Cláusula de Especie: Hasta un Pokémon de cada especie
|rule|Cláusula de Golpe Fulminante: los movimientos fulminantes (OHKO) estan prohibidos
|rule|Cláusula de Moody: la habilidad Moody está prohibida
|rule|Cláusula de Movimientos Evasivos: los movimientos de evasion estan prohibidos
|rule|Cláusula de Batallas Eternas: forzar batallas eternas está prohibido
|rule|Modo de Porcentaje de HP: el HP es mostrado en porcentaje
|clearpoke
|poke|p1|Aggron, M|item
|poke|p2|Hariyama, F|item
|rule|Cláusula de Swagger: se prohibe el uso de Swagger
|rule|Cláusula de Baton Pass: se prohíbe más de 1 Pokémon con Baton Pass, o transferir Velocidad junto a otros stats
|teampreview
|choice|*|*team 1
|c|★Iztzu|XD
|choice|*team 1|*
|choice|team 1|team 1
|
|start
|switch|p1a: Aggron|Aggron, M|281\/281
|switch|p2a: Hariyama|Hariyama, F|492\/492
|turn|1
|choice|*move 4|*
|choice|*|*move 1
|choice|move earthquake|move fakeout
|
|move|p2a: Hariyama|Fake Out|p1a: Aggron
|-resisted|p1a: Aggron
|-damage|p1a: Aggron|273\/281
|cant|p1a: Aggron|flinch
|
|-heal|p1a: Aggron|281\/281|[from] item: Leftovers
|-status|p2a: Hariyama|brn|[from] item: Flame Orb
|turn|2
|choice|*move 2|*
|choice|*|*move 2
|choice|move ironhead|move closecombat
|
|move|p2a: Hariyama|Close Combat|p1a: Aggron
|-supereffective|p1a: Aggron
|-crit|p1a: Aggron
|-ability|p1a: Aggron|Sturdy
|-damage|p1a: Aggron|1\/281
|-unboost|p2a: Hariyama|def|1
|-unboost|p2a: Hariyama|spd|1
|move|p1a: Aggron|Iron Head|p2a: Hariyama
|-damage|p2a: Hariyama|228\/492 brn
|
|-heal|p1a: Aggron|18\/281|[from] item: Leftovers
|-damage|p2a: Hariyama|167\/492 brn|[from] brn
|turn|3
|choice|*|*move 2
|choice|*move 2|*
|choice|move ironhead|move closecombat
|
|move|p1a: Aggron|Iron Head|p2a: Hariyama
|-crit|p2a: Hariyama
|-damage|p2a: Hariyama|0 fnt
|faint|p2a: Hariyama
|
|win|gyhg
|player|p1
|player|p2
|l|Iztzu
|c|★gyhg|siiii</script>
</div>
<div class="battle-log battle-log-inline"><div class="inner"><div class="battle-options"></div><div class="inner"><div class="chat"><small>gyhg joined.</small></div><div class="chat"><small>Iztzu joined.</small></div><div class=""><small>Format:</small> <br><strong>NU</strong></div><div class=""><small><em>Cláusula de Baton Pass de Velocidad:</em> se prohíbe más de 1 Pokémon con Baton Pass, o transferir Velocidad</small></div><div class=""><small><em>Cláusula-Mod de Dormir:</em> solo puedes dormir a uno de tus oponentes a la vez.</small></div><div class=""><small><em>Cláusula de Especie:</em> Hasta un Pokémon de cada especie</small></div><div class=""><small><em>Cláusula de Golpe Fulminante:</em> los movimientos fulminantes (OHKO) estan prohibidos</small></div><div class=""><small><em>Cláusula de Moody:</em> la habilidad Moody está prohibida</small></div><div class=""><small><em>Cláusula de Movimientos Evasivos:</em> los movimientos de evasion estan prohibidos</small></div><div class=""><small><em>Cláusula de Batallas Eternas:</em> forzar batallas eternas está prohibido</small></div><div class=""><small><em>Modo de Porcentaje de HP:</em> el HP es mostrado en porcentaje</small></div><div class=""><small><em>Cláusula de Swagger:</em> se prohibe el uso de Swagger</small></div><div class=""><small><em>Cláusula de Baton Pass:</em> se prohíbe más de 1 Pokémon con Baton Pass, o transferir Velocidad junto a otros stats</small></div><div class="chat battle-history"><strong>gyhg's team:</strong> <em style="color:#445566;display:block;">Aggron</em></div><div class="chat battle-history"><strong>Iztzu's team:</strong> <em style="color:#445566;display:block;">Hariyama</em></div><div class="chat chatmessage-iztzu"><strong style="color:hsl(18,86%,38.52865980038369%)"><small>★</small><span class="username" data-name="Iztzu">Iztzu</span>:</strong> <em>XD</em></div><div class="spacer battle-history"><br></div><div class="battle-history">Battle started between gyhg and Iztzu!<br></div><div class="spacer battle-history"><br></div><div class="battle-history">Go! <strong>Aggron</strong>!<br></div><div class="spacer battle-history"><br></div><div class="battle-history">Iztzu sent out <strong>Hariyama</strong>!<br></div><div class="spacer battle-history"><br></div><h2 class="battle-history">Turn 1</h2><div class="spacer battle-history"><br></div><div class="battle-history">The opposing Hariyama used <strong>Fake Out</strong>!<br></div><div class="battle-history"><small>It's not very effective...</small><br></div><div class="battle-history"><small>(Aggron lost <abbr title="−8/281">2.8%</abbr> of its health!)</small><br></div><div class="spacer battle-history"><br></div><div class="battle-history">Aggron flinched and couldn't move!<br></div><div class="spacer battle-history"><br></div><div class="battle-history"><small>Aggron restored a little HP using its Leftovers!</small><br></div><div class="battle-history"><small>The opposing Hariyama was burned!</small><br></div><div class="spacer battle-history"><br></div><h2 class="battle-history">Turn 2</h2><div class="spacer battle-history"><br></div><div class="battle-history">The opposing Hariyama used <strong>Close Combat</strong>!<br></div><div class="battle-history"><small>It's super effective!</small><br></div><div class="battle-history"><small>A critical hit!</small><br></div><div class="battle-history"><small>[Aggron's Sturdy]</small><br><small>Aggron endured the hit!</small><br></div><div class="battle-history"><small>(Aggron lost <abbr title="−280/281">99.6%</abbr> of its health!)</small><br></div><div class="battle-history"><small>The opposing Hariyama's Defense fell!</small><br></div><div class="battle-history"><small>The opposing Hariyama's Special Defense fell!</small><br></div><div class="spacer battle-history"><br></div><div class="battle-history">Aggron used <strong>Iron Head</strong>!<br></div><div class="battle-history"><small>(The opposing Hariyama lost <abbr title="−264/492">53.7%</abbr> of its health!)</small><br></div><div class="spacer battle-history"><br></div><div class="battle-history"><small>Aggron restored a little HP using its Leftovers!</small><br></div><div class="battle-history"><small>The opposing Hariyama was hurt by its burn!</small><br></div><div class="spacer battle-history"><br></div><h2 class="battle-history">Turn 3</h2><div class="spacer battle-history"><br></div><div class="battle-history">Aggron used <strong>Iron Head</strong>!<br></div><div class="battle-history"><small>A critical hit!</small><br></div><div class="battle-history"><small>(The opposing Hariyama lost <abbr title="−167/492">33.9%</abbr> of its health!)</small><br></div><div class="spacer battle-history"><br></div><div class="battle-history">The opposing Hariyama fainted!<br></div><div class="spacer battle-history"><br></div><div class="battle-history"><strong>gyhg</strong> won the battle!<br></div><div class="chat"><small>Iztzu left.</small></div><div class="chat chatmessage-gyhg"><strong style="color:hsl(318,47%,47%)"><small>★</small><span class="username" data-name="gyhg">gyhg</span>:</strong> <em>siiii</em></div></div><div class="inner-preempt"></div></div></div>
</div>
<script>
let daily = Math.floor(Date.now()/1000/60/60/24);document.write('<script src="https://play.pokemonshowdown.com/js/replay-embed.js?version'+daily+'"></'+'script>');
</script>
