<!DOCTYPE html>
<meta charset="utf-8" />
<!-- version 1 -->
<title>NU replay: AmazingVulpixLoL vs. fchrz1</title>
<style>
html,body {font-family:Verdana, sans-serif;font-size:10pt;margin:0;padding:0;}body{padding:12px 0;} .battle-log {font-family:Verdana, sans-serif;font-size:10pt;} .battle-log-inline {border:1px solid #AAAAAA;background:#EEF2F5;color:black;max-width:640px;margin:0 auto 80px;padding-bottom:5px;} .battle-log .inner {padding:4px 8px 0px 8px;} .battle-log .inner-preempt {padding:0 8px 4px 8px;} .battle-log .inner-after {margin-top:0.5em;} .battle-log h2 {margin:0.5em -8px;padding:4px 8px;border:1px solid #AAAAAA;background:#E0E7EA;border-left:0;border-right:0;font-family:Verdana, sans-serif;font-size:13pt;} .battle-log .chat {vertical-align:middle;padding:3px 0 3px 0;font-size:8pt;} .battle-log .chat strong {color:#40576A;} .battle-log .chat em {padding:1px 4px 1px 3px;color:#000000;font-style:normal;} .chat.mine {background:rgba(0,0,0,0.05);margin-left:-8px;margin-right:-8px;padding-left:8px;padding-right:8px;} .spoiler {color:#BBBBBB;background:#BBBBBB;padding:0px 3px;} .spoiler:hover, .spoiler:active, .spoiler-shown {color:#000000;background:#E2E2E2;padding:0px 3px;} .spoiler a {color:#BBBBBB;} .spoiler:hover a, .spoiler:active a, .spoiler-shown a {color:#2288CC;} .chat code, .chat .spoiler:hover code, .chat .spoiler:active code, .chat .spoiler-shown code {border:1px solid #C0C0C0;background:#EEEEEE;color:black;padding:0 2px;} .chat .spoiler code {border:1px solid #CCCCCC;background:#CCCCCC;color:#CCCCCC;} .battle-log .rated {padding:3px 4px;} .battle-log .rated strong {color:white;background:#89A;padding:1px 4px;border-radius:4px;} .spacer {margin-top:0.5em;} .message-announce {background:#6688AA;color:white;padding:1px 4px 2px;} .message-announce a, .broadcast-green a, .broadcast-blue a, .broadcast-red a {color:#DDEEFF;} .broadcast-green {background-color:#559955;color:white;padding:2px 4px;} .broadcast-blue {background-color:#6688AA;color:white;padding:2px 4px;} .infobox {border:1px solid #6688AA;padding:2px 4px;} .infobox-limited {max-height:200px;overflow:auto;overflow-x:hidden;} .broadcast-red {background-color:#AA5544;color:white;padding:2px 4px;} .message-learn-canlearn {font-weight:bold;color:#228822;text-decoration:underline;} .message-learn-cannotlearn {font-weight:bold;color:#CC2222;text-decoration:underline;} .message-effect-weak {font-weight:bold;color:#CC2222;} .message-effect-resist {font-weight:bold;color:#6688AA;} .message-effect-immune {font-weight:bold;color:#666666;} .message-learn-list {margin-top:0;margin-bottom:0;} .message-throttle-notice, .message-error {color:#992222;} .message-overflow, .chat small.message-overflow {font-size:0pt;} .message-overflow::before {font-size:9pt;content:'...';} .subtle {color:#3A4A66;}
</style>
<div class="wrapper replay-wrapper" style="max-width:1180px;margin:0 auto">
<input type="hidden" name="replayid" value="nu-513351138" />
<div class="battle"></div><div class="battle-log"></div><div class="replay-controls"></div><div class="replay-controls-2"></div>
<h1 style="font-weight:normal;text-align:center"><strong>NU</strong><br /><a href="http://pokemonshowdown.com/users/amazingvulpixlol" class="subtle" target="_blank">AmazingVulpixLoL</a> vs. <a href="http://pokemonshowdown.com/users/fchrz1" class="subtle" target="_blank">fchrz1</a></h1>
<script type="text/plain" class="battle-log-data">|j|AmazingVulpixLoL
|j|fchrz1
|player|p1|AmazingVulpixLoL|101
|player|p2|fchrz1|101
|gametype|singles
|gen|6
|tier|NU
|rated
|seed|21,16202,43248,36060
|rule|Sleep Clause Mod: Limit one foe put to sleep
|rule|Species Clause: Limit one of each Pokémon
|rule|OHKO Clause: OHKO moves are banned
|rule|Moody Clause: Moody is banned
|rule|Evasion Moves Clause: Evasion moves are banned
|rule|Endless Battle Clause: Forcing endless battles is banned
|rule|HP Percentage Mod: HP is shown in percentages
|clearpoke
|poke|p1|Elekid, F, shiny|item
|poke|p1|Petilil, F, shiny|item
|poke|p1|Ferroseed, F, shiny|item
|poke|p1|Shellos-East, F, shiny|item
|poke|p1|Vivillon-Pokeball, F|item
|poke|p1|Piloswine, M, shiny|item
|poke|p2|Electivire, M, shiny|item
|poke|p2|Lanturn, F|item
|poke|p2|Aggron, F, shiny|item
|poke|p2|Weezing, F, shiny|item
|poke|p2|Samurott, M|item
|poke|p2|Charizard, M, shiny|item
|rule|Swagger Clause: Swagger is banned
|rule|Baton Pass Clause: Limit one Baton Passer, can't pass Spe and other stats simultaneously
|teampreview
|choice|team 2, team 1, team 3, team 4, team 5, team 6|team 4, team 2, team 3, team 1, team 5, team 6
|
|start
|switch|p1a: Lillian|Petilil, F, shiny|294\/294
|switch|p2a: Weezing|Weezing, F, shiny|296\/296
|turn|1
|choice|move protect|move substitute
|
|move|p1a: Lillian|Protect|p1a: Lillian
|-singleturn|p1a: Lillian|Protect
|move|p2a: Weezing|Substitute|p2a: Weezing
|-start|p2a: Weezing|Substitute
|-damage|p2a: Weezing|222\/296
|
|upkeep
|turn|2
|c|★AmazingVulpixLoL|hi
|choice|move leechseed|move shadowball
|
|move|p2a: Weezing|Shadow Ball|p1a: Lillian
|-damage|p1a: Lillian|175\/294
|-unboost|p1a: Lillian|spd|1
|move|p1a: Lillian|Leech Seed|p2a: Weezing
|-fail|p2a: Weezing
|
|-heal|p1a: Lillian|193\/294|[from] item: Leftovers
|upkeep
|turn|3
|choice|move gigadrain|move sludgebomb
|
|move|p2a: Weezing|Sludge Bomb|p1a: Lillian
|-supereffective|p1a: Lillian
|-damage|p1a: Lillian|0 fnt
|faint|p1a: Lillian
|
|upkeep
|choice|switch 3|
|
|switch|p1a: Ferrty|Ferroseed, F, shiny|292\/292
|turn|4
|c|★fchrz1|hi
|choice|move secretpower|switch 6
|
|switch|p2a: Charizard|Charizard, M, shiny|322\/322
|move|p1a: Ferrty|Secret Power|p2a: Charizard
|-damage|p2a: Charizard|285\/322
|-status|p2a: Charizard|par
|
|-heal|p2a: Charizard|305\/322 par|[from] item: Leftovers
|upkeep
|turn|5
|choice|switch 2|move sunnyday
|
|switch|p1a: Dude|Elekid, F, shiny|231\/231
|move|p2a: Charizard|Sunny Day|p2a: Charizard
|-weather|SunnyDay
|
|-weather|SunnyDay|[upkeep]
|-damage|p2a: Charizard|265\/322 par|[from] ability: Solar Power|[of] p2a: Charizard
|-heal|p2a: Charizard|285\/322 par|[from] item: Leftovers
|upkeep
|turn|6
|choice|move discharge|move solarbeam
|
|move|p1a: Dude|Discharge|p2a: Charizard
|-supereffective|p2a: Charizard
|-damage|p2a: Charizard|147\/322 par
|move|p2a: Charizard|Solar Beam|p1a: Dude|[still]
|-prepare|p2a: Charizard|Solar Beam|p1a: Dude
|-anim|p2a: Charizard|Solar Beam|p1a: Dude
|-damage|p1a: Dude|0 fnt
|faint|p1a: Dude
|
|-weather|SunnyDay|[upkeep]
|-damage|p2a: Charizard|107\/322 par|[from] ability: Solar Power|[of] p2a: Charizard
|-heal|p2a: Charizard|127\/322 par|[from] item: Leftovers
|upkeep
|choice|switch 4|
|
|switch|p1a: ella|Shellos-East, F, shiny|356\/356
|turn|7
|choice|move ancientpower|move fly
|
|move|p1a: ella|Ancient Power|p2a: Charizard
|-supereffective|p2a: Charizard
|-damage|p2a: Charizard|0 fnt
|faint|p2a: Charizard
|
|-weather|SunnyDay|[upkeep]
|upkeep
|choice||switch 6
|
|switch|p2a: Weezing|Weezing, F, shiny|222\/296
|turn|8
|choice|move ancientpower|move substitute
|
|move|p2a: Weezing|Substitute|p2a: Weezing
|-start|p2a: Weezing|Substitute
|-damage|p2a: Weezing|148\/296
|move|p1a: ella|Ancient Power|p2a: Weezing
|-activate|p2a: Weezing|move: Substitute|[damage]
|
|-weather|SunnyDay|[upkeep]
|upkeep
|turn|9
|choice|move icebeam|move shadowball
|
|move|p2a: Weezing|Shadow Ball|p1a: ella
|-damage|p1a: ella|252\/356
|move|p1a: ella|Ice Beam|p2a: Weezing
|-end|p2a: Weezing|Substitute
|
|-weather|none
|upkeep
|turn|10
|choice|move ancientpower|move sludgebomb
|
|move|p2a: Weezing|Sludge Bomb|p1a: ella
|-damage|p1a: ella|74\/356
|move|p1a: ella|Ancient Power|p2a: Weezing
|-damage|p2a: Weezing|89\/296
|
|upkeep
|turn|11
|choice|switch 2|move sludgebomb
|
|switch|p1a: Ferrty|Ferroseed, F, shiny|292\/292
|move|p2a: Weezing|Sludge Bomb|p1a: Ferrty
|-immune|p1a: Ferrty|[msg]
|
|upkeep
|turn|12
|choice|move flashcannon|switch 4
|
|switch|p2a: Electivire|Electivire, M, shiny|311\/311
|move|p1a: Ferrty|Flash Cannon|p2a: Electivire
|-resisted|p2a: Electivire
|-damage|p2a: Electivire|274\/311
|
|upkeep
|turn|13
|choice|move energyball|move flamethrower
|
|move|p2a: Electivire|Flamethrower|p1a: Ferrty
|-supereffective|p1a: Ferrty
|-enditem|p1a: Ferrty|Focus Sash
|-damage|p1a: Ferrty|1\/292
|-status|p1a: Ferrty|brn
|move|p1a: Ferrty|Energy Ball|p2a: Electivire
|-damage|p2a: Electivire|195\/311
|
|-damage|p1a: Ferrty|0 fnt|[from] brn
|upkeep
|faint|p1a: Ferrty
|choice|switch 6|
|
|switch|p1a: Pillow|Piloswine, M, shiny|404\/404
|turn|14
|choice|move earthquake|move flamethrower
|
|move|p2a: Electivire|Flamethrower|p1a: Pillow
|-supereffective|p1a: Pillow
|-damage|p1a: Pillow|260\/404
|move|p1a: Pillow|Earthquake|p2a: Electivire
|-supereffective|p2a: Electivire
|-damage|p2a: Electivire|0 fnt
|faint|p2a: Electivire
|
|upkeep
|choice||switch 5
|
|switch|p2a: Samurott|Samurott, M|356\/356
|turn|15
|choice|move hiddenpower|move scald
|
|move|p2a: Samurott|Scald|p1a: Pillow
|-supereffective|p1a: Pillow
|-damage|p1a: Pillow|2\/404
|move|p1a: Pillow|Hidden Power|p2a: Samurott
|-damage|p2a: Samurott|317\/356
|
|upkeep
|turn|16
|choice|switch 5|move scald
|
|switch|p1a: Satula|Vivillon-Pokeball, F|301\/301
|move|p2a: Samurott|Scald|p1a: Satula
|-damage|p1a: Satula|97\/301
|-enditem|p1a: Satula|Sitrus Berry|[eat]
|-heal|p1a: Satula|172\/301|[from] item: Sitrus Berry
|
|upkeep
|turn|17
|choice|move gigadrain|move scald
|
|move|p1a: Satula|Giga Drain|p2a: Samurott
|-supereffective|p2a: Samurott
|-damage|p2a: Samurott|141\/356
|-heal|p1a: Satula|260\/301|[from] drain|[of] p2a: Samurott
|move|p2a: Samurott|Scald|p1a: Satula
|-damage|p1a: Satula|53\/301
|
|upkeep
|turn|18
|choice|move gigadrain|switch 3
|
|switch|p2a: Aggron|Aggron, F, shiny|303\/303
|move|p1a: Satula|Giga Drain|p2a: Aggron
|-damage|p2a: Aggron|201\/303
|-heal|p1a: Satula|104\/301|[from] drain|[of] p2a: Aggron
|
|upkeep
|turn|19
|choice|move gigadrain|move dragonpulse
|
|move|p1a: Satula|Giga Drain|p2a: Aggron
|-damage|p2a: Aggron|89\/303
|-heal|p1a: Satula|160\/301|[from] drain|[of] p2a: Aggron
|move|p2a: Aggron|Dragon Pulse|p1a: Satula
|-damage|p1a: Satula|80\/301
|
|upkeep
|turn|20
|choice|move gigadrain|switch 2
|
|switch|p2a: Lanturn|Lanturn, F|416\/416
|move|p1a: Satula|Giga Drain|p2a: Lanturn
|-supereffective|p2a: Lanturn
|-damage|p2a: Lanturn|256\/416
|-heal|p1a: Satula|160\/301|[from] drain|[of] p2a: Lanturn
|
|-heal|p2a: Lanturn|282\/416|[from] item: Leftovers
|upkeep
|turn|21
|choice|move gigadrain|move thunderbolt
|
|move|p1a: Satula|Giga Drain|p2a: Lanturn
|-supereffective|p2a: Lanturn
|-damage|p2a: Lanturn|122\/416
|-heal|p1a: Satula|240\/301|[from] drain|[of] p2a: Lanturn
|move|p2a: Lanturn|Thunderbolt|p1a: Satula
|-supereffective|p1a: Satula
|-damage|p1a: Satula|0 fnt
|faint|p1a: Satula
|
|-heal|p2a: Lanturn|148\/416|[from] item: Leftovers
|upkeep
|choice|switch 2|
|
|switch|p1a: ella|Shellos-East, F, shiny|74\/356
|turn|22
|choice|move hiddenpower|move thunderbolt
|
|move|p2a: Lanturn|Thunderbolt|p1a: ella
|-supereffective|p1a: ella
|-damage|p1a: ella|0 fnt
|faint|p1a: ella
|
|-heal|p2a: Lanturn|174\/416|[from] item: Leftovers
|upkeep
|choice|switch 5|
|
|switch|p1a: Pillow|Piloswine, M, shiny|2\/404
|turn|23
|c|★fchrz1|gg
|choice|move earthquake|move thunderbolt
|
|move|p2a: Lanturn|Thunderbolt|p1a: Pillow
|-immune|p1a: Pillow|[msg]
|move|p1a: Pillow|Earthquake|p2a: Lanturn
|-supereffective|p2a: Lanturn
|-damage|p2a: Lanturn|0 fnt
|faint|p2a: Lanturn
|
|upkeep
|choice||switch 2
|
|switch|p2a: Aggron|Aggron, F, shiny|89\/303
|turn|24
|choice|move earthquake|move icebeam
|
|move|p2a: Aggron|Ice Beam|p1a: Pillow
|-damage|p1a: Pillow|0 fnt
|faint|p1a: Pillow
|
|win|fchrz1
|player|p1
|player|p2
|raw|AmazingVulpixLoL's rating: 1000 &rarr; <strong>1000<\/strong><br \/>(+0 for losing)
|raw|fchrz1's rating: 1000 &rarr; <strong>1040<\/strong><br \/>(+40 for winning)
|l|fchrz1
|c|★AmazingVulpixLoL|gg</script>
</div>
<div class="battle-log battle-log-inline"><div class="inner"><div class="battle-options"></div><div class="inner"><div class="chat"><small>AmazingVulpixLoL joined.</small></div><div class="chat"><small>fchrz1 joined.</small></div><div class=""><small>Format:</small> <br><strong>NU</strong></div><div class="rated"><strong>Rated battle</strong></div><div class=""><small><em>Sleep Clause Mod:</em> Limit one foe put to sleep</small></div><div class=""><small><em>Species Clause:</em> Limit one of each Pokémon</small></div><div class=""><small><em>OHKO Clause:</em> OHKO moves are banned</small></div><div class=""><small><em>Moody Clause:</em> Moody is banned</small></div><div class=""><small><em>Evasion Moves Clause:</em> Evasion moves are banned</small></div><div class=""><small><em>Endless Battle Clause:</em> Forcing endless battles is banned</small></div><div class=""><small><em>HP Percentage Mod:</em> HP is shown in percentages</small></div><div class=""><small><em>Swagger Clause:</em> Swagger is banned</small></div><div class=""><small><em>Baton Pass Clause:</em> Limit one Baton Passer, can't pass Spe and other stats simultaneously</small></div><div class="chat battle-history"><strong>AmazingVulpixLoL's team:</strong> <em style="color:#445566;display:block;">Elekid / Petilil / Ferroseed / Shellos-East / Vivillon-Pokeball / Piloswine</em></div><div class="chat battle-history"><strong>fchrz1's team:</strong> <em style="color:#445566;display:block;">Electivire / Lanturn / Aggron / Weezing / Samurott / Charizard</em></div><div class="spacer battle-history"><br></div><div class="battle-history">Battle started between AmazingVulpixLoL and fchrz1!<br></div><div class="spacer battle-history"><br></div><div class="battle-history">Go! Lillian (<strong>Petilil</strong>)!<br></div><div class="spacer battle-history"><br></div><div class="battle-history">fchrz1 sent out <strong>Weezing</strong>!<br></div><div class="spacer battle-history"><br></div><h2 class="battle-history">Turn 1</h2><div class="spacer battle-history"><br></div><div class="battle-history">Lillian used <strong>Protect</strong>!<br></div><div class="battle-history"><small>Lillian protected itself!</small><br></div><div class="spacer battle-history"><br></div><div class="battle-history">The opposing Weezing used <strong>Substitute</strong>!<br></div><div class="battle-history"><small>The opposing Weezing put in a substitute!</small><br></div><div class="battle-history"><small>(The opposing Weezing lost <abbr title="−74/296">25%</abbr> of its health!)</small><br></div><div class="spacer battle-history"><br></div><h2 class="battle-history">Turn 2</h2><div class="chat chatmessage-amazingvulpixlol"><strong style="color:hsl(51,64%,33%)"><small>★</small><span class="username" data-name="AmazingVulpixLoL">AmazingVulpixLoL</span>:</strong> <em>hi</em></div><div class="spacer battle-history"><br></div><div class="battle-history">The opposing Weezing used <strong>Shadow Ball</strong>!<br></div><div class="battle-history"><small>(Lillian lost <abbr title="−119/294">40.5%</abbr> of its health!)</small><br></div><div class="battle-history"><small>Lillian's Special Defense fell!</small><br></div><div class="spacer battle-history"><br></div><div class="battle-history">Lillian used <strong>Leech Seed</strong>!<br></div><div class="battle-history"><small>But it failed!</small><br></div><div class="spacer battle-history"><br></div><div class="battle-history"><small>Lillian restored a little HP using its Leftovers!</small><br></div><div class="spacer battle-history"><br></div><h2 class="battle-history">Turn 3</h2><div class="spacer battle-history"><br></div><div class="battle-history">The opposing Weezing used <strong>Sludge Bomb</strong>!<br></div><div class="battle-history"><small>It's super effective!</small><br></div><div class="battle-history"><small>(Lillian lost <abbr title="−193/294">65.6%</abbr> of its health!)</small><br></div><div class="spacer battle-history"><br></div><div class="battle-history">Lillian fainted!<br></div><div class="spacer battle-history"><br></div><div class="battle-history">Go! Ferrty (<strong>Ferroseed</strong>)!<br></div><div class="spacer battle-history"><br></div><h2 class="battle-history">Turn 4</h2><div class="chat chatmessage-fchrz1"><strong style="color:hsl(274,62%,55.09574215199163%)"><small>★</small><span class="username" data-name="fchrz1">fchrz1</span>:</strong> <em>hi</em></div><div class="spacer battle-history"><br></div><div class="battle-history">fchrz1 withdrew Weezing!<br></div><div class="battle-history">fchrz1 sent out <strong>Charizard</strong>!<br></div><div class="spacer battle-history"><br></div><div class="battle-history">Ferrty used <strong>Secret Power</strong>!<br></div><div class="battle-history"><small>(The opposing Charizard lost <abbr title="−37/322">11.5%</abbr> of its health!)</small><br></div><div class="battle-history"><small>The opposing Charizard is paralyzed! It may be unable to move!</small><br></div><div class="spacer battle-history"><br></div><div class="battle-history"><small>The opposing Charizard restored a little HP using its Leftovers!</small><br></div><div class="spacer battle-history"><br></div><h2 class="battle-history">Turn 5</h2><div class="spacer battle-history"><br></div><div class="battle-history">Ferrty, come back!<br></div><div class="battle-history">Go! Dude (<strong>Elekid</strong>)!<br></div><div class="spacer battle-history"><br></div><div class="battle-history">The opposing Charizard used <strong>Sunny Day</strong>!<br></div><div class="battle-history"><small>The sunlight turned harsh!</small><br></div><div class="spacer battle-history"><br></div><div class="battle-history"><small>(The sunlight is strong!)</small><br></div><div class="battle-history"><small>[The opposing Charizard's Solar Power]</small><br><small>(The opposing Charizard was hurt by its Solar Power.)</small><br></div><div class="battle-history"><small>The opposing Charizard restored a little HP using its Leftovers!</small><br></div><div class="spacer battle-history"><br></div><h2 class="battle-history">Turn 6</h2><div class="spacer battle-history"><br></div><div class="battle-history">Dude used <strong>Discharge</strong>!<br></div><div class="battle-history"><small>It's super effective!</small><br></div><div class="battle-history"><small>(The opposing Charizard lost <abbr title="−138/322">42.9%</abbr> of its health!)</small><br></div><div class="spacer battle-history"><br></div><div class="battle-history">The opposing Charizard used <strong>Solar Beam</strong>!<br></div><div class="battle-history"><small>The opposing Charizard absorbed light!</small><br></div><div class="battle-history"><small>(Dude lost <abbr title="−231/231">100%</abbr> of its health!)</small><br></div><div class="spacer battle-history"><br></div><div class="battle-history">Dude fainted!<br></div><div class="spacer battle-history"><br></div><div class="battle-history"><small>(The sunlight is strong!)</small><br></div><div class="battle-history"><small>[The opposing Charizard's Solar Power]</small><br><small>(The opposing Charizard was hurt by its Solar Power.)</small><br></div><div class="battle-history"><small>The opposing Charizard restored a little HP using its Leftovers!</small><br></div><div class="spacer battle-history"><br></div><div class="battle-history">Go! ella (<strong>Shellos-East</strong>)!<br></div><div class="spacer battle-history"><br></div><h2 class="battle-history">Turn 7</h2><div class="spacer battle-history"><br></div><div class="battle-history">ella used <strong>Ancient Power</strong>!<br></div><div class="battle-history"><small>It's super effective!</small><br></div><div class="battle-history"><small>(The opposing Charizard lost <abbr title="−127/322">39.4%</abbr> of its health!)</small><br></div><div class="spacer battle-history"><br></div><div class="battle-history">The opposing Charizard fainted!<br></div><div class="spacer battle-history"><br></div><div class="battle-history"><small>(The sunlight is strong!)</small><br></div><div class="spacer battle-history"><br></div><div class="battle-history">fchrz1 sent out <strong>Weezing</strong>!<br></div><div class="spacer battle-history"><br></div><h2 class="battle-history">Turn 8</h2><div class="spacer battle-history"><br></div><div class="battle-history">The opposing Weezing used <strong>Substitute</strong>!<br></div><div class="battle-history"><small>The opposing Weezing put in a substitute!</small><br></div><div class="battle-history"><small>(The opposing Weezing lost <abbr title="−74/296">25%</abbr> of its health!)</small><br></div><div class="spacer battle-history"><br></div><div class="battle-history">ella used <strong>Ancient Power</strong>!<br></div><div class="battle-history"><small>The substitute took damage for the opposing Weezing!</small><br></div><div class="spacer battle-history"><br></div><div class="battle-history"><small>(The sunlight is strong!)</small><br></div><div class="spacer battle-history"><br></div><h2 class="battle-history">Turn 9</h2><div class="spacer battle-history"><br></div><div class="battle-history">The opposing Weezing used <strong>Shadow Ball</strong>!<br></div><div class="battle-history"><small>(ella lost <abbr title="−104/356">29.2%</abbr> of its health!)</small><br></div><div class="spacer battle-history"><br></div><div class="battle-history">ella used <strong>Ice Beam</strong>!<br></div><div class="battle-history"><small>The opposing Weezing's substitute faded!</small><br></div><div class="spacer battle-history"><br></div><div class="battle-history"><small>The sunlight faded.</small><br></div><div class="spacer battle-history"><br></div><h2 class="battle-history">Turn 10</h2><div class="spacer battle-history"><br></div><div class="battle-history">The opposing Weezing used <strong>Sludge Bomb</strong>!<br></div><div class="battle-history"><small>(ella lost <abbr title="−178/356">50%</abbr> of its health!)</small><br></div><div class="spacer battle-history"><br></div><div class="battle-history">ella used <strong>Ancient Power</strong>!<br></div><div class="battle-history"><small>(The opposing Weezing lost <abbr title="−59/296">19.9%</abbr> of its health!)</small><br></div><div class="spacer battle-history"><br></div><h2 class="battle-history">Turn 11</h2><div class="spacer battle-history"><br></div><div class="battle-history">ella, come back!<br></div><div class="battle-history">Go! Ferrty (<strong>Ferroseed</strong>)!<br></div><div class="spacer battle-history"><br></div><div class="battle-history">The opposing Weezing used <strong>Sludge Bomb</strong>!<br></div><div class="battle-history"><small>It doesn't affect Ferrty...</small><br></div><div class="spacer battle-history"><br></div><h2 class="battle-history">Turn 12</h2><div class="spacer battle-history"><br></div><div class="battle-history">fchrz1 withdrew Weezing!<br></div><div class="battle-history">fchrz1 sent out <strong>Electivire</strong>!<br></div><div class="spacer battle-history"><br></div><div class="battle-history">Ferrty used <strong>Flash Cannon</strong>!<br></div><div class="battle-history"><small>It's not very effective...</small><br></div><div class="battle-history"><small>(The opposing Electivire lost <abbr title="−37/311">11.9%</abbr> of its health!)</small><br></div><div class="spacer battle-history"><br></div><h2 class="battle-history">Turn 13</h2><div class="spacer battle-history"><br></div><div class="battle-history">The opposing Electivire used <strong>Flamethrower</strong>!<br></div><div class="battle-history"><small>It's super effective!</small><br></div><div class="battle-history"><small>Ferrty hung on using its Focus Sash!</small><br></div><div class="battle-history"><small>(Ferrty lost <abbr title="−291/292">99.7%</abbr> of its health!)</small><br></div><div class="battle-history"><small>Ferrty was burned!</small><br></div><div class="spacer battle-history"><br></div><div class="battle-history">Ferrty used <strong>Energy Ball</strong>!<br></div><div class="battle-history"><small>(The opposing Electivire lost <abbr title="−79/311">25.4%</abbr> of its health!)</small><br></div><div class="spacer battle-history"><br></div><div class="battle-history"><small>Ferrty was hurt by its burn!</small><br></div><div class="spacer battle-history"><br></div><div class="battle-history">Ferrty fainted!<br></div><div class="spacer battle-history"><br></div><div class="battle-history">Go! Pillow (<strong>Piloswine</strong>)!<br></div><div class="spacer battle-history"><br></div><h2 class="battle-history">Turn 14</h2><div class="spacer battle-history"><br></div><div class="battle-history">The opposing Electivire used <strong>Flamethrower</strong>!<br></div><div class="battle-history"><small>It's super effective!</small><br></div><div class="battle-history"><small>(Pillow lost <abbr title="−144/404">35.6%</abbr> of its health!)</small><br></div><div class="spacer battle-history"><br></div><div class="battle-history">Pillow used <strong>Earthquake</strong>!<br></div><div class="battle-history"><small>It's super effective!</small><br></div><div class="battle-history"><small>(The opposing Electivire lost <abbr title="−195/311">62.7%</abbr> of its health!)</small><br></div><div class="spacer battle-history"><br></div><div class="battle-history">The opposing Electivire fainted!<br></div><div class="spacer battle-history"><br></div><div class="battle-history">fchrz1 sent out <strong>Samurott</strong>!<br></div><div class="spacer battle-history"><br></div><h2 class="battle-history">Turn 15</h2><div class="spacer battle-history"><br></div><div class="battle-history">The opposing Samurott used <strong>Scald</strong>!<br></div><div class="battle-history"><small>It's super effective!</small><br></div><div class="battle-history"><small>(Pillow lost <abbr title="−258/404">63.9%</abbr> of its health!)</small><br></div><div class="spacer battle-history"><br></div><div class="battle-history">Pillow used <strong>Hidden Power</strong>!<br></div><div class="battle-history"><small>(The opposing Samurott lost <abbr title="−39/356">11.0%</abbr> of its health!)</small><br></div><div class="spacer battle-history"><br></div><h2 class="battle-history">Turn 16</h2><div class="spacer battle-history"><br></div><div class="battle-history">Pillow, come back!<br></div><div class="battle-history">Go! Satula (<strong>Vivillon-Pokeball</strong>)!<br></div><div class="spacer battle-history"><br></div><div class="battle-history">The opposing Samurott used <strong>Scald</strong>!<br></div><div class="battle-history"><small>(Satula lost <abbr title="−204/301">67.8%</abbr> of its health!)</small><br></div><div class="battle-history"><small>Satula ate its Sitrus Berry!</small><br></div><div class="battle-history"><small>Satula restored HP using its Sitrus Berry!</small><br></div><div class="spacer battle-history"><br></div><h2 class="battle-history">Turn 17</h2><div class="spacer battle-history"><br></div><div class="battle-history">Satula used <strong>Giga Drain</strong>!<br></div><div class="battle-history"><small>It's super effective!</small><br></div><div class="battle-history"><small>(The opposing Samurott lost <abbr title="−176/356">49.4%</abbr> of its health!)</small><br></div><div class="battle-history"><small>The opposing Samurott had its energy drained!</small><br></div><div class="spacer battle-history"><br></div><div class="battle-history">The opposing Samurott used <strong>Scald</strong>!<br></div><div class="battle-history"><small>(Satula lost <abbr title="−207/301">68.8%</abbr> of its health!)</small><br></div><div class="spacer battle-history"><br></div><h2 class="battle-history">Turn 18</h2><div class="spacer battle-history"><br></div><div class="battle-history">fchrz1 withdrew Samurott!<br></div><div class="battle-history">fchrz1 sent out <strong>Aggron</strong>!<br></div><div class="spacer battle-history"><br></div><div class="battle-history">Satula used <strong>Giga Drain</strong>!<br></div><div class="battle-history"><small>(The opposing Aggron lost <abbr title="−102/303">33.7%</abbr> of its health!)</small><br></div><div class="battle-history"><small>The opposing Aggron had its energy drained!</small><br></div><div class="spacer battle-history"><br></div><h2 class="battle-history">Turn 19</h2><div class="spacer battle-history"><br></div><div class="battle-history">Satula used <strong>Giga Drain</strong>!<br></div><div class="battle-history"><small>(The opposing Aggron lost <abbr title="−112/303">37.0%</abbr> of its health!)</small><br></div><div class="battle-history"><small>The opposing Aggron had its energy drained!</small><br></div><div class="spacer battle-history"><br></div><div class="battle-history">The opposing Aggron used <strong>Dragon Pulse</strong>!<br></div><div class="battle-history"><small>(Satula lost <abbr title="−80/301">26.6%</abbr> of its health!)</small><br></div><div class="spacer battle-history"><br></div><h2 class="battle-history">Turn 20</h2><div class="spacer battle-history"><br></div><div class="battle-history">fchrz1 withdrew Aggron!<br></div><div class="battle-history">fchrz1 sent out <strong>Lanturn</strong>!<br></div><div class="spacer battle-history"><br></div><div class="battle-history">Satula used <strong>Giga Drain</strong>!<br></div><div class="battle-history"><small>It's super effective!</small><br></div><div class="battle-history"><small>(The opposing Lanturn lost <abbr title="−160/416">38.5%</abbr> of its health!)</small><br></div><div class="battle-history"><small>The opposing Lanturn had its energy drained!</small><br></div><div class="spacer battle-history"><br></div><div class="battle-history"><small>The opposing Lanturn restored a little HP using its Leftovers!</small><br></div><div class="spacer battle-history"><br></div><h2 class="battle-history">Turn 21</h2><div class="spacer battle-history"><br></div><div class="battle-history">Satula used <strong>Giga Drain</strong>!<br></div><div class="battle-history"><small>It's super effective!</small><br></div><div class="battle-history"><small>(The opposing Lanturn lost <abbr title="−160/416">38.5%</abbr> of its health!)</small><br></div><div class="battle-history"><small>The opposing Lanturn had its energy drained!</small><br></div><div class="spacer battle-history"><br></div><div class="battle-history">The opposing Lanturn used <strong>Thunderbolt</strong>!<br></div><div class="battle-history"><small>It's super effective!</small><br></div><div class="battle-history"><small>(Satula lost <abbr title="−240/301">79.7%</abbr> of its health!)</small><br></div><div class="spacer battle-history"><br></div><div class="battle-history">Satula fainted!<br></div><div class="spacer battle-history"><br></div><div class="battle-history"><small>The opposing Lanturn restored a little HP using its Leftovers!</small><br></div><div class="spacer battle-history"><br></div><div class="battle-history">Go! ella (<strong>Shellos-East</strong>)!<br></div><div class="spacer battle-history"><br></div><h2 class="battle-history">Turn 22</h2><div class="spacer battle-history"><br></div><div class="battle-history">The opposing Lanturn used <strong>Thunderbolt</strong>!<br></div><div class="battle-history"><small>It's super effective!</small><br></div><div class="battle-history"><small>(ella lost <abbr title="−74/356">20.8%</abbr> of its health!)</small><br></div><div class="spacer battle-history"><br></div><div class="battle-history">ella fainted!<br></div><div class="spacer battle-history"><br></div><div class="battle-history"><small>The opposing Lanturn restored a little HP using its Leftovers!</small><br></div><div class="spacer battle-history"><br></div><div class="battle-history">Go! Pillow (<strong>Piloswine</strong>)!<br></div><div class="spacer battle-history"><br></div><h2 class="battle-history">Turn 23</h2><div class="chat chatmessage-fchrz1"><strong style="color:hsl(274,62%,55.09574215199163%)"><small>★</small><span class="username" data-name="fchrz1">fchrz1</span>:</strong> <em>gg</em></div><div class="spacer battle-history"><br></div><div class="battle-history">The opposing Lanturn used <strong>Thunderbolt</strong>!<br></div><div class="battle-history"><small>It doesn't affect Pillow...</small><br></div><div class="spacer battle-history"><br></div><div class="battle-history">Pillow used <strong>Earthquake</strong>!<br></div><div class="battle-history"><small>It's super effective!</small><br></div><div class="battle-history"><small>(The opposing Lanturn lost <abbr title="−174/416">41.8%</abbr> of its health!)</small><br></div><div class="spacer battle-history"><br></div><div class="battle-history">The opposing Lanturn fainted!<br></div><div class="spacer battle-history"><br></div><div class="battle-history">fchrz1 sent out <strong>Aggron</strong>!<br></div><div class="spacer battle-history"><br></div><h2 class="battle-history">Turn 24</h2><div class="spacer battle-history"><br></div><div class="battle-history">The opposing Aggron used <strong>Ice Beam</strong>!<br></div><div class="battle-history"><small>(Pillow lost <abbr title="−2/404">0.5%</abbr> of its health!)</small><br></div><div class="spacer battle-history"><br></div><div class="battle-history">Pillow fainted!<br></div><div class="spacer battle-history"><br></div><div class="battle-history"><strong>fchrz1</strong> won the battle!<br></div><div class="chat">AmazingVulpixLoL's rating: 1000 → <strong>1000</strong><br>(+0 for losing)</div><div class="chat">fchrz1's rating: 1000 → <strong>1040</strong><br>(+40 for winning)</div><div class="chat"><small>fchrz1 left.</small></div><div class="chat chatmessage-amazingvulpixlol"><strong style="color:hsl(51,64%,33%)"><small>★</small><span class="username" data-name="AmazingVulpixLoL">AmazingVulpixLoL</span>:</strong> <em>gg</em></div></div><div class="inner-preempt"></div></div></div>
</div>
<script>
let daily = Math.floor(Date.now()/1000/60/60/24);document.write('<script src="https://play.pokemonshowdown.com/js/replay-embed.js?version'+daily+'"></'+'script>');
</script>
