<!DOCTYPE html>
<meta charset="utf-8" />
<!-- version 1 -->
<title>NU replay: xShirex vs. FlameJumper</title>
<style>
html,body {font-family:Verdana, sans-serif;font-size:10pt;margin:0;padding:0;}body{padding:12px 0;} .battle-log {font-family:Verdana, sans-serif;font-size:10pt;} .battle-log-inline {border:1px solid #AAAAAA;background:#EEF2F5;color:black;max-width:640px;margin:0 auto 80px;padding-bottom:5px;} .battle-log .inner {padding:4px 8px 0px 8px;} .battle-log .inner-preempt {padding:0 8px 4px 8px;} .battle-log .inner-after {margin-top:0.5em;} .battle-log h2 {margin:0.5em -8px;padding:4px 8px;border:1px solid #AAAAAA;background:#E0E7EA;border-left:0;border-right:0;font-family:Verdana, sans-serif;font-size:13pt;} .battle-log .chat {vertical-align:middle;padding:3px 0 3px 0;font-size:8pt;} .battle-log .chat strong {color:#40576A;} .battle-log .chat em {padding:1px 4px 1px 3px;color:#000000;font-style:normal;} .chat.mine {background:rgba(0,0,0,0.05);margin-left:-8px;margin-right:-8px;padding-left:8px;padding-right:8px;} .spoiler {color:#BBBBBB;background:#BBBBBB;padding:0px 3px;} .spoiler:hover, .spoiler:active, .spoiler-shown {color:#000000;background:#E2E2E2;padding:0px 3px;} .spoiler a {color:#BBBBBB;} .spoiler:hover a, .spoiler:active a, .spoiler-shown a {color:#2288CC;} .chat code, .chat .spoiler:hover code, .chat .spoiler:active code, .chat .spoiler-shown code {border:1px solid #C0C0C0;background:#EEEEEE;color:black;padding:0 2px;} .chat .spoiler code {border:1px solid #CCCCCC;background:#CCCCCC;color:#CCCCCC;} .battle-log .rated {padding:3px 4px;} .battle-log .rated strong {color:white;background:#89A;padding:1px 4px;border-radius:4px;} .spacer {margin-top:0.5em;} .message-announce {background:#6688AA;color:white;padding:1px 4px 2px;} .message-announce a, .broadcast-green a, .broadcast-blue a, .broadcast-red a {color:#DDEEFF;} .broadcast-green {background-color:#559955;color:white;padding:2px 4px;} .broadcast-blue {background-color:#6688AA;color:white;padding:2px 4px;} .infobox {border:1px solid #6688AA;padding:2px 4px;} .infobox-limited {max-height:200px;overflow:auto;overflow-x:hidden;} .broadcast-red {background-color:#AA5544;color:white;padding:2px 4px;} .message-learn-canlearn {font-weight:bold;color:#228822;text-decoration:underline;} .message-learn-cannotlearn {font-weight:bold;color:#CC2222;text-decoration:underline;} .message-effect-weak {font-weight:bold;color:#CC2222;} .message-effect-resist {font-weight:bold;color:#6688AA;} .message-effect-immune {font-weight:bold;color:#666666;} .message-learn-list {margin-top:0;margin-bottom:0;} .message-throttle-notice, .message-error {color:#992222;} .message-overflow, .chat small.message-overflow {font-size:0pt;} .message-overflow::before {font-size:9pt;content:'...';} .subtle {color:#3A4A66;}
</style>
<div class="wrapper replay-wrapper" style="max-width:1180px;margin:0 auto">
<input type="hidden" name="replayid" value="nu-522115158" />
<div class="battle"></div><div class="battle-log"></div><div class="replay-controls"></div><div class="replay-controls-2"></div>
<h1 style="font-weight:normal;text-align:center"><strong>NU</strong><br /><a href="http://pokemonshowdown.com/users/xshirex" class="subtle" target="_blank">xShirex</a> vs. <a href="http://pokemonshowdown.com/users/flamejumper" class="subtle" target="_blank">FlameJumper</a></h1>
<script type="text/plain" class="battle-log-data">|j|xShirex
|j|FlameJumper
|player|p1|xShirex|153
|player|p2|FlameJumper|163
|gametype|singles
|gen|6
|tier|NU
|rated
|seed|51847,2644,36661,56497
|rule|Sleep Clause Mod: Limit one foe put to sleep
|rule|Species Clause: Limit one of each Pokémon
|rule|OHKO Clause: OHKO moves are banned
|rule|Moody Clause: Moody is banned
|rule|Evasion Moves Clause: Evasion moves are banned
|rule|Endless Battle Clause: Forcing endless battles is banned
|rule|HP Percentage Mod: HP is shown in percentages
|clearpoke
|poke|p1|Vileplume, F, shiny|item
|poke|p1|Archeops, F, shiny|item
|poke|p1|Gastrodon, F, shiny|item
|poke|p1|Mesprit|item
|poke|p1|Hitmonchan, M|item
|poke|p1|Mismagius, F|item
|poke|p2|Vivillon-Marine, M|item
|poke|p2|Floatzel, M|item
|poke|p2|Flareon, M|item
|poke|p2|Golurk|item
|poke|p2|Manectric, F|item
|poke|p2|Malamar, M|item
|rule|Swagger Clause: Swagger is banned
|rule|Baton Pass Clause: Limit one Baton Passer, can't pass Spe and other stats simultaneously
|teampreview
|choice|team 2, team 1, team 3, team 4, team 5, team 6|team 1, team 2, team 3, team 4, team 5, team 6
|
|start
|switch|p1a: Archeops|Archeops, F, shiny|291\/291
|switch|p2a: Bluezz|Vivillon-Marine, M|302\/302
|turn|1
|choice|move headsmash|move sleeppowder
|
|move|p1a: Archeops|Head Smash|p2a: Bluezz
|-supereffective|p2a: Bluezz
|-enditem|p2a: Bluezz|Focus Sash
|-damage|p2a: Bluezz|1\/302
|-damage|p1a: Archeops|140\/291|[from] recoil|[of] p2a: Bluezz
|move|p2a: Bluezz|Sleep Powder|p1a: Archeops
|-status|p1a: Archeops|slp
|
|upkeep
|turn|2
|choice|move stealthrock|move quiverdance
|
|cant|p1a: Archeops|slp
|move|p2a: Bluezz|Quiver Dance|p2a: Bluezz
|-boost|p2a: Bluezz|spa|1
|-boost|p2a: Bluezz|spd|1
|-boost|p2a: Bluezz|spe|1
|
|upkeep
|turn|3
|choice|move stealthrock|move psychic
|
|move|p2a: Bluezz|Psychic|p1a: Archeops
|-damage|p1a: Archeops|0 fnt
|faint|p1a: Archeops
|
|upkeep
|choice|switch 5|
|
|switch|p1a: Hitmonchan|Hitmonchan, M|241\/241
|turn|4
|choice|move machpunch|move psychic
|
|move|p1a: Hitmonchan|Mach Punch|p2a: Bluezz
|-resisted|p2a: Bluezz
|-damage|p2a: Bluezz|0 fnt
|-damage|p1a: Hitmonchan|217\/241|[from] item: Life Orb
|faint|p2a: Bluezz
|
|upkeep
|choice||switch 4
|
|switch|p2a: Ghosta|Golurk|382\/382
|turn|5
|choice|switch 3|move earthquake
|
|switch|p1a: Gastrodon|Gastrodon, F, shiny|426\/426
|move|p2a: Ghosta|Earthquake|p1a: Gastrodon
|-damage|p1a: Gastrodon|242\/426
|
|upkeep
|turn|6
|choice|move earthquake|move dynamicpunch
|
|move|p2a: Ghosta|Dynamic Punch|p1a: Gastrodon
|-damage|p1a: Gastrodon|132\/426
|-damage|p2a: Ghosta|319\/382|[from] item: Rocky Helmet|[of] p1a: Gastrodon
|-start|p1a: Gastrodon|confusion
|-activate|p1a: Gastrodon|confusion
|-damage|p1a: Gastrodon|110\/426|[from] confusion
|
|-heal|p2a: Ghosta|342\/382|[from] item: Leftovers
|upkeep
|turn|7
|choice|move earthquake|move earthquake
|
|move|p2a: Ghosta|Earthquake|p1a: Gastrodon
|-damage|p1a: Gastrodon|0 fnt
|faint|p1a: Gastrodon
|
|-heal|p2a: Ghosta|365\/382|[from] item: Leftovers
|upkeep
|choice|switch 6|
|
|switch|p1a: Mismagius|Mismagius, F|261\/261
|turn|8
|choice|move shadowball|move icepunch
|
|move|p1a: Mismagius|Shadow Ball|p2a: Ghosta
|-supereffective|p2a: Ghosta
|-damage|p2a: Ghosta|21\/382
|move|p2a: Ghosta|Ice Punch|p1a: Mismagius
|-damage|p1a: Mismagius|110\/261
|
|-heal|p2a: Ghosta|44\/382|[from] item: Leftovers
|upkeep
|turn|9
|choice|move shadowball|move icepunch
|
|move|p1a: Mismagius|Shadow Ball|p2a: Ghosta
|-supereffective|p2a: Ghosta
|-damage|p2a: Ghosta|0 fnt
|faint|p2a: Ghosta
|
|upkeep
|choice||switch 6
|
|switch|p2a: Dark Slasher|Malamar, M|314\/314
|turn|10
|choice|switch 3|move foulplay
|
|switch|p1a: Hitmonchan|Hitmonchan, M|217\/241
|move|p2a: Dark Slasher|Foul Play|p1a: Hitmonchan
|-resisted|p1a: Hitmonchan
|-damage|p1a: Hitmonchan|118\/241
|
|upkeep
|turn|11
|c|★FlameJumper|!Stats Mismagius
|c|~|\/data-pokemon Mismagius

|choice|move machpunch|switch 2
|
|switch|p2a: Floatzie|Floatzel, M|312\/312
|move|p1a: Hitmonchan|Mach Punch|p2a: Floatzie
|-crit|p2a: Floatzie
|-damage|p2a: Floatzie|35\/312
|-damage|p1a: Hitmonchan|94\/241|[from] item: Life Orb
|
|upkeep
|turn|12
|choice|move machpunch|move facade
|
|move|p1a: Hitmonchan|Mach Punch|p2a: Floatzie
|-damage|p2a: Floatzie|0 fnt
|-damage|p1a: Hitmonchan|70\/241|[from] item: Life Orb
|faint|p2a: Floatzie
|
|upkeep
|c|★FlameJumper|Bulshit!
|choice||switch 3
|
|switch|p2a: Charge|Flareon, M|272\/272
|turn|13
|choice|move drainpunch|move flamecharge
|
|move|p1a: Hitmonchan|Drain Punch|p2a: Charge
|-damage|p2a: Charge|0 fnt
|-heal|p1a: Hitmonchan|206\/241|[from] drain|[of] p2a: Charge
|-damage|p1a: Hitmonchan|182\/241|[from] item: Life Orb
|faint|p2a: Charge
|
|upkeep
|choice||switch 5
|
|switch|p2a: Flash|Manectric, F|282\/282
|turn|14
|choice|move machpunch|move flamethrower
|
|move|p1a: Hitmonchan|Mach Punch|p2a: Flash
|-damage|p2a: Flash|133\/282
|-damage|p1a: Hitmonchan|158\/241|[from] item: Life Orb
|move|p2a: Flash|Flamethrower|p1a: Hitmonchan
|-damage|p1a: Hitmonchan|69\/241
|
|upkeep
|turn|15
|choice|move machpunch|move flamethrower
|
|move|p1a: Hitmonchan|Mach Punch|p2a: Flash
|-damage|p2a: Flash|0 fnt
|-damage|p1a: Hitmonchan|45\/241|[from] item: Life Orb
|faint|p2a: Flash
|
|upkeep
|choice||switch 2
|
|switch|p2a: Dark Slasher|Malamar, M|314\/314
|turn|16
|choice|move machpunch|move foulplay
|
|move|p1a: Hitmonchan|Mach Punch|p2a: Dark Slasher
|-damage|p2a: Dark Slasher|188\/314
|-damage|p1a: Hitmonchan|21\/241|[from] item: Life Orb
|move|p2a: Dark Slasher|Foul Play|p1a: Hitmonchan
|-resisted|p1a: Hitmonchan
|-crit|p1a: Hitmonchan
|-damage|p1a: Hitmonchan|0 fnt
|faint|p1a: Hitmonchan
|
|upkeep
|choice|switch 2|
|
|switch|p1a: Vileplume|Vileplume, F, shiny|342\/342
|turn|17
|choice|move sludgebomb|move foulplay
|
|move|p2a: Dark Slasher|Foul Play|p1a: Vileplume
|-damage|p1a: Vileplume|257\/342
|-status|p2a: Dark Slasher|psn|[from] ability: Effect Spore|[of] p1a: Vileplume
|move|p1a: Vileplume|Sludge Bomb|p2a: Dark Slasher
|-damage|p2a: Dark Slasher|0 fnt
|faint|p2a: Dark Slasher
|
|win|xShirex
|player|p1
|player|p2
|raw|xShirex's rating: 1086 &rarr; <strong>1117<\/strong><br \/>(+31 for winning)
|raw|FlameJumper's rating: 1132 &rarr; <strong>1104<\/strong><br \/>(-28 for losing)
|l|FlameJumper
|c|★xShirex|gg</script>
</div>
<div class="battle-log battle-log-inline"><div class="inner"><div class="battle-options"></div><div class="inner"><div class="chat"><small>xShirex joined.</small></div><div class="chat"><small>FlameJumper joined.</small></div><div class=""><small>Format:</small> <br><strong>NU</strong></div><div class="rated"><strong>Rated battle</strong></div><div class=""><small><em>Sleep Clause Mod:</em> Limit one foe put to sleep</small></div><div class=""><small><em>Species Clause:</em> Limit one of each Pokémon</small></div><div class=""><small><em>OHKO Clause:</em> OHKO moves are banned</small></div><div class=""><small><em>Moody Clause:</em> Moody is banned</small></div><div class=""><small><em>Evasion Moves Clause:</em> Evasion moves are banned</small></div><div class=""><small><em>Endless Battle Clause:</em> Forcing endless battles is banned</small></div><div class=""><small><em>HP Percentage Mod:</em> HP is shown in percentages</small></div><div class=""><small><em>Swagger Clause:</em> Swagger is banned</small></div><div class=""><small><em>Baton Pass Clause:</em> Limit one Baton Passer, can't pass Spe and other stats simultaneously</small></div><div class="chat battle-history"><strong>xShirex's team:</strong> <em style="color:#445566;display:block;">Vileplume / Archeops / Gastrodon / Mesprit / Hitmonchan / Mismagius</em></div><div class="chat battle-history"><strong>FlameJumper's team:</strong> <em style="color:#445566;display:block;">Vivillon-Marine / Floatzel / Flareon / Golurk / Manectric / Malamar</em></div><div class="spacer battle-history"><br></div><div class="battle-history">Battle started between xShirex and FlameJumper!<br></div><div class="spacer battle-history"><br></div><div class="battle-history">Go! <strong>Archeops</strong>!<br></div><div class="spacer battle-history"><br></div><div class="battle-history">FlameJumper sent out Bluezz (<strong>Vivillon-Marine</strong>)!<br></div><div class="spacer battle-history"><br></div><h2 class="battle-history">Turn 1</h2><div class="spacer battle-history"><br></div><div class="battle-history">Archeops used <strong>Head Smash</strong>!<br></div><div class="battle-history"><small>It's super effective!</small><br></div><div class="battle-history"><small>The opposing Bluezz hung on using its Focus Sash!</small><br></div><div class="battle-history"><small>(The opposing Bluezz lost <abbr title="−301/302">99.7%</abbr> of its health!)</small><br></div><div class="battle-history"><small>Archeops is damaged by the recoil!</small><br></div><div class="spacer battle-history"><br></div><div class="battle-history">The opposing Bluezz used <strong>Sleep Powder</strong>!<br></div><div class="battle-history"><small>Archeops fell asleep!</small><br></div><div class="spacer battle-history"><br></div><h2 class="battle-history">Turn 2</h2><div class="spacer battle-history"><br></div><div class="battle-history">Archeops is fast asleep.<br></div><div class="spacer battle-history"><br></div><div class="battle-history">The opposing Bluezz used <strong>Quiver Dance</strong>!<br></div><div class="battle-history"><small>The opposing Bluezz's Special Attack rose!</small><br></div><div class="battle-history"><small>The opposing Bluezz's Special Defense rose!</small><br></div><div class="battle-history"><small>The opposing Bluezz's Speed rose!</small><br></div><div class="spacer battle-history"><br></div><h2 class="battle-history">Turn 3</h2><div class="spacer battle-history"><br></div><div class="battle-history">The opposing Bluezz used <strong>Psychic</strong>!<br></div><div class="battle-history"><small>(Archeops lost <abbr title="−140/291">48.1%</abbr> of its health!)</small><br></div><div class="spacer battle-history"><br></div><div class="battle-history">Archeops fainted!<br></div><div class="spacer battle-history"><br></div><div class="battle-history">Go! <strong>Hitmonchan</strong>!<br></div><div class="spacer battle-history"><br></div><h2 class="battle-history">Turn 4</h2><div class="spacer battle-history"><br></div><div class="battle-history">Hitmonchan used <strong>Mach Punch</strong>!<br></div><div class="battle-history"><small>It's not very effective...</small><br></div><div class="battle-history"><small>(The opposing Bluezz lost <abbr title="−1/302">0.3%</abbr> of its health!)</small><br></div><div class="battle-history"><small>Hitmonchan lost some of its HP!</small><br></div><div class="spacer battle-history"><br></div><div class="battle-history">The opposing Bluezz fainted!<br></div><div class="spacer battle-history"><br></div><div class="battle-history">FlameJumper sent out Ghosta (<strong>Golurk</strong>)!<br></div><div class="spacer battle-history"><br></div><h2 class="battle-history">Turn 5</h2><div class="spacer battle-history"><br></div><div class="battle-history">Hitmonchan, come back!<br></div><div class="battle-history">Go! <strong>Gastrodon</strong>!<br></div><div class="spacer battle-history"><br></div><div class="battle-history">The opposing Ghosta used <strong>Earthquake</strong>!<br></div><div class="battle-history"><small>(Gastrodon lost <abbr title="−184/426">43.2%</abbr> of its health!)</small><br></div><div class="spacer battle-history"><br></div><h2 class="battle-history">Turn 6</h2><div class="spacer battle-history"><br></div><div class="battle-history">The opposing Ghosta used <strong>Dynamic Punch</strong>!<br></div><div class="battle-history"><small>(Gastrodon lost <abbr title="−110/426">25.8%</abbr> of its health!)</small><br></div><div class="battle-history"><small>The opposing Ghosta was hurt by the Rocky Helmet!</small><br></div><div class="battle-history"><small>Gastrodon became confused!</small><br></div><div class="spacer battle-history"><br></div><div class="battle-history"><small>Gastrodon is confused!</small><br></div><div class="battle-history">It hurt itself in its confusion!<br></div><div class="spacer battle-history"><br></div><div class="battle-history"><small>The opposing Ghosta restored a little HP using its Leftovers!</small><br></div><div class="spacer battle-history"><br></div><h2 class="battle-history">Turn 7</h2><div class="spacer battle-history"><br></div><div class="battle-history">The opposing Ghosta used <strong>Earthquake</strong>!<br></div><div class="battle-history"><small>(Gastrodon lost <abbr title="−110/426">25.8%</abbr> of its health!)</small><br></div><div class="spacer battle-history"><br></div><div class="battle-history">Gastrodon fainted!<br></div><div class="spacer battle-history"><br></div><div class="battle-history"><small>The opposing Ghosta restored a little HP using its Leftovers!</small><br></div><div class="spacer battle-history"><br></div><div class="battle-history">Go! <strong>Mismagius</strong>!<br></div><div class="spacer battle-history"><br></div><h2 class="battle-history">Turn 8</h2><div class="spacer battle-history"><br></div><div class="battle-history">Mismagius used <strong>Shadow Ball</strong>!<br></div><div class="battle-history"><small>It's super effective!</small><br></div><div class="battle-history"><small>(The opposing Ghosta lost <abbr title="−344/382">90.1%</abbr> of its health!)</small><br></div><div class="spacer battle-history"><br></div><div class="battle-history">The opposing Ghosta used <strong>Ice Punch</strong>!<br></div><div class="battle-history"><small>(Mismagius lost <abbr title="−151/261">57.9%</abbr> of its health!)</small><br></div><div class="spacer battle-history"><br></div><div class="battle-history"><small>The opposing Ghosta restored a little HP using its Leftovers!</small><br></div><div class="spacer battle-history"><br></div><h2 class="battle-history">Turn 9</h2><div class="spacer battle-history"><br></div><div class="battle-history">Mismagius used <strong>Shadow Ball</strong>!<br></div><div class="battle-history"><small>It's super effective!</small><br></div><div class="battle-history"><small>(The opposing Ghosta lost <abbr title="−44/382">11.5%</abbr> of its health!)</small><br></div><div class="spacer battle-history"><br></div><div class="battle-history">The opposing Ghosta fainted!<br></div><div class="spacer battle-history"><br></div><div class="battle-history">FlameJumper sent out Dark Slasher (<strong>Malamar</strong>)!<br></div><div class="spacer battle-history"><br></div><h2 class="battle-history">Turn 10</h2><div class="spacer battle-history"><br></div><div class="battle-history">Mismagius, come back!<br></div><div class="battle-history">Go! <strong>Hitmonchan</strong>!<br></div><div class="spacer battle-history"><br></div><div class="battle-history">The opposing Dark Slasher used <strong>Foul Play</strong>!<br></div><div class="battle-history"><small>It's not very effective...</small><br></div><div class="battle-history"><small>(Hitmonchan lost <abbr title="−99/241">41.1%</abbr> of its health!)</small><br></div><div class="spacer battle-history"><br></div><h2 class="battle-history">Turn 11</h2><div class="chat chatmessage-flamejumper"><strong style="color:hsl(129,58%,34%)"><small>★</small><span class="username" data-name="FlameJumper">FlameJumper</span>:</strong> <em>!Stats Mismagius</em></div><div class="chat message-error">[outdated code no longer supported]</div><div class="spacer battle-history"><br></div><div class="battle-history">FlameJumper withdrew Dark Slasher!<br></div><div class="battle-history">FlameJumper sent out Floatzie (<strong>Floatzel</strong>)!<br></div><div class="spacer battle-history"><br></div><div class="battle-history">Hitmonchan used <strong>Mach Punch</strong>!<br></div><div class="battle-history"><small>A critical hit!</small><br></div><div class="battle-history"><small>(The opposing Floatzie lost <abbr title="−277/312">88.8%</abbr> of its health!)</small><br></div><div class="battle-history"><small>Hitmonchan lost some of its HP!</small><br></div><div class="spacer battle-history"><br></div><h2 class="battle-history">Turn 12</h2><div class="spacer battle-history"><br></div><div class="battle-history">Hitmonchan used <strong>Mach Punch</strong>!<br></div><div class="battle-history"><small>(The opposing Floatzie lost <abbr title="−35/312">11.2%</abbr> of its health!)</small><br></div><div class="battle-history"><small>Hitmonchan lost some of its HP!</small><br></div><div class="spacer battle-history"><br></div><div class="battle-history">The opposing Floatzie fainted!<br></div><div class="chat chatmessage-flamejumper"><strong style="color:hsl(129,58%,34%)"><small>★</small><span class="username" data-name="FlameJumper">FlameJumper</span>:</strong> <em>Bulshit!</em></div><div class="spacer battle-history"><br></div><div class="battle-history">FlameJumper sent out Charge (<strong>Flareon</strong>)!<br></div><div class="spacer battle-history"><br></div><h2 class="battle-history">Turn 13</h2><div class="spacer battle-history"><br></div><div class="battle-history">Hitmonchan used <strong>Drain Punch</strong>!<br></div><div class="battle-history"><small>(The opposing Charge lost <abbr title="−272/272">100%</abbr> of its health!)</small><br></div><div class="battle-history"><small>The opposing Charge had its energy drained!</small><br></div><div class="battle-history"><small>Hitmonchan lost some of its HP!</small><br></div><div class="spacer battle-history"><br></div><div class="battle-history">The opposing Charge fainted!<br></div><div class="spacer battle-history"><br></div><div class="battle-history">FlameJumper sent out Flash (<strong>Manectric</strong>)!<br></div><div class="spacer battle-history"><br></div><h2 class="battle-history">Turn 14</h2><div class="spacer battle-history"><br></div><div class="battle-history">Hitmonchan used <strong>Mach Punch</strong>!<br></div><div class="battle-history"><small>(The opposing Flash lost <abbr title="−149/282">52.8%</abbr> of its health!)</small><br></div><div class="battle-history"><small>Hitmonchan lost some of its HP!</small><br></div><div class="spacer battle-history"><br></div><div class="battle-history">The opposing Flash used <strong>Flamethrower</strong>!<br></div><div class="battle-history"><small>(Hitmonchan lost <abbr title="−89/241">36.9%</abbr> of its health!)</small><br></div><div class="spacer battle-history"><br></div><h2 class="battle-history">Turn 15</h2><div class="spacer battle-history"><br></div><div class="battle-history">Hitmonchan used <strong>Mach Punch</strong>!<br></div><div class="battle-history"><small>(The opposing Flash lost <abbr title="−133/282">47.2%</abbr> of its health!)</small><br></div><div class="battle-history"><small>Hitmonchan lost some of its HP!</small><br></div><div class="spacer battle-history"><br></div><div class="battle-history">The opposing Flash fainted!<br></div><div class="spacer battle-history"><br></div><div class="battle-history">FlameJumper sent out Dark Slasher (<strong>Malamar</strong>)!<br></div><div class="spacer battle-history"><br></div><h2 class="battle-history">Turn 16</h2><div class="spacer battle-history"><br></div><div class="battle-history">Hitmonchan used <strong>Mach Punch</strong>!<br></div><div class="battle-history"><small>(The opposing Dark Slasher lost <abbr title="−126/314">40.1%</abbr> of its health!)</small><br></div><div class="battle-history"><small>Hitmonchan lost some of its HP!</small><br></div><div class="spacer battle-history"><br></div><div class="battle-history">The opposing Dark Slasher used <strong>Foul Play</strong>!<br></div><div class="battle-history"><small>It's not very effective...</small><br></div><div class="battle-history"><small>A critical hit!</small><br></div><div class="battle-history"><small>(Hitmonchan lost <abbr title="−21/241">8.7%</abbr> of its health!)</small><br></div><div class="spacer battle-history"><br></div><div class="battle-history">Hitmonchan fainted!<br></div><div class="spacer battle-history"><br></div><div class="battle-history">Go! <strong>Vileplume</strong>!<br></div><div class="spacer battle-history"><br></div><h2 class="battle-history">Turn 17</h2><div class="spacer battle-history"><br></div><div class="battle-history">The opposing Dark Slasher used <strong>Foul Play</strong>!<br></div><div class="battle-history"><small>(Vileplume lost <abbr title="−85/342">24.9%</abbr> of its health!)</small><br></div><div class="battle-history"><small>[Vileplume's Effect Spore]</small><br><small>The opposing Dark Slasher was poisoned!</small><br></div><div class="spacer battle-history"><br></div><div class="battle-history">Vileplume used <strong>Sludge Bomb</strong>!<br></div><div class="battle-history"><small>(The opposing Dark Slasher lost <abbr title="−188/314">59.9%</abbr> of its health!)</small><br></div><div class="spacer battle-history"><br></div><div class="battle-history">The opposing Dark Slasher fainted!<br></div><div class="spacer battle-history"><br></div><div class="battle-history"><strong>xShirex</strong> won the battle!<br></div><div class="chat">xShirex's rating: 1086 → <strong>1117</strong><br>(+31 for winning)</div><div class="chat">FlameJumper's rating: 1132 → <strong>1104</strong><br>(-28 for losing)</div><div class="chat"><small>FlameJumper left.</small></div><div class="chat chatmessage-xshirex"><strong style="color:hsl(201,86%,37.54249434611847%)"><small>★</small><span class="username" data-name="xShirex">xShirex</span>:</strong> <em>gg</em></div></div><div class="inner-preempt"></div></div></div>
</div>
<script>
let daily = Math.floor(Date.now()/1000/60/60/24);document.write('<script src="https://play.pokemonshowdown.com/js/replay-embed.js?version'+daily+'"></'+'script>');
</script>
