<!DOCTYPE html>
<meta charset="utf-8" />
<!-- version 1 -->
<title>NU replay: lcezasfuck vs. yo!gi!o_o!</title>
<style>
html,body {font-family:Verdana, sans-serif;font-size:10pt;margin:0;padding:0;}body{padding:12px 0;} .battle-log {font-family:Verdana, sans-serif;font-size:10pt;} .battle-log-inline {border:1px solid #AAAAAA;background:#EEF2F5;color:black;max-width:640px;margin:0 auto 80px;padding-bottom:5px;} .battle-log .inner {padding:4px 8px 0px 8px;} .battle-log .inner-preempt {padding:0 8px 4px 8px;} .battle-log .inner-after {margin-top:0.5em;} .battle-log h2 {margin:0.5em -8px;padding:4px 8px;border:1px solid #AAAAAA;background:#E0E7EA;border-left:0;border-right:0;font-family:Verdana, sans-serif;font-size:13pt;} .battle-log .chat {vertical-align:middle;padding:3px 0 3px 0;font-size:8pt;} .battle-log .chat strong {color:#40576A;} .battle-log .chat em {padding:1px 4px 1px 3px;color:#000000;font-style:normal;} .chat.mine {background:rgba(0,0,0,0.05);margin-left:-8px;margin-right:-8px;padding-left:8px;padding-right:8px;} .spoiler {color:#BBBBBB;background:#BBBBBB;padding:0px 3px;} .spoiler:hover, .spoiler:active, .spoiler-shown {color:#000000;background:#E2E2E2;padding:0px 3px;} .spoiler a {color:#BBBBBB;} .spoiler:hover a, .spoiler:active a, .spoiler-shown a {color:#2288CC;} .chat code, .chat .spoiler:hover code, .chat .spoiler:active code, .chat .spoiler-shown code {border:1px solid #C0C0C0;background:#EEEEEE;color:black;padding:0 2px;} .chat .spoiler code {border:1px solid #CCCCCC;background:#CCCCCC;color:#CCCCCC;} .battle-log .rated {padding:3px 4px;} .battle-log .rated strong {color:white;background:#89A;padding:1px 4px;border-radius:4px;} .spacer {margin-top:0.5em;} .message-announce {background:#6688AA;color:white;padding:1px 4px 2px;} .message-announce a, .broadcast-green a, .broadcast-blue a, .broadcast-red a {color:#DDEEFF;} .broadcast-green {background-color:#559955;color:white;padding:2px 4px;} .broadcast-blue {background-color:#6688AA;color:white;padding:2px 4px;} .infobox {border:1px solid #6688AA;padding:2px 4px;} .infobox-limited {max-height:200px;overflow:auto;overflow-x:hidden;} .broadcast-red {background-color:#AA5544;color:white;padding:2px 4px;} .message-learn-canlearn {font-weight:bold;color:#228822;text-decoration:underline;} .message-learn-cannotlearn {font-weight:bold;color:#CC2222;text-decoration:underline;} .message-effect-weak {font-weight:bold;color:#CC2222;} .message-effect-resist {font-weight:bold;color:#6688AA;} .message-effect-immune {font-weight:bold;color:#666666;} .message-learn-list {margin-top:0;margin-bottom:0;} .message-throttle-notice, .message-error {color:#992222;} .message-overflow, .chat small.message-overflow {font-size:0pt;} .message-overflow::before {font-size:9pt;content:'...';} .subtle {color:#3A4A66;}
</style>
<div class="wrapper replay-wrapper" style="max-width:1180px;margin:0 auto">
<input type="hidden" name="replayid" value="nu-576215885" />
<div class="battle"></div><div class="battle-log"></div><div class="replay-controls"></div><div class="replay-controls-2"></div>
<h1 style="font-weight:normal;text-align:center"><strong>NU</strong><br /><a href="http://pokemonshowdown.com/users/lcezasfuck" class="subtle" target="_blank">lcezasfuck</a> vs. <a href="http://pokemonshowdown.com/users/yogioo" class="subtle" target="_blank">yo!gi!o_o!</a></h1>
<script type="text/plain" class="battle-log-data">|j|lcezasfuck
|j|yo!gi!o_o!
|player|p1|lcezasfuck|#teamrocket
|player|p2|yo!gi!o_o!|197
|gametype|singles
|gen|6
|tier|NU
|seed|25827,43946,14234,49945
|rule|Sleep Clause Mod: Limit one foe put to sleep
|rule|Species Clause: Limit one of each Pokémon
|rule|OHKO Clause: OHKO moves are banned
|rule|Moody Clause: Moody is banned
|rule|Evasion Moves Clause: Evasion moves are banned
|rule|Endless Battle Clause: Forcing endless battles is banned
|rule|HP Percentage Mod: HP is shown in percentages
|clearpoke
|poke|p1|Pelipper, F|item
|poke|p1|Ferroseed, M|item
|poke|p1|Miltank, F|item
|poke|p1|Scyther, M|item
|poke|p1|Swellow, M|item
|poke|p1|Misdreavus, F|item
|poke|p2|Scyther, M|item
|poke|p2|Pinsir, M|item
|poke|p2|Mesprit|item
|poke|p2|Miltank, F|item
|poke|p2|Hitmonchan, M|item
|poke|p2|Roselia, M|item
|rule|Swagger Clause: Swagger is banned
|rule|Baton Pass Clause: Limit one Baton Passer, can't pass Spe and other stats simultaneously
|teampreview
|c|☆yo!gi!o_o!|gluck
|choice|team 6, team 2, team 3, team 4, team 5, team 1|team 2, team 1, team 3, team 4, team 5, team 6
|
|start
|switch|p1a: Misdreavus|Misdreavus, F|324\/324
|switch|p2a: Pinsir|Pinsir, M|271\/271
|-ability|p2a: Pinsir|Mold Breaker
|turn|1
|choice|move willowisp|switch 6
|
|switch|p2a: Roselia|Roselia, M|304\/304
|move|p1a: Misdreavus|Will-O-Wisp|p2a: Roselia
|-status|p2a: Roselia|brn
|
|-damage|p2a: Roselia|266\/304 brn|[from] brn
|upkeep
|turn|2
|choice|move taunt|move gigadrain
|
|move|p1a: Misdreavus|Taunt|p2a: Roselia
|-start|p2a: Roselia|move: Taunt
|move|p2a: Roselia|Giga Drain|p1a: Misdreavus
|-damage|p1a: Misdreavus|272\/324
|-heal|p2a: Roselia|292\/304 brn|[from] drain|[of] p1a: Misdreavus
|
|-damage|p2a: Roselia|254\/304 brn|[from] brn
|upkeep
|turn|3
|choice|move hex|move sludgebomb
|
|move|p1a: Misdreavus|Hex|p2a: Roselia
|-damage|p2a: Roselia|173\/304 brn
|move|p2a: Roselia|Sludge Bomb|p1a: Misdreavus
|-resisted|p1a: Misdreavus
|-damage|p1a: Misdreavus|240\/324
|
|-damage|p2a: Roselia|135\/304 brn|[from] brn
|upkeep
|turn|4
|choice|move hex|switch 4
|
|-curestatus|p2a: Roselia|brn|[from] ability: Natural Cure
|switch|p2a: Miltank|Miltank, F|394\/394
|move|p1a: Misdreavus|Hex|p2a: Miltank
|-immune|p2a: Miltank|[msg]
|
|upkeep
|turn|5
|choice|move willowisp|move thunderwave
|
|move|p2a: Miltank|Thunder Wave|p1a: Misdreavus
|-status|p1a: Misdreavus|par
|cant|p1a: Misdreavus|par
|
|upkeep
|turn|6
|choice|switch 5|move stealthrock
|
|switch|p1a: Swellow|Swellow, M|261\/261
|move|p2a: Miltank|Stealth Rock|p1a: Swellow
|-sidestart|p1: lcezasfuck|move: Stealth Rock
|
|upkeep
|turn|7
|choice|move uturn|move thunderwave
|
|move|p1a: Swellow|U-turn|p2a: Miltank
|-damage|p2a: Miltank|359\/394
|choice|switch 6|
|
|switch|p1a: Pelipper|Pelipper, F|324\/324
|-damage|p1a: Pelipper|243\/324|[from] stealthrock
|move|p2a: Miltank|Thunder Wave|p1a: Pelipper
|-status|p1a: Pelipper|par
|
|-heal|p2a: Miltank|383\/394|[from] item: Leftovers
|-heal|p1a: Pelipper|263\/324 par|[from] item: Leftovers
|upkeep
|turn|8
|choice|move defog|switch 3
|
|switch|p2a: Mesprit|Mesprit|301\/301
|move|p1a: Pelipper|Defog|p2a: Mesprit
|-unboost|p2a: Mesprit|evasion|1
|-sideend|p1: lcezasfuck|stealthrock|[from] move: Defog|[of] p1a: Pelipper
|
|-heal|p1a: Pelipper|283\/324 par|[from] item: Leftovers
|upkeep
|turn|9
|choice|switch 3|move psychic
|
|switch|p1a: Miltank|Miltank, F|394\/394
|move|p2a: Mesprit|Psychic|p1a: Miltank
|-damage|p1a: Miltank|214\/394
|
|-heal|p1a: Miltank|238\/394|[from] item: Leftovers
|upkeep
|turn|10
|choice|move milkdrink|switch 5
|
|switch|p2a: Hitmonchan|Hitmonchan, M|303\/303
|move|p1a: Miltank|Milk Drink|p1a: Miltank
|-heal|p1a: Miltank|394\/394
|
|upkeep
|turn|11
|choice|move healbell|move drainpunch
|
|move|p1a: Miltank|Heal Bell|p1a: Miltank
|-activate|p1a: Miltank|move: Heal Bell
|-curestatus|p1: Pelipper|par|[msg]
|-curestatus|p1: Misdreavus|par|[msg]
|move|p2a: Hitmonchan|Drain Punch|p1a: Miltank
|-supereffective|p1a: Miltank
|-damage|p1a: Miltank|98\/394
|
|-heal|p1a: Miltank|122\/394|[from] item: Leftovers
|upkeep
|turn|12
|choice|switch 5|move icepunch
|
|switch|p1a: Misdreavus|Misdreavus, F|240\/324
|move|p2a: Hitmonchan|Ice Punch|p1a: Misdreavus
|-damage|p1a: Misdreavus|147\/324
|
|upkeep
|turn|13
|choice|move willowisp|switch 5
|
|switch|p2a: Mesprit|Mesprit|301\/301
|move|p1a: Misdreavus|Will-O-Wisp|p2a: Mesprit
|-status|p2a: Mesprit|brn
|
|-damage|p2a: Mesprit|264\/301 brn|[from] brn
|upkeep
|turn|14
|choice|switch 2|move shadowball
|
|switch|p1a: Ferroseed|Ferroseed, M|292\/292
|move|p2a: Mesprit|Shadow Ball|p1a: Ferroseed
|-damage|p1a: Ferroseed|198\/292
|
|-damage|p2a: Mesprit|227\/301 brn|[from] brn
|upkeep
|turn|15
|choice|move thunderwave|switch 4
|
|switch|p2a: Roselia|Roselia, M|135\/304
|move|p1a: Ferroseed|Thunder Wave|p2a: Roselia
|-status|p2a: Roselia|par
|
|upkeep
|turn|16
|choice|switch 5|move spikes
|
|switch|p1a: Miltank|Miltank, F|122\/394
|cant|p2a: Roselia|par
|
|-heal|p1a: Miltank|146\/394|[from] item: Leftovers
|upkeep
|turn|17
|choice|move stealthrock|move sludgebomb
|
|move|p1a: Miltank|Stealth Rock|p2a: Roselia
|-sidestart|p2: yo!gi!o_o!|move: Stealth Rock
|cant|p2a: Roselia|par
|
|-heal|p1a: Miltank|170\/394|[from] item: Leftovers
|upkeep
|turn|18
|choice|move milkdrink|move sludgebomb
|
|move|p1a: Miltank|Milk Drink|p1a: Miltank
|-heal|p1a: Miltank|367\/394
|move|p2a: Roselia|Sludge Bomb|p1a: Miltank
|-damage|p1a: Miltank|264\/394
|
|-heal|p1a: Miltank|288\/394|[from] item: Leftovers
|upkeep
|turn|19
|choice|move bodyslam|move spikes
|
|move|p1a: Miltank|Body Slam|p2a: Roselia
|-damage|p2a: Roselia|33\/304 par
|cant|p2a: Roselia|par
|
|-heal|p1a: Miltank|312\/394|[from] item: Leftovers
|upkeep
|turn|20
|choice|move bodyslam|switch 4
|
|-curestatus|p2a: Roselia|par|[from] ability: Natural Cure
|switch|p2a: Mesprit|Mesprit|227\/301 brn
|-damage|p2a: Mesprit|190\/301 brn|[from] stealthrock
|move|p1a: Miltank|Body Slam|p2a: Mesprit
|-damage|p2a: Mesprit|106\/301 brn
|
|-heal|p1a: Miltank|336\/394|[from] item: Leftovers
|-damage|p2a: Mesprit|69\/301 brn|[from] brn
|upkeep
|turn|21
|choice|move milkdrink|move psychic
|
|move|p2a: Mesprit|Psychic|p1a: Miltank
|-damage|p1a: Miltank|165\/394
|move|p1a: Miltank|Milk Drink|p1a: Miltank
|-heal|p1a: Miltank|362\/394
|
|-heal|p1a: Miltank|386\/394|[from] item: Leftovers
|-damage|p2a: Mesprit|32\/301 brn|[from] brn
|upkeep
|turn|22
|choice|switch 5|switch 5
|
|switch|p2a: Hitmonchan|Hitmonchan, M|303\/303
|-damage|p2a: Hitmonchan|285\/303|[from] stealthrock
|switch|p1a: Ferroseed|Ferroseed, M|198\/292
|
|upkeep
|turn|23
|choice|move thunderwave|move drainpunch
|
|move|p2a: Hitmonchan|Drain Punch|p1a: Ferroseed
|-supereffective|p1a: Ferroseed
|-damage|p1a: Ferroseed|46\/292
|-heal|p2a: Hitmonchan|303\/303|[from] drain|[of] p1a: Ferroseed
|-damage|p2a: Hitmonchan|266\/303|[from] ability: Iron Barbs|[of] p1a: Ferroseed
|move|p1a: Ferroseed|Thunder Wave|p2a: Hitmonchan
|-status|p2a: Hitmonchan|par
|
|upkeep
|turn|24
|choice|move leechseed|move icepunch
|
|move|p1a: Ferroseed|Leech Seed|p2a: Hitmonchan
|-start|p2a: Hitmonchan|move: Leech Seed
|move|p2a: Hitmonchan|Ice Punch|p1a: Ferroseed
|-damage|p1a: Ferroseed|0 fnt
|-damage|p2a: Hitmonchan|229\/303 par|[from] ability: Iron Barbs|[of] p1a: Ferroseed
|faint|p1a: Ferroseed
|
|upkeep
|choice|switch 4|
|
|switch|p1a: Scyther|Scyther, M|281\/281
|turn|25
|choice|move swordsdance|switch 4
|
|switch|p2a: Roselia|Roselia, M|33\/304
|-damage|p2a: Roselia|0 fnt|[from] stealthrock
|faint|p2a: Roselia
|move|p1a: Scyther|Swords Dance|p1a: Scyther
|-boost|p1a: Scyther|atk|2
|
|upkeep
|choice||switch 6
|
|switch|p2a: Pinsir|Pinsir, M|271\/271
|-damage|p2a: Pinsir|204\/271|[from] stealthrock
|-ability|p2a: Pinsir|Mold Breaker
|turn|26
|c|☆yo!gi!o_o!|gg
|c|☆lcezasfuck|really?
|choice|switch 5|move stoneedge
|
|switch|p1a: Miltank|Miltank, F|386\/394
|move|p2a: Pinsir|Stone Edge|p1a: Miltank
|-damage|p1a: Miltank|281\/394
|
|-heal|p1a: Miltank|305\/394|[from] item: Leftovers
|upkeep
|turn|27
|choice|move bodyslam|switch 4
|
|switch|p2a: Hitmonchan|Hitmonchan, M|229\/303 par
|-damage|p2a: Hitmonchan|211\/303 par|[from] stealthrock
|move|p1a: Miltank|Body Slam|p2a: Hitmonchan
|-damage|p2a: Hitmonchan|117\/303 par
|
|-heal|p1a: Miltank|329\/394|[from] item: Leftovers
|upkeep
|turn|28
|choice|switch 5|move icepunch
|
|switch|p1a: Scyther|Scyther, M|281\/281
|move|p2a: Hitmonchan|Ice Punch|p1a: Scyther
|-supereffective|p1a: Scyther
|-damage|p1a: Scyther|117\/281
|
|upkeep
|turn|29
|choice|move roost|switch 5
|
|switch|p2a: Mesprit|Mesprit|32\/301 brn
|-damage|p2a: Mesprit|0 fnt|[from] stealthrock
|faint|p2a: Mesprit
|move|p1a: Scyther|Roost|p1a: Scyther
|-heal|p1a: Scyther|258\/281
|
|upkeep
|c|☆lcezasfuck|Ypour predict is too good
|choice||switch 4
|
|switch|p2a: Pinsir|Pinsir, M|204\/271
|-damage|p2a: Pinsir|137\/271|[from] stealthrock
|-ability|p2a: Pinsir|Mold Breaker
|turn|30
|choice|switch 3|move stoneedge
|
|switch|p1a: Pelipper|Pelipper, F|283\/324
|move|p2a: Pinsir|Stone Edge|p1a: Pelipper|[miss]
|-miss|p2a: Pinsir|p1a: Pelipper
|
|-heal|p1a: Pelipper|303\/324|[from] item: Leftovers
|upkeep
|turn|31
|choice|move scald|switch 3
|
|switch|p2a: Miltank|Miltank, F|383\/394
|-damage|p2a: Miltank|334\/394|[from] stealthrock
|move|p1a: Pelipper|Scald|p2a: Miltank
|-damage|p2a: Miltank|252\/394
|
|-heal|p2a: Miltank|276\/394|[from] item: Leftovers
|-heal|p1a: Pelipper|323\/324|[from] item: Leftovers
|upkeep
|turn|32
|choice|move toxic|move stealthrock
|
|move|p2a: Miltank|Stealth Rock|p1a: Pelipper
|-sidestart|p1: lcezasfuck|move: Stealth Rock
|move|p1a: Pelipper|Toxic|p2a: Miltank
|-status|p2a: Miltank|tox
|
|-heal|p2a: Miltank|300\/394 tox|[from] item: Leftovers
|-heal|p1a: Pelipper|324\/324|[from] item: Leftovers
|-damage|p2a: Miltank|276\/394 tox|[from] psn
|upkeep
|turn|33
|choice|move defog|move thunderwave
|
|move|p2a: Miltank|Thunder Wave|p1a: Pelipper
|-status|p1a: Pelipper|par
|move|p1a: Pelipper|Defog|p2a: Miltank
|-unboost|p2a: Miltank|evasion|1
|-sideend|p2: yo!gi!o_o!|stealthrock|[from] move: Defog|[of] p2a: Miltank
|-sideend|p1: lcezasfuck|stealthrock|[from] move: Defog|[of] p1a: Pelipper
|
|-heal|p2a: Miltank|300\/394 tox|[from] item: Leftovers
|-damage|p2a: Miltank|252\/394 tox|[from] psn
|upkeep
|turn|34
|-message|yo!gi!o_o! forfeited.
|
|win|lcezasfuck
|l|yo!gi!o_o!</script>
</div>
<div class="battle-log battle-log-inline"><div class="inner"><div class="battle-options"></div><div class="inner"><div class="chat"><small>lcezasfuck joined.</small></div><div class="chat"><small>yo!gi!o_o! joined.</small></div><div class=""><small>Format:</small> <br><strong>NU</strong></div><div class=""><small><em>Sleep Clause Mod:</em> Limit one foe put to sleep</small></div><div class=""><small><em>Species Clause:</em> Limit one of each Pokémon</small></div><div class=""><small><em>OHKO Clause:</em> OHKO moves are banned</small></div><div class=""><small><em>Moody Clause:</em> Moody is banned</small></div><div class=""><small><em>Evasion Moves Clause:</em> Evasion moves are banned</small></div><div class=""><small><em>Endless Battle Clause:</em> Forcing endless battles is banned</small></div><div class=""><small><em>HP Percentage Mod:</em> HP is shown in percentages</small></div><div class=""><small><em>Swagger Clause:</em> Swagger is banned</small></div><div class=""><small><em>Baton Pass Clause:</em> Limit one Baton Passer, can't pass Spe and other stats simultaneously</small></div><div class="chat battle-history"><strong>lcezasfuck's team:</strong> <em style="color:#445566;display:block;">Pelipper / Ferroseed / Miltank / Scyther / Swellow / Misdreavus</em></div><div class="chat battle-history"><strong>yo!gi!o_o!'s team:</strong> <em style="color:#445566;display:block;">Scyther / Pinsir / Mesprit / Miltank / Hitmonchan / Roselia</em></div><div class="chat chatmessage-yogioo"><strong style="color:hsl(113,89%,34.63407077469547%)"><small>☆</small><span class="username" data-name="yo!gi!o_o!">yo!gi!o_o!</span>:</strong> <em>gluck</em></div><div class="spacer battle-history"><br></div><div class="battle-history">Battle started between lcezasfuck and yo!gi!o_o!!<br></div><div class="spacer battle-history"><br></div><div class="battle-history">Go! <strong>Misdreavus</strong>!<br></div><div class="spacer battle-history"><br></div><div class="battle-history">yo!gi!o_o! sent out <strong>Pinsir</strong>!<br></div><div class="battle-history"><small>[The opposing Pinsir's Mold Breaker]</small><br><small>The opposing Pinsir breaks the mold!</small><br></div><div class="spacer battle-history"><br></div><h2 class="battle-history">Turn 1</h2><div class="spacer battle-history"><br></div><div class="battle-history">yo!gi!o_o! withdrew Pinsir!<br></div><div class="battle-history">yo!gi!o_o! sent out <strong>Roselia</strong>!<br></div><div class="spacer battle-history"><br></div><div class="battle-history">Misdreavus used <strong>Will-O-Wisp</strong>!<br></div><div class="battle-history"><small>The opposing Roselia was burned!</small><br></div><div class="spacer battle-history"><br></div><div class="battle-history"><small>The opposing Roselia was hurt by its burn!</small><br></div><div class="spacer battle-history"><br></div><h2 class="battle-history">Turn 2</h2><div class="spacer battle-history"><br></div><div class="battle-history">Misdreavus used <strong>Taunt</strong>!<br></div><div class="battle-history"><small>The opposing Roselia fell for the taunt!</small><br></div><div class="spacer battle-history"><br></div><div class="battle-history">The opposing Roselia used <strong>Giga Drain</strong>!<br></div><div class="battle-history"><small>(Misdreavus lost <abbr title="−52/324">16.0%</abbr> of its health!)</small><br></div><div class="battle-history"><small>Misdreavus had its energy drained!</small><br></div><div class="spacer battle-history"><br></div><div class="battle-history"><small>The opposing Roselia was hurt by its burn!</small><br></div><div class="spacer battle-history"><br></div><h2 class="battle-history">Turn 3</h2><div class="spacer battle-history"><br></div><div class="battle-history">Misdreavus used <strong>Hex</strong>!<br></div><div class="battle-history"><small>(The opposing Roselia lost <abbr title="−81/304">26.6%</abbr> of its health!)</small><br></div><div class="spacer battle-history"><br></div><div class="battle-history">The opposing Roselia used <strong>Sludge Bomb</strong>!<br></div><div class="battle-history"><small>It's not very effective...</small><br></div><div class="battle-history"><small>(Misdreavus lost <abbr title="−32/324">9.9%</abbr> of its health!)</small><br></div><div class="spacer battle-history"><br></div><div class="battle-history"><small>The opposing Roselia was hurt by its burn!</small><br></div><div class="spacer battle-history"><br></div><h2 class="battle-history">Turn 4</h2><div class="spacer battle-history"><br></div><div class="battle-history"><small>(The opposing Roselia is cured by its Natural Cure!)</small><br></div><div class="battle-history">yo!gi!o_o! withdrew Roselia!<br></div><div class="battle-history">yo!gi!o_o! sent out <strong>Miltank</strong>!<br></div><div class="spacer battle-history"><br></div><div class="battle-history">Misdreavus used <strong>Hex</strong>!<br></div><div class="battle-history"><small>It doesn't affect the opposing Miltank...</small><br></div><div class="spacer battle-history"><br></div><h2 class="battle-history">Turn 5</h2><div class="spacer battle-history"><br></div><div class="battle-history">The opposing Miltank used <strong>Thunder Wave</strong>!<br></div><div class="battle-history"><small>Misdreavus is paralyzed! It may be unable to move!</small><br></div><div class="spacer battle-history"><br></div><div class="battle-history">Misdreavus is paralyzed! It can't move!<br></div><div class="spacer battle-history"><br></div><h2 class="battle-history">Turn 6</h2><div class="spacer battle-history"><br></div><div class="battle-history">Misdreavus, come back!<br></div><div class="battle-history">Go! <strong>Swellow</strong>!<br></div><div class="spacer battle-history"><br></div><div class="battle-history">The opposing Miltank used <strong>Stealth Rock</strong>!<br></div><div class="battle-history"><small>Pointed stones float in the air around your team!</small><br></div><div class="spacer battle-history"><br></div><h2 class="battle-history">Turn 7</h2><div class="spacer battle-history"><br></div><div class="battle-history">Swellow used <strong>U-turn</strong>!<br></div><div class="battle-history"><small>(The opposing Miltank lost <abbr title="−35/394">8.9%</abbr> of its health!)</small><br></div><div class="spacer battle-history"><br></div><div class="battle-history">Swellow went back to lcezasfuck!<br></div><div class="battle-history">Go! <strong>Pelipper</strong>!<br></div><div class="battle-history"><small>Pointed stones dug into Pelipper!</small><br></div><div class="spacer battle-history"><br></div><div class="battle-history">The opposing Miltank used <strong>Thunder Wave</strong>!<br></div><div class="battle-history"><small>Pelipper is paralyzed! It may be unable to move!</small><br></div><div class="spacer battle-history"><br></div><div class="battle-history"><small>The opposing Miltank restored a little HP using its Leftovers!</small><br></div><div class="battle-history"><small>Pelipper restored a little HP using its Leftovers!</small><br></div><div class="spacer battle-history"><br></div><h2 class="battle-history">Turn 8</h2><div class="spacer battle-history"><br></div><div class="battle-history">yo!gi!o_o! withdrew Miltank!<br></div><div class="battle-history">yo!gi!o_o! sent out <strong>Mesprit</strong>!<br></div><div class="spacer battle-history"><br></div><div class="battle-history">Pelipper used <strong>Defog</strong>!<br></div><div class="battle-history"><small>The opposing Mesprit's evasiveness fell!</small><br></div><div class="battle-history"><small>The pointed stones disappeared from around your team!</small><br></div><div class="spacer battle-history"><br></div><div class="battle-history"><small>Pelipper restored a little HP using its Leftovers!</small><br></div><div class="spacer battle-history"><br></div><h2 class="battle-history">Turn 9</h2><div class="spacer battle-history"><br></div><div class="battle-history">Pelipper, come back!<br></div><div class="battle-history">Go! <strong>Miltank</strong>!<br></div><div class="spacer battle-history"><br></div><div class="battle-history">The opposing Mesprit used <strong>Psychic</strong>!<br></div><div class="battle-history"><small>(Miltank lost <abbr title="−180/394">45.7%</abbr> of its health!)</small><br></div><div class="spacer battle-history"><br></div><div class="battle-history"><small>Miltank restored a little HP using its Leftovers!</small><br></div><div class="spacer battle-history"><br></div><h2 class="battle-history">Turn 10</h2><div class="spacer battle-history"><br></div><div class="battle-history">yo!gi!o_o! withdrew Mesprit!<br></div><div class="battle-history">yo!gi!o_o! sent out <strong>Hitmonchan</strong>!<br></div><div class="spacer battle-history"><br></div><div class="battle-history">Miltank used <strong>Milk Drink</strong>!<br></div><div class="battle-history"><small>Miltank restored its HP.</small><br></div><div class="spacer battle-history"><br></div><h2 class="battle-history">Turn 11</h2><div class="spacer battle-history"><br></div><div class="battle-history">Miltank used <strong>Heal Bell</strong>!<br></div><div class="battle-history"><small>A bell chimed!</small><br></div><div class="battle-history"><small>Pelipper was cured of paralysis.</small><br></div><div class="battle-history"><small>Misdreavus was cured of paralysis.</small><br></div><div class="spacer battle-history"><br></div><div class="battle-history">The opposing Hitmonchan used <strong>Drain Punch</strong>!<br></div><div class="battle-history"><small>It's super effective!</small><br></div><div class="battle-history"><small>(Miltank lost <abbr title="−296/394">75.1%</abbr> of its health!)</small><br></div><div class="spacer battle-history"><br></div><div class="battle-history"><small>Miltank restored a little HP using its Leftovers!</small><br></div><div class="spacer battle-history"><br></div><h2 class="battle-history">Turn 12</h2><div class="spacer battle-history"><br></div><div class="battle-history">Miltank, come back!<br></div><div class="battle-history">Go! <strong>Misdreavus</strong>!<br></div><div class="spacer battle-history"><br></div><div class="battle-history">The opposing Hitmonchan used <strong>Ice Punch</strong>!<br></div><div class="battle-history"><small>(Misdreavus lost <abbr title="−93/324">28.7%</abbr> of its health!)</small><br></div><div class="spacer battle-history"><br></div><h2 class="battle-history">Turn 13</h2><div class="spacer battle-history"><br></div><div class="battle-history">yo!gi!o_o! withdrew Hitmonchan!<br></div><div class="battle-history">yo!gi!o_o! sent out <strong>Mesprit</strong>!<br></div><div class="spacer battle-history"><br></div><div class="battle-history">Misdreavus used <strong>Will-O-Wisp</strong>!<br></div><div class="battle-history"><small>The opposing Mesprit was burned!</small><br></div><div class="spacer battle-history"><br></div><div class="battle-history"><small>The opposing Mesprit was hurt by its burn!</small><br></div><div class="spacer battle-history"><br></div><h2 class="battle-history">Turn 14</h2><div class="spacer battle-history"><br></div><div class="battle-history">Misdreavus, come back!<br></div><div class="battle-history">Go! <strong>Ferroseed</strong>!<br></div><div class="spacer battle-history"><br></div><div class="battle-history">The opposing Mesprit used <strong>Shadow Ball</strong>!<br></div><div class="battle-history"><small>(Ferroseed lost <abbr title="−94/292">32.2%</abbr> of its health!)</small><br></div><div class="spacer battle-history"><br></div><div class="battle-history"><small>The opposing Mesprit was hurt by its burn!</small><br></div><div class="spacer battle-history"><br></div><h2 class="battle-history">Turn 15</h2><div class="spacer battle-history"><br></div><div class="battle-history">yo!gi!o_o! withdrew Mesprit!<br></div><div class="battle-history">yo!gi!o_o! sent out <strong>Roselia</strong>!<br></div><div class="spacer battle-history"><br></div><div class="battle-history">Ferroseed used <strong>Thunder Wave</strong>!<br></div><div class="battle-history"><small>The opposing Roselia is paralyzed! It may be unable to move!</small><br></div><div class="spacer battle-history"><br></div><h2 class="battle-history">Turn 16</h2><div class="spacer battle-history"><br></div><div class="battle-history">Ferroseed, come back!<br></div><div class="battle-history">Go! <strong>Miltank</strong>!<br></div><div class="spacer battle-history"><br></div><div class="battle-history">The opposing Roselia is paralyzed! It can't move!<br></div><div class="spacer battle-history"><br></div><div class="battle-history"><small>Miltank restored a little HP using its Leftovers!</small><br></div><div class="spacer battle-history"><br></div><h2 class="battle-history">Turn 17</h2><div class="spacer battle-history"><br></div><div class="battle-history">Miltank used <strong>Stealth Rock</strong>!<br></div><div class="battle-history"><small>Pointed stones float in the air around the opposing team!</small><br></div><div class="spacer battle-history"><br></div><div class="battle-history">The opposing Roselia is paralyzed! It can't move!<br></div><div class="spacer battle-history"><br></div><div class="battle-history"><small>Miltank restored a little HP using its Leftovers!</small><br></div><div class="spacer battle-history"><br></div><h2 class="battle-history">Turn 18</h2><div class="spacer battle-history"><br></div><div class="battle-history">Miltank used <strong>Milk Drink</strong>!<br></div><div class="battle-history"><small>Miltank restored its HP.</small><br></div><div class="spacer battle-history"><br></div><div class="battle-history">The opposing Roselia used <strong>Sludge Bomb</strong>!<br></div><div class="battle-history"><small>(Miltank lost <abbr title="−103/394">26.1%</abbr> of its health!)</small><br></div><div class="spacer battle-history"><br></div><div class="battle-history"><small>Miltank restored a little HP using its Leftovers!</small><br></div><div class="spacer battle-history"><br></div><h2 class="battle-history">Turn 19</h2><div class="spacer battle-history"><br></div><div class="battle-history">Miltank used <strong>Body Slam</strong>!<br></div><div class="battle-history"><small>(The opposing Roselia lost <abbr title="−102/304">33.6%</abbr> of its health!)</small><br></div><div class="spacer battle-history"><br></div><div class="battle-history">The opposing Roselia is paralyzed! It can't move!<br></div><div class="spacer battle-history"><br></div><div class="battle-history"><small>Miltank restored a little HP using its Leftovers!</small><br></div><div class="spacer battle-history"><br></div><h2 class="battle-history">Turn 20</h2><div class="spacer battle-history"><br></div><div class="battle-history"><small>(The opposing Roselia is cured by its Natural Cure!)</small><br></div><div class="battle-history">yo!gi!o_o! withdrew Roselia!<br></div><div class="battle-history">yo!gi!o_o! sent out <strong>Mesprit</strong>!<br></div><div class="battle-history"><small>Pointed stones dug into the opposing Mesprit!</small><br></div><div class="spacer battle-history"><br></div><div class="battle-history">Miltank used <strong>Body Slam</strong>!<br></div><div class="battle-history"><small>(The opposing Mesprit lost <abbr title="−84/301">27.9%</abbr> of its health!)</small><br></div><div class="spacer battle-history"><br></div><div class="battle-history"><small>Miltank restored a little HP using its Leftovers!</small><br></div><div class="battle-history"><small>The opposing Mesprit was hurt by its burn!</small><br></div><div class="spacer battle-history"><br></div><h2 class="battle-history">Turn 21</h2><div class="spacer battle-history"><br></div><div class="battle-history">The opposing Mesprit used <strong>Psychic</strong>!<br></div><div class="battle-history"><small>(Miltank lost <abbr title="−171/394">43.4%</abbr> of its health!)</small><br></div><div class="spacer battle-history"><br></div><div class="battle-history">Miltank used <strong>Milk Drink</strong>!<br></div><div class="battle-history"><small>Miltank restored its HP.</small><br></div><div class="spacer battle-history"><br></div><div class="battle-history"><small>Miltank restored a little HP using its Leftovers!</small><br></div><div class="battle-history"><small>The opposing Mesprit was hurt by its burn!</small><br></div><div class="spacer battle-history"><br></div><h2 class="battle-history">Turn 22</h2><div class="spacer battle-history"><br></div><div class="battle-history">yo!gi!o_o! withdrew Mesprit!<br></div><div class="battle-history">yo!gi!o_o! sent out <strong>Hitmonchan</strong>!<br></div><div class="battle-history"><small>Pointed stones dug into the opposing Hitmonchan!</small><br></div><div class="spacer battle-history"><br></div><div class="battle-history">Miltank, come back!<br></div><div class="battle-history">Go! <strong>Ferroseed</strong>!<br></div><div class="spacer battle-history"><br></div><h2 class="battle-history">Turn 23</h2><div class="spacer battle-history"><br></div><div class="battle-history">The opposing Hitmonchan used <strong>Drain Punch</strong>!<br></div><div class="battle-history"><small>It's super effective!</small><br></div><div class="battle-history"><small>(Ferroseed lost <abbr title="−152/292">52.1%</abbr> of its health!)</small><br></div><div class="battle-history"><small>Ferroseed had its energy drained!</small><br></div><div class="battle-history"><small>[Ferroseed's Iron Barbs]</small><br><small>The opposing Hitmonchan was hurt!</small><br></div><div class="spacer battle-history"><br></div><div class="battle-history">Ferroseed used <strong>Thunder Wave</strong>!<br></div><div class="battle-history"><small>The opposing Hitmonchan is paralyzed! It may be unable to move!</small><br></div><div class="spacer battle-history"><br></div><h2 class="battle-history">Turn 24</h2><div class="spacer battle-history"><br></div><div class="battle-history">Ferroseed used <strong>Leech Seed</strong>!<br></div><div class="battle-history"><small>The opposing Hitmonchan was seeded!</small><br></div><div class="spacer battle-history"><br></div><div class="battle-history">The opposing Hitmonchan used <strong>Ice Punch</strong>!<br></div><div class="battle-history"><small>(Ferroseed lost <abbr title="−46/292">15.8%</abbr> of its health!)</small><br></div><div class="battle-history"><small>[Ferroseed's Iron Barbs]</small><br><small>The opposing Hitmonchan was hurt!</small><br></div><div class="spacer battle-history"><br></div><div class="battle-history">Ferroseed fainted!<br></div><div class="spacer battle-history"><br></div><div class="battle-history">Go! <strong>Scyther</strong>!<br></div><div class="spacer battle-history"><br></div><h2 class="battle-history">Turn 25</h2><div class="spacer battle-history"><br></div><div class="battle-history">yo!gi!o_o! withdrew Hitmonchan!<br></div><div class="battle-history">yo!gi!o_o! sent out <strong>Roselia</strong>!<br></div><div class="battle-history"><small>Pointed stones dug into the opposing Roselia!</small><br></div><div class="spacer battle-history"><br></div><div class="battle-history">The opposing Roselia fainted!<br></div><div class="battle-history">Scyther used <strong>Swords Dance</strong>!<br></div><div class="battle-history"><small>Scyther's Attack rose sharply!</small><br></div><div class="spacer battle-history"><br></div><div class="battle-history">yo!gi!o_o! sent out <strong>Pinsir</strong>!<br></div><div class="battle-history"><small>Pointed stones dug into the opposing Pinsir!</small><br></div><div class="battle-history"><small>[The opposing Pinsir's Mold Breaker]</small><br><small>The opposing Pinsir breaks the mold!</small><br></div><div class="spacer battle-history"><br></div><h2 class="battle-history">Turn 26</h2><div class="chat chatmessage-yogioo"><strong style="color:hsl(113,89%,34.63407077469547%)"><small>☆</small><span class="username" data-name="yo!gi!o_o!">yo!gi!o_o!</span>:</strong> <em>gg</em></div><div class="chat chatmessage-lcezasfuck"><strong style="color:hsl(63,60%,38.09380051909%)"><small>☆</small><span class="username" data-name="lcezasfuck">lcezasfuck</span>:</strong> <em>really?</em></div><div class="spacer battle-history"><br></div><div class="battle-history">Scyther, come back!<br></div><div class="battle-history">Go! <strong>Miltank</strong>!<br></div><div class="spacer battle-history"><br></div><div class="battle-history">The opposing Pinsir used <strong>Stone Edge</strong>!<br></div><div class="battle-history"><small>(Miltank lost <abbr title="−105/394">26.6%</abbr> of its health!)</small><br></div><div class="spacer battle-history"><br></div><div class="battle-history"><small>Miltank restored a little HP using its Leftovers!</small><br></div><div class="spacer battle-history"><br></div><h2 class="battle-history">Turn 27</h2><div class="spacer battle-history"><br></div><div class="battle-history">yo!gi!o_o! withdrew Pinsir!<br></div><div class="battle-history">yo!gi!o_o! sent out <strong>Hitmonchan</strong>!<br></div><div class="battle-history"><small>Pointed stones dug into the opposing Hitmonchan!</small><br></div><div class="spacer battle-history"><br></div><div class="battle-history">Miltank used <strong>Body Slam</strong>!<br></div><div class="battle-history"><small>(The opposing Hitmonchan lost <abbr title="−94/303">31.0%</abbr> of its health!)</small><br></div><div class="spacer battle-history"><br></div><div class="battle-history"><small>Miltank restored a little HP using its Leftovers!</small><br></div><div class="spacer battle-history"><br></div><h2 class="battle-history">Turn 28</h2><div class="spacer battle-history"><br></div><div class="battle-history">Miltank, come back!<br></div><div class="battle-history">Go! <strong>Scyther</strong>!<br></div><div class="spacer battle-history"><br></div><div class="battle-history">The opposing Hitmonchan used <strong>Ice Punch</strong>!<br></div><div class="battle-history"><small>It's super effective!</small><br></div><div class="battle-history"><small>(Scyther lost <abbr title="−164/281">58.4%</abbr> of its health!)</small><br></div><div class="spacer battle-history"><br></div><h2 class="battle-history">Turn 29</h2><div class="spacer battle-history"><br></div><div class="battle-history">yo!gi!o_o! withdrew Hitmonchan!<br></div><div class="battle-history">yo!gi!o_o! sent out <strong>Mesprit</strong>!<br></div><div class="battle-history"><small>Pointed stones dug into the opposing Mesprit!</small><br></div><div class="spacer battle-history"><br></div><div class="battle-history">The opposing Mesprit fainted!<br></div><div class="battle-history">Scyther used <strong>Roost</strong>!<br></div><div class="battle-history"><small>Scyther restored its HP.</small><br></div><div class="chat chatmessage-lcezasfuck"><strong style="color:hsl(63,60%,38.09380051909%)"><small>☆</small><span class="username" data-name="lcezasfuck">lcezasfuck</span>:</strong> <em>Ypour predict is too good</em></div><div class="spacer battle-history"><br></div><div class="battle-history">yo!gi!o_o! sent out <strong>Pinsir</strong>!<br></div><div class="battle-history"><small>Pointed stones dug into the opposing Pinsir!</small><br></div><div class="battle-history"><small>[The opposing Pinsir's Mold Breaker]</small><br><small>The opposing Pinsir breaks the mold!</small><br></div><div class="spacer battle-history"><br></div><h2 class="battle-history">Turn 30</h2><div class="spacer battle-history"><br></div><div class="battle-history">Scyther, come back!<br></div><div class="battle-history">Go! <strong>Pelipper</strong>!<br></div><div class="spacer battle-history"><br></div><div class="battle-history">The opposing Pinsir used <strong>Stone Edge</strong>!<br></div><div class="battle-history"><small>Pelipper avoided the attack!</small><br></div><div class="spacer battle-history"><br></div><div class="battle-history"><small>Pelipper restored a little HP using its Leftovers!</small><br></div><div class="spacer battle-history"><br></div><h2 class="battle-history">Turn 31</h2><div class="spacer battle-history"><br></div><div class="battle-history">yo!gi!o_o! withdrew Pinsir!<br></div><div class="battle-history">yo!gi!o_o! sent out <strong>Miltank</strong>!<br></div><div class="battle-history"><small>Pointed stones dug into the opposing Miltank!</small><br></div><div class="spacer battle-history"><br></div><div class="battle-history">Pelipper used <strong>Scald</strong>!<br></div><div class="battle-history"><small>(The opposing Miltank lost <abbr title="−82/394">20.8%</abbr> of its health!)</small><br></div><div class="spacer battle-history"><br></div><div class="battle-history"><small>The opposing Miltank restored a little HP using its Leftovers!</small><br></div><div class="battle-history"><small>Pelipper restored a little HP using its Leftovers!</small><br></div><div class="spacer battle-history"><br></div><h2 class="battle-history">Turn 32</h2><div class="spacer battle-history"><br></div><div class="battle-history">The opposing Miltank used <strong>Stealth Rock</strong>!<br></div><div class="battle-history"><small>Pointed stones float in the air around your team!</small><br></div><div class="spacer battle-history"><br></div><div class="battle-history">Pelipper used <strong>Toxic</strong>!<br></div><div class="battle-history"><small>The opposing Miltank was badly poisoned!</small><br></div><div class="spacer battle-history"><br></div><div class="battle-history"><small>The opposing Miltank restored a little HP using its Leftovers!</small><br></div><div class="battle-history"><small>Pelipper restored a little HP using its Leftovers!</small><br></div><div class="battle-history"><small>The opposing Miltank was hurt by poison!</small><br></div><div class="spacer battle-history"><br></div><h2 class="battle-history">Turn 33</h2><div class="spacer battle-history"><br></div><div class="battle-history">The opposing Miltank used <strong>Thunder Wave</strong>!<br></div><div class="battle-history"><small>Pelipper is paralyzed! It may be unable to move!</small><br></div><div class="spacer battle-history"><br></div><div class="battle-history">Pelipper used <strong>Defog</strong>!<br></div><div class="battle-history"><small>The opposing Miltank's evasiveness fell!</small><br></div><div class="battle-history"><small>The pointed stones disappeared from around the opposing team!</small><br></div><div class="battle-history"><small>The pointed stones disappeared from around your team!</small><br></div><div class="spacer battle-history"><br></div><div class="battle-history"><small>The opposing Miltank restored a little HP using its Leftovers!</small><br></div><div class="battle-history"><small>The opposing Miltank was hurt by poison!</small><br></div><div class="spacer battle-history"><br></div><h2 class="battle-history">Turn 34</h2><div class="spacer battle-history"><br></div><div class="battle-history"><small>yo!gi!o_o! forfeited.</small><br></div><div class="spacer battle-history"><br></div><div class="battle-history"><strong>lcezasfuck</strong> won the battle!<br></div><div class="chat"><small>yo!gi!o_o! left.</small></div></div><div class="inner-preempt"></div></div></div>
</div>
<script>
let daily = Math.floor(Date.now()/1000/60/60/24);document.write('<script src="https://play.pokemonshowdown.com/js/replay-embed.js?version'+daily+'"></'+'script>');
</script>
