<!DOCTYPE html>
<meta charset="utf-8" />
<!-- version 1 -->
<title>NU replay: Imparfait vs. Arnik</title>
<style>
html,body {font-family:Verdana, sans-serif;font-size:10pt;margin:0;padding:0;}body{padding:12px 0;} .battle-log {font-family:Verdana, sans-serif;font-size:10pt;} .battle-log-inline {border:1px solid #AAAAAA;background:#EEF2F5;color:black;max-width:640px;margin:0 auto 80px;padding-bottom:5px;} .battle-log .inner {padding:4px 8px 0px 8px;} .battle-log .inner-preempt {padding:0 8px 4px 8px;} .battle-log .inner-after {margin-top:0.5em;} .battle-log h2 {margin:0.5em -8px;padding:4px 8px;border:1px solid #AAAAAA;background:#E0E7EA;border-left:0;border-right:0;font-family:Verdana, sans-serif;font-size:13pt;} .battle-log .chat {vertical-align:middle;padding:3px 0 3px 0;font-size:8pt;} .battle-log .chat strong {color:#40576A;} .battle-log .chat em {padding:1px 4px 1px 3px;color:#000000;font-style:normal;} .chat.mine {background:rgba(0,0,0,0.05);margin-left:-8px;margin-right:-8px;padding-left:8px;padding-right:8px;} .spoiler {color:#BBBBBB;background:#BBBBBB;padding:0px 3px;} .spoiler:hover, .spoiler:active, .spoiler-shown {color:#000000;background:#E2E2E2;padding:0px 3px;} .spoiler a {color:#BBBBBB;} .spoiler:hover a, .spoiler:active a, .spoiler-shown a {color:#2288CC;} .chat code, .chat .spoiler:hover code, .chat .spoiler:active code, .chat .spoiler-shown code {border:1px solid #C0C0C0;background:#EEEEEE;color:black;padding:0 2px;} .chat .spoiler code {border:1px solid #CCCCCC;background:#CCCCCC;color:#CCCCCC;} .battle-log .rated {padding:3px 4px;} .battle-log .rated strong {color:white;background:#89A;padding:1px 4px;border-radius:4px;} .spacer {margin-top:0.5em;} .message-announce {background:#6688AA;color:white;padding:1px 4px 2px;} .message-announce a, .broadcast-green a, .broadcast-blue a, .broadcast-red a {color:#DDEEFF;} .broadcast-green {background-color:#559955;color:white;padding:2px 4px;} .broadcast-blue {background-color:#6688AA;color:white;padding:2px 4px;} .infobox {border:1px solid #6688AA;padding:2px 4px;} .infobox-limited {max-height:200px;overflow:auto;overflow-x:hidden;} .broadcast-red {background-color:#AA5544;color:white;padding:2px 4px;} .message-learn-canlearn {font-weight:bold;color:#228822;text-decoration:underline;} .message-learn-cannotlearn {font-weight:bold;color:#CC2222;text-decoration:underline;} .message-effect-weak {font-weight:bold;color:#CC2222;} .message-effect-resist {font-weight:bold;color:#6688AA;} .message-effect-immune {font-weight:bold;color:#666666;} .message-learn-list {margin-top:0;margin-bottom:0;} .message-throttle-notice, .message-error {color:#992222;} .message-overflow, .chat small.message-overflow {font-size:0pt;} .message-overflow::before {font-size:9pt;content:'...';} .subtle {color:#3A4A66;}
</style>
<div class="wrapper replay-wrapper" style="max-width:1180px;margin:0 auto">
<input type="hidden" name="replayid" value="nu-580048182" />
<div class="battle"></div><div class="battle-log"></div><div class="replay-controls"></div><div class="replay-controls-2"></div>
<h1 style="font-weight:normal;text-align:center"><strong>NU</strong><br /><a href="http://pokemonshowdown.com/users/imparfait" class="subtle" target="_blank">Imparfait</a> vs. <a href="http://pokemonshowdown.com/users/arnik" class="subtle" target="_blank">Arnik</a></h1>
<script type="text/plain" class="battle-log-data">|j|Imparfait
|j|Arnik
|player|p1|Imparfait|185
|teamsize|p1|6
|player|p2|Arnik|186
|teamsize|p2|6
|gametype|singles
|gen|6
|tier|NU
|rated
|seed|20678,63984,38401,42233
|rule|Sleep Clause Mod: Limit one foe put to sleep
|rule|Species Clause: Limit one of each Pokémon
|rule|OHKO Clause: OHKO moves are banned
|rule|Moody Clause: Moody is banned
|rule|Evasion Moves Clause: Evasion moves are banned
|rule|Endless Battle Clause: Forcing endless battles is banned
|rule|HP Percentage Mod: HP is shown in percentages
|clearpoke
|poke|p1|Bronzor|item
|poke|p1|Garbodor, M|item
|poke|p1|Gourgeist-*, F|item
|poke|p1|Magmortar, M|item
|poke|p1|Kabutops, M|item
|poke|p1|Audino, F|item
|poke|p2|Leafeon, M, shiny|item
|poke|p2|Skuntank, F|item
|poke|p2|Archeops, F|
|poke|p2|Gastrodon-East, M|item
|poke|p2|Pyroar, M|item
|poke|p2|Audino, F|item
|rule|Swagger Clause: Swagger is banned
|rule|Baton Pass Clause: Limit one Baton Passer, can't pass Spe and other stats simultaneously
|teampreview
|inactive|Battle timer is ON: inactive players will automatically lose when time's up. (requested by Arnik)
|choice|team 5, team 2, team 3, team 4, team 1, team 6|team 5, team 2, team 3, team 4, team 1, team 6
|
|start
|switch|p1a: Kabutops|Kabutops, M|261\/261
|switch|p2a: Némélios|Pyroar, M|313\/313
|-ability|p2a: Némélios|Unnerve|p1: Imparfait
|turn|1
|choice|move superpower|switch 4
|
|switch|p2a: Tritosor|Gastrodon-East, M|417\/417
|move|p1a: Kabutops|Superpower|p2a: Tritosor
|-damage|p2a: Tritosor|286\/417
|-unboost|p1a: Kabutops|atk|1
|-unboost|p1a: Kabutops|def|1
|
|-heal|p2a: Tritosor|312\/417|[from] item: Leftovers
|upkeep
|turn|2
|choice|switch 5|switch 2
|
|switch|p1a: Bronzor|Bronzor|317\/317
|switch|p2a: Moufflair|Skuntank, F|347\/347
|
|upkeep
|turn|3
|choice|switch 3|move darkpulse
|
|switch|p1a: Gourgeist|Gourgeist-Super, F|374\/374
|-item|p2a: Moufflair|Black Sludge|[from] ability: Frisk|[of] p1a: Gourgeist|[identify]
|move|p2a: Moufflair|Dark Pulse|p1a: Gourgeist
|-supereffective|p1a: Gourgeist
|-enditem|p1a: Gourgeist|Colbur Berry|[eat]
|-enditem|p1a: Gourgeist|Colbur Berry|[weaken]
|-damage|p1a: Gourgeist|257\/374
|
|upkeep
|turn|4
|choice|switch 4|move darkpulse
|
|switch|p1a: Magmortar|Magmortar, M|307\/307
|move|p2a: Moufflair|Dark Pulse|p1a: Magmortar
|-crit|p1a: Magmortar
|-damage|p1a: Magmortar|211\/307
|
|upkeep
|turn|5
|choice|move fireblast|switch 4
|
|switch|p2a: Némélios|Pyroar, M|313\/313
|-ability|p2a: Némélios|Unnerve|p1: Imparfait
|move|p1a: Magmortar|Fire Blast|p2a: Némélios
|-resisted|p2a: Némélios
|-damage|p2a: Némélios|161\/313
|
|upkeep
|turn|6
|choice|switch 5|move hypervoice
|
|switch|p1a: Kabutops|Kabutops, M|261\/261
|move|p2a: Némélios|Hyper Voice|p1a: Kabutops
|-resisted|p1a: Kabutops
|-damage|p1a: Kabutops|164\/261
|
|upkeep
|turn|7
|choice|switch 5|move hiddenpower
|
|switch|p1a: Magmortar|Magmortar, M|211\/307
|move|p2a: Némélios|Hidden Power|p1a: Magmortar
|-resisted|p1a: Magmortar
|-crit|p1a: Magmortar
|-damage|p1a: Magmortar|177\/307
|
|upkeep
|turn|8
|choice|move focusblast|move hypervoice
|
|move|p2a: Némélios|Hyper Voice|p1a: Magmortar
|-damage|p1a: Magmortar|86\/307
|move|p1a: Magmortar|Focus Blast|p2a: Némélios
|-supereffective|p2a: Némélios
|-damage|p2a: Némélios|0 fnt
|faint|p2a: Némélios
|
|upkeep
|choice||switch 3
|
|switch|p2a: Aéroptérix|Archeops, F|291\/291
|turn|9
|choice|switch 4|move acrobatics
|
|switch|p1a: Gourgeist|Gourgeist-Super, F|257\/374
|move|p2a: Aéroptérix|Acrobatics|p1a: Gourgeist
|-supereffective|p1a: Gourgeist
|-crit|p1a: Gourgeist
|-damage|p1a: Gourgeist|0 fnt
|faint|p1a: Gourgeist
|
|upkeep
|j|klinkiiscool
|choice|switch 5|
|
|switch|p1a: Kabutops|Kabutops, M|164\/261
|turn|10
|choice|move stoneedge|switch 2
|
|switch|p2a: Tritosor|Gastrodon-East, M|312\/417
|move|p1a: Kabutops|Stone Edge|p2a: Tritosor
|-resisted|p2a: Tritosor
|-damage|p2a: Tritosor|234\/417
|
|-heal|p2a: Tritosor|260\/417|[from] item: Leftovers
|upkeep
|turn|11
|j|paraguass
|choice|switch 3|move recover
|
|switch|p1a: Bronzor|Bronzor|317\/317
|move|p2a: Tritosor|Recover|p2a: Tritosor
|-heal|p2a: Tritosor|417\/417
|
|upkeep
|turn|12
|choice|switch 2|switch 4
|
|switch|p2a: Moufflair|Skuntank, F|347\/347
|switch|p1a: Garbodor|Garbodor, M|364\/364
|
|upkeep
|turn|13
|choice|move gunkshot|move acidspray
|
|move|p2a: Moufflair|Acid Spray|p1a: Garbodor
|-resisted|p1a: Garbodor
|-damage|p1a: Garbodor|334\/364
|-unboost|p1a: Garbodor|spd|2
|move|p1a: Garbodor|Gunk Shot|p2a: Moufflair
|-resisted|p2a: Moufflair
|-damage|p2a: Moufflair|254\/347
|
|-heal|p2a: Moufflair|275\/347|[from] item: Black Sludge
|-heal|p1a: Garbodor|356\/364|[from] item: Black Sludge
|upkeep
|turn|14
|choice|move haze|move darkpulse
|
|move|p2a: Moufflair|Dark Pulse|p1a: Garbodor
|-damage|p1a: Garbodor|146\/364
|move|p1a: Garbodor|Haze|p1a: Garbodor
|-clearallboost
|
|-heal|p2a: Moufflair|296\/347|[from] item: Black Sludge
|-heal|p1a: Garbodor|168\/364|[from] item: Black Sludge
|upkeep
|turn|15
|l|klinkiiscool
|choice|switch 2|move darkpulse
|
|switch|p1a: Bronzor|Bronzor|317\/317
|move|p2a: Moufflair|Dark Pulse|p1a: Bronzor
|-supereffective|p1a: Bronzor
|-damage|p1a: Bronzor|209\/317
|
|-heal|p2a: Moufflair|317\/347|[from] item: Black Sludge
|upkeep
|turn|16
|choice|move psywave|move darkpulse
|
|move|p2a: Moufflair|Dark Pulse|p1a: Bronzor
|-supereffective|p1a: Bronzor
|-crit|p1a: Bronzor
|-damage|p1a: Bronzor|47\/317
|move|p1a: Bronzor|Psywave|p2a: Moufflair
|-immune|p2a: Moufflair|[msg]
|
|-heal|p2a: Moufflair|338\/347|[from] item: Black Sludge
|upkeep
|turn|17
|choice|move psywave|move darkpulse
|
|move|p2a: Moufflair|Dark Pulse|p1a: Bronzor
|-supereffective|p1a: Bronzor
|-damage|p1a: Bronzor|0 fnt
|faint|p1a: Bronzor
|
|-heal|p2a: Moufflair|347\/347|[from] item: Black Sludge
|upkeep
|choice|switch 3|
|
|switch|p1a: Kabutops|Kabutops, M|164\/261
|turn|18
|choice|move waterfall|switch 4
|
|switch|p2a: Tritosor|Gastrodon-East, M|417\/417
|move|p1a: Kabutops|Waterfall|p2a: Tritosor
|-ability|p2a: Tritosor|Storm Drain|boost
|-boost|p2a: Tritosor|spa|1
|
|upkeep
|turn|19
|choice|switch 6|move scald
|
|switch|p1a: Audino|Audino, F|410\/410
|move|p2a: Tritosor|Scald|p1a: Audino
|-damage|p1a: Audino|308\/410
|-status|p1a: Audino|brn
|
|-damage|p1a: Audino|257\/410 brn|[from] brn
|upkeep
|turn|20
|choice|move wish|switch 2
|
|switch|p2a: Aéroptérix|Archeops, F|291\/291
|move|p1a: Audino|Wish|p1a: Audino
|
|-damage|p1a: Audino|206\/410 brn|[from] brn
|upkeep
|turn|21
|-message|Imparfait forfeited.
|
|win|Arnik
|l|Imparfait
|raw|Imparfait's rating: 1335 &rarr; <strong>1327<\/strong><br \/>(-8 for losing)
|raw|Arnik's rating: 1569 &rarr; <strong>1577<\/strong><br \/>(+8 for winning)
|l|Arnik
|j|Arnik</script>
</div>
<div class="battle-log battle-log-inline"><div class="inner"><div class="battle-options"></div><div class="inner"><div class="chat"><small>Imparfait joined.</small></div><div class="chat"><small>Arnik joined.</small></div><div class=""><small>Format:</small> <br><strong>NU</strong></div><div class="rated"><strong>Rated battle</strong></div><div class=""><small><em>Sleep Clause Mod:</em> Limit one foe put to sleep</small></div><div class=""><small><em>Species Clause:</em> Limit one of each Pokémon</small></div><div class=""><small><em>OHKO Clause:</em> OHKO moves are banned</small></div><div class=""><small><em>Moody Clause:</em> Moody is banned</small></div><div class=""><small><em>Evasion Moves Clause:</em> Evasion moves are banned</small></div><div class=""><small><em>Endless Battle Clause:</em> Forcing endless battles is banned</small></div><div class=""><small><em>HP Percentage Mod:</em> HP is shown in percentages</small></div><div class=""><small><em>Swagger Clause:</em> Swagger is banned</small></div><div class=""><small><em>Baton Pass Clause:</em> Limit one Baton Passer, can't pass Spe and other stats simultaneously</small></div><div class="chat battle-history"><strong>Imparfait's team:</strong> <em style="color:#445566;display:block;">Bronzor / Garbodor / Gourgeist-* / Magmortar / Kabutops / Audino</em></div><div class="chat battle-history"><strong>Arnik's team:</strong> <em style="color:#445566;display:block;">Leafeon / Skuntank / Archeops / Gastrodon-East / Pyroar / Audino</em></div><div class="chat message-error">Battle timer is ON: inactive players will automatically lose when time's up. (requested by Arnik)</div><div class="spacer battle-history"><br></div><div class="battle-history">Battle started between Imparfait and Arnik!<br></div><div class="spacer battle-history"><br></div><div class="battle-history">Go! <strong>Kabutops</strong>!<br></div><div class="spacer battle-history"><br></div><div class="battle-history">Arnik sent out Némélios (<strong>Pyroar</strong>)!<br></div><div class="battle-history"><small>[The opposing Némélios's Unnerve]</small><br><small>Your team is too nervous to eat Berries!</small><br></div><div class="spacer battle-history"><br></div><h2 class="battle-history">Turn 1</h2><div class="spacer battle-history"><br></div><div class="battle-history">Arnik withdrew Némélios!<br></div><div class="battle-history">Arnik sent out Tritosor (<strong>Gastrodon-East</strong>)!<br></div><div class="spacer battle-history"><br></div><div class="battle-history">Kabutops used <strong>Superpower</strong>!<br></div><div class="battle-history"><small>(The opposing Tritosor lost <abbr title="−131/417">31.4%</abbr> of its health!)</small><br></div><div class="battle-history"><small>Kabutops's Attack fell!</small><br></div><div class="battle-history"><small>Kabutops's Defense fell!</small><br></div><div class="spacer battle-history"><br></div><div class="battle-history"><small>The opposing Tritosor restored a little HP using its Leftovers!</small><br></div><div class="spacer battle-history"><br></div><h2 class="battle-history">Turn 2</h2><div class="spacer battle-history"><br></div><div class="battle-history">Kabutops, come back!<br></div><div class="battle-history">Go! <strong>Bronzor</strong>!<br></div><div class="spacer battle-history"><br></div><div class="battle-history">Arnik withdrew Tritosor!<br></div><div class="battle-history">Arnik sent out Moufflair (<strong>Skuntank</strong>)!<br></div><div class="spacer battle-history"><br></div><h2 class="battle-history">Turn 3</h2><div class="spacer battle-history"><br></div><div class="battle-history">Bronzor, come back!<br></div><div class="battle-history">Go! Gourgeist (<strong>Gourgeist-Super</strong>)!<br></div><div class="battle-history"><small>[Gourgeist's Frisk]</small><br><small>Gourgeist frisked the opposing Moufflair and found its Black Sludge!</small><br></div><div class="spacer battle-history"><br></div><div class="battle-history">The opposing Moufflair used <strong>Dark Pulse</strong>!<br></div><div class="battle-history"><small>It's super effective!</small><br></div><div class="battle-history"><small>Gourgeist ate its Colbur Berry!</small><br></div><div class="battle-history"><small>The Colbur Berry weakened the damage to Gourgeist!</small><br></div><div class="battle-history"><small>(Gourgeist lost <abbr title="−117/374">31.3%</abbr> of its health!)</small><br></div><div class="spacer battle-history"><br></div><h2 class="battle-history">Turn 4</h2><div class="spacer battle-history"><br></div><div class="battle-history">Gourgeist, come back!<br></div><div class="battle-history">Go! <strong>Magmortar</strong>!<br></div><div class="spacer battle-history"><br></div><div class="battle-history">The opposing Moufflair used <strong>Dark Pulse</strong>!<br></div><div class="battle-history"><small>A critical hit!</small><br></div><div class="battle-history"><small>(Magmortar lost <abbr title="−96/307">31.3%</abbr> of its health!)</small><br></div><div class="spacer battle-history"><br></div><h2 class="battle-history">Turn 5</h2><div class="spacer battle-history"><br></div><div class="battle-history">Arnik withdrew Moufflair!<br></div><div class="battle-history">Arnik sent out Némélios (<strong>Pyroar</strong>)!<br></div><div class="battle-history"><small>[The opposing Némélios's Unnerve]</small><br><small>Your team is too nervous to eat Berries!</small><br></div><div class="spacer battle-history"><br></div><div class="battle-history">Magmortar used <strong>Fire Blast</strong>!<br></div><div class="battle-history"><small>It's not very effective...</small><br></div><div class="battle-history"><small>(The opposing Némélios lost <abbr title="−152/313">48.6%</abbr> of its health!)</small><br></div><div class="spacer battle-history"><br></div><h2 class="battle-history">Turn 6</h2><div class="spacer battle-history"><br></div><div class="battle-history">Magmortar, come back!<br></div><div class="battle-history">Go! <strong>Kabutops</strong>!<br></div><div class="spacer battle-history"><br></div><div class="battle-history">The opposing Némélios used <strong>Hyper Voice</strong>!<br></div><div class="battle-history"><small>It's not very effective...</small><br></div><div class="battle-history"><small>(Kabutops lost <abbr title="−97/261">37.2%</abbr> of its health!)</small><br></div><div class="spacer battle-history"><br></div><h2 class="battle-history">Turn 7</h2><div class="spacer battle-history"><br></div><div class="battle-history">Kabutops, come back!<br></div><div class="battle-history">Go! <strong>Magmortar</strong>!<br></div><div class="spacer battle-history"><br></div><div class="battle-history">The opposing Némélios used <strong>Hidden Power</strong>!<br></div><div class="battle-history"><small>It's not very effective...</small><br></div><div class="battle-history"><small>A critical hit!</small><br></div><div class="battle-history"><small>(Magmortar lost <abbr title="−34/307">11.1%</abbr> of its health!)</small><br></div><div class="spacer battle-history"><br></div><h2 class="battle-history">Turn 8</h2><div class="spacer battle-history"><br></div><div class="battle-history">The opposing Némélios used <strong>Hyper Voice</strong>!<br></div><div class="battle-history"><small>(Magmortar lost <abbr title="−91/307">29.6%</abbr> of its health!)</small><br></div><div class="spacer battle-history"><br></div><div class="battle-history">Magmortar used <strong>Focus Blast</strong>!<br></div><div class="battle-history"><small>It's super effective!</small><br></div><div class="battle-history"><small>(The opposing Némélios lost <abbr title="−161/313">51.4%</abbr> of its health!)</small><br></div><div class="spacer battle-history"><br></div><div class="battle-history">The opposing Némélios fainted!<br></div><div class="spacer battle-history"><br></div><div class="battle-history">Arnik sent out Aéroptérix (<strong>Archeops</strong>)!<br></div><div class="spacer battle-history"><br></div><h2 class="battle-history">Turn 9</h2><div class="spacer battle-history"><br></div><div class="battle-history">Magmortar, come back!<br></div><div class="battle-history">Go! Gourgeist (<strong>Gourgeist-Super</strong>)!<br></div><div class="spacer battle-history"><br></div><div class="battle-history">The opposing Aéroptérix used <strong>Acrobatics</strong>!<br></div><div class="battle-history"><small>It's super effective!</small><br></div><div class="battle-history"><small>A critical hit!</small><br></div><div class="battle-history"><small>(Gourgeist lost <abbr title="−257/374">68.7%</abbr> of its health!)</small><br></div><div class="spacer battle-history"><br></div><div class="battle-history">Gourgeist fainted!<br></div><div class="chat"><small>klinkiiscool joined.</small></div><div class="spacer battle-history"><br></div><div class="battle-history">Go! <strong>Kabutops</strong>!<br></div><div class="spacer battle-history"><br></div><h2 class="battle-history">Turn 10</h2><div class="spacer battle-history"><br></div><div class="battle-history">Arnik withdrew Aéroptérix!<br></div><div class="battle-history">Arnik sent out Tritosor (<strong>Gastrodon-East</strong>)!<br></div><div class="spacer battle-history"><br></div><div class="battle-history">Kabutops used <strong>Stone Edge</strong>!<br></div><div class="battle-history"><small>It's not very effective...</small><br></div><div class="battle-history"><small>(The opposing Tritosor lost <abbr title="−78/417">18.7%</abbr> of its health!)</small><br></div><div class="spacer battle-history"><br></div><div class="battle-history"><small>The opposing Tritosor restored a little HP using its Leftovers!</small><br></div><div class="spacer battle-history"><br></div><h2 class="battle-history">Turn 11</h2><div class="chat"><small>paraguass joined.</small></div><div class="spacer battle-history"><br></div><div class="battle-history">Kabutops, come back!<br></div><div class="battle-history">Go! <strong>Bronzor</strong>!<br></div><div class="spacer battle-history"><br></div><div class="battle-history">The opposing Tritosor used <strong>Recover</strong>!<br></div><div class="battle-history"><small>The opposing Tritosor restored its HP.</small><br></div><div class="spacer battle-history"><br></div><h2 class="battle-history">Turn 12</h2><div class="spacer battle-history"><br></div><div class="battle-history">Arnik withdrew Tritosor!<br></div><div class="battle-history">Arnik sent out Moufflair (<strong>Skuntank</strong>)!<br></div><div class="spacer battle-history"><br></div><div class="battle-history">Bronzor, come back!<br></div><div class="battle-history">Go! <strong>Garbodor</strong>!<br></div><div class="spacer battle-history"><br></div><h2 class="battle-history">Turn 13</h2><div class="spacer battle-history"><br></div><div class="battle-history">The opposing Moufflair used <strong>Acid Spray</strong>!<br></div><div class="battle-history"><small>It's not very effective...</small><br></div><div class="battle-history"><small>(Garbodor lost <abbr title="−30/364">8.2%</abbr> of its health!)</small><br></div><div class="battle-history"><small>Garbodor's Special Defense fell harshly!</small><br></div><div class="spacer battle-history"><br></div><div class="battle-history">Garbodor used <strong>Gunk Shot</strong>!<br></div><div class="battle-history"><small>It's not very effective...</small><br></div><div class="battle-history"><small>(The opposing Moufflair lost <abbr title="−93/347">26.8%</abbr> of its health!)</small><br></div><div class="spacer battle-history"><br></div><div class="battle-history"><small>The opposing Moufflair restored a little HP using its Black Sludge!</small><br></div><div class="battle-history"><small>Garbodor restored a little HP using its Black Sludge!</small><br></div><div class="spacer battle-history"><br></div><h2 class="battle-history">Turn 14</h2><div class="spacer battle-history"><br></div><div class="battle-history">The opposing Moufflair used <strong>Dark Pulse</strong>!<br></div><div class="battle-history"><small>(Garbodor lost <abbr title="−210/364">57.7%</abbr> of its health!)</small><br></div><div class="spacer battle-history"><br></div><div class="battle-history">Garbodor used <strong>Haze</strong>!<br></div><div class="battle-history"><small>All stat changes were eliminated!</small><br></div><div class="spacer battle-history"><br></div><div class="battle-history"><small>The opposing Moufflair restored a little HP using its Black Sludge!</small><br></div><div class="battle-history"><small>Garbodor restored a little HP using its Black Sludge!</small><br></div><div class="spacer battle-history"><br></div><h2 class="battle-history">Turn 15</h2><div class="chat"><small>klinkiiscool left.</small></div><div class="spacer battle-history"><br></div><div class="battle-history">Garbodor, come back!<br></div><div class="battle-history">Go! <strong>Bronzor</strong>!<br></div><div class="spacer battle-history"><br></div><div class="battle-history">The opposing Moufflair used <strong>Dark Pulse</strong>!<br></div><div class="battle-history"><small>It's super effective!</small><br></div><div class="battle-history"><small>(Bronzor lost <abbr title="−108/317">34.1%</abbr> of its health!)</small><br></div><div class="spacer battle-history"><br></div><div class="battle-history"><small>The opposing Moufflair restored a little HP using its Black Sludge!</small><br></div><div class="spacer battle-history"><br></div><h2 class="battle-history">Turn 16</h2><div class="spacer battle-history"><br></div><div class="battle-history">The opposing Moufflair used <strong>Dark Pulse</strong>!<br></div><div class="battle-history"><small>It's super effective!</small><br></div><div class="battle-history"><small>A critical hit!</small><br></div><div class="battle-history"><small>(Bronzor lost <abbr title="−162/317">51.1%</abbr> of its health!)</small><br></div><div class="spacer battle-history"><br></div><div class="battle-history">Bronzor used <strong>Psywave</strong>!<br></div><div class="battle-history"><small>It doesn't affect the opposing Moufflair...</small><br></div><div class="spacer battle-history"><br></div><div class="battle-history"><small>The opposing Moufflair restored a little HP using its Black Sludge!</small><br></div><div class="spacer battle-history"><br></div><h2 class="battle-history">Turn 17</h2><div class="spacer battle-history"><br></div><div class="battle-history">The opposing Moufflair used <strong>Dark Pulse</strong>!<br></div><div class="battle-history"><small>It's super effective!</small><br></div><div class="battle-history"><small>(Bronzor lost <abbr title="−47/317">14.8%</abbr> of its health!)</small><br></div><div class="spacer battle-history"><br></div><div class="battle-history">Bronzor fainted!<br></div><div class="spacer battle-history"><br></div><div class="battle-history"><small>The opposing Moufflair restored a little HP using its Black Sludge!</small><br></div><div class="spacer battle-history"><br></div><div class="battle-history">Go! <strong>Kabutops</strong>!<br></div><div class="spacer battle-history"><br></div><h2 class="battle-history">Turn 18</h2><div class="spacer battle-history"><br></div><div class="battle-history">Arnik withdrew Moufflair!<br></div><div class="battle-history">Arnik sent out Tritosor (<strong>Gastrodon-East</strong>)!<br></div><div class="spacer battle-history"><br></div><div class="battle-history">Kabutops used <strong>Waterfall</strong>!<br></div><div class="battle-history"><small>[The opposing Tritosor's Storm Drain]</small><br></div><div class="battle-history"><small>The opposing Tritosor's Special Attack rose!</small><br></div><div class="spacer battle-history"><br></div><h2 class="battle-history">Turn 19</h2><div class="spacer battle-history"><br></div><div class="battle-history">Kabutops, come back!<br></div><div class="battle-history">Go! <strong>Audino</strong>!<br></div><div class="spacer battle-history"><br></div><div class="battle-history">The opposing Tritosor used <strong>Scald</strong>!<br></div><div class="battle-history"><small>(Audino lost <abbr title="−102/410">24.9%</abbr> of its health!)</small><br></div><div class="battle-history"><small>Audino was burned!</small><br></div><div class="spacer battle-history"><br></div><div class="battle-history"><small>Audino was hurt by its burn!</small><br></div><div class="spacer battle-history"><br></div><h2 class="battle-history">Turn 20</h2><div class="spacer battle-history"><br></div><div class="battle-history">Arnik withdrew Tritosor!<br></div><div class="battle-history">Arnik sent out Aéroptérix (<strong>Archeops</strong>)!<br></div><div class="spacer battle-history"><br></div><div class="battle-history">Audino used <strong>Wish</strong>!<br></div><div class="spacer battle-history"><br></div><div class="battle-history"><small>Audino was hurt by its burn!</small><br></div><div class="spacer battle-history"><br></div><h2 class="battle-history">Turn 21</h2><div class="spacer battle-history"><br></div><div class="battle-history"><small>Imparfait forfeited.</small><br></div><div class="spacer battle-history"><br></div><div class="battle-history"><strong>Arnik</strong> won the battle!<br></div><div class="chat"><small>Imparfait left.</small></div><div class="chat">Imparfait's rating: 1335 → <strong>1327</strong><br>(-8 for losing)</div><div class="chat">Arnik's rating: 1569 → <strong>1577</strong><br>(+8 for winning)</div><div class="chat"><small>Arnik left.</small></div><div class="chat"><small>Arnik joined.</small></div></div><div class="inner-preempt"></div></div></div>
</div>
<script>
let daily = Math.floor(Date.now()/1000/60/60/24);document.write('<script src="https://play.pokemonshowdown.com/js/replay-embed.js?version'+daily+'"></'+'script>');
</script>
