<!DOCTYPE html>
<meta charset="utf-8" />
<!-- version 1 -->
<title>NU replay: EG&quot;Josseluis&quot; vs. Tangent Phi</title>
<style>
html,body {font-family:Verdana, sans-serif;font-size:10pt;margin:0;padding:0;}body{padding:12px 0;} .battle-log {font-family:Verdana, sans-serif;font-size:10pt;} .battle-log-inline {border:1px solid #AAAAAA;background:#EEF2F5;color:black;max-width:640px;margin:0 auto 80px;padding-bottom:5px;} .battle-log .inner {padding:4px 8px 0px 8px;} .battle-log .inner-preempt {padding:0 8px 4px 8px;} .battle-log .inner-after {margin-top:0.5em;} .battle-log h2 {margin:0.5em -8px;padding:4px 8px;border:1px solid #AAAAAA;background:#E0E7EA;border-left:0;border-right:0;font-family:Verdana, sans-serif;font-size:13pt;} .battle-log .chat {vertical-align:middle;padding:3px 0 3px 0;font-size:8pt;} .battle-log .chat strong {color:#40576A;} .battle-log .chat em {padding:1px 4px 1px 3px;color:#000000;font-style:normal;} .chat.mine {background:rgba(0,0,0,0.05);margin-left:-8px;margin-right:-8px;padding-left:8px;padding-right:8px;} .spoiler {color:#BBBBBB;background:#BBBBBB;padding:0px 3px;} .spoiler:hover, .spoiler:active, .spoiler-shown {color:#000000;background:#E2E2E2;padding:0px 3px;} .spoiler a {color:#BBBBBB;} .spoiler:hover a, .spoiler:active a, .spoiler-shown a {color:#2288CC;} .chat code, .chat .spoiler:hover code, .chat .spoiler:active code, .chat .spoiler-shown code {border:1px solid #C0C0C0;background:#EEEEEE;color:black;padding:0 2px;} .chat .spoiler code {border:1px solid #CCCCCC;background:#CCCCCC;color:#CCCCCC;} .battle-log .rated {padding:3px 4px;} .battle-log .rated strong {color:white;background:#89A;padding:1px 4px;border-radius:4px;} .spacer {margin-top:0.5em;} .message-announce {background:#6688AA;color:white;padding:1px 4px 2px;} .message-announce a, .broadcast-green a, .broadcast-blue a, .broadcast-red a {color:#DDEEFF;} .broadcast-green {background-color:#559955;color:white;padding:2px 4px;} .broadcast-blue {background-color:#6688AA;color:white;padding:2px 4px;} .infobox {border:1px solid #6688AA;padding:2px 4px;} .infobox-limited {max-height:200px;overflow:auto;overflow-x:hidden;} .broadcast-red {background-color:#AA5544;color:white;padding:2px 4px;} .message-learn-canlearn {font-weight:bold;color:#228822;text-decoration:underline;} .message-learn-cannotlearn {font-weight:bold;color:#CC2222;text-decoration:underline;} .message-effect-weak {font-weight:bold;color:#CC2222;} .message-effect-resist {font-weight:bold;color:#6688AA;} .message-effect-immune {font-weight:bold;color:#666666;} .message-learn-list {margin-top:0;margin-bottom:0;} .message-throttle-notice, .message-error {color:#992222;} .message-overflow, .chat small.message-overflow {font-size:0pt;} .message-overflow::before {font-size:9pt;content:'...';} .subtle {color:#3A4A66;}
</style>
<div class="wrapper replay-wrapper" style="max-width:1180px;margin:0 auto">
<input type="hidden" name="replayid" value="pokestrat-nu-1604" />
<div class="battle"></div><div class="battle-log"></div><div class="replay-controls"></div><div class="replay-controls-2"></div>
<h1 style="font-weight:normal;text-align:center"><strong>NU</strong><br /><a href="http://pokemonshowdown.com/users/egjosseluis" class="subtle" target="_blank">EG&quot;Josseluis&quot;</a> vs. <a href="http://pokemonshowdown.com/users/tangentphi" class="subtle" target="_blank">Tangent Phi</a></h1>
<script type="text/plain" class="battle-log-data">|j|EG"Josseluis"
|j|Tangent Phi
|player|p1|EG"Josseluis"|181
|player|p2|Tangent Phi|167
|gametype|singles
|gen|6
|tier|NU
|seed|39546,44329,37744,7207
|rule|Sleep Clause Mod: Limit one foe put to sleep
|rule|Species Clause: Limit one of each Pokémon
|rule|OHKO Clause: OHKO moves are banned
|rule|Moody Clause: Moody is banned
|rule|Evasion Moves Clause: Evasion moves are banned
|rule|Endless Battle Clause: Forcing endless battles is banned
|rule|HP Percentage Mod: HP is shown in percentages
|clearpoke
|poke|p1|Vivillon, M|item
|poke|p1|Sandslash, M|item
|poke|p1|Mawile, F|item
|poke|p1|Mantine, M|item
|poke|p1|Magmortar, M|item
|poke|p1|Liepard, F|item
|poke|p2|Electivire, M|item
|poke|p2|Haunter, F, shiny|item
|poke|p2|Klinklang, shiny|item
|poke|p2|Malamar, M|item
|poke|p2|Claydol, shiny|item
|poke|p2|Charizard, M|item
|rule|Swagger Clause: Swagger is banned
|rule|Baton Pass Clause: Limit one Baton Passer, can't pass Spe and other stats simultaneously
|teampreview
|j|Tanguy43210
|c|☆Tangent Phi|have fun !
|choice|team 5, team 2, team 3, team 4, team 1, team 6|team 5, team 2, team 3, team 4, team 1, team 6
|
|start
|switch|p1a: sin importancia|Magmortar, M|291\/291
|switch|p2a: Claydol|Claydol, shiny|323\/323
|turn|1
|choice|switch 4|move stealthrock
|
|switch|p1a: vuela fuck|Mantine, M|333\/333
|move|p2a: Claydol|Stealth Rock|p1a: vuela fuck
|-sidestart|p1: EG"Josseluis"|move: Stealth Rock
|
|upkeep
|turn|2
|choice|move defog|switch 5
|
|switch|p2a: Electivire|Electivire, M|291\/291
|move|p1a: vuela fuck|Defog|p2a: Electivire
|-unboost|p2a: Electivire|evasion|1
|-sideend|p1: EG"Josseluis"|Stealth Rock|[from] move: Defog|[of] p1a: vuela fuck
|
|upkeep
|turn|3
|l|Tanguy43210
|choice|switch 2|move icepunch
|
|switch|p1a: excadrilversion|Sandslash, M|354\/354
|move|p2a: Electivire|Ice Punch|p1a: excadrilversion
|-supereffective|p1a: excadrilversion
|-damage|p1a: excadrilversion|214\/354
|-damage|p2a: Electivire|262\/291|[from] item: Life Orb
|
|-heal|p1a: excadrilversion|236\/354|[from] item: Leftovers
|upkeep
|turn|4
|choice|move stealthrock|switch 2
|
|switch|p2a: Haunter|Haunter, F, shiny|231\/231
|move|p1a: excadrilversion|Stealth Rock|p2a: Haunter
|-sidestart|p2: Tangent Phi|move: Stealth Rock
|
|-heal|p1a: excadrilversion|258\/354|[from] item: Leftovers
|upkeep
|turn|5
|choice|switch 6|move energyball
|
|switch|p1a: Liepard|Liepard, F|332\/332
|move|p2a: Haunter|Energy Ball|p1a: Liepard
|-damage|p1a: Liepard|233\/332
|
|-heal|p1a: Liepard|253\/332|[from] item: Leftovers
|upkeep
|turn|6
|choice|move foulplay|switch 3
|
|switch|p2a: Klinklang|Klinklang, shiny|281\/281
|-damage|p2a: Klinklang|264\/281|[from] Stealth Rock
|move|p1a: Liepard|Foul Play|p2a: Klinklang
|-damage|p2a: Klinklang|138\/281
|
|-heal|p2a: Klinklang|155\/281|[from] item: Leftovers
|-heal|p1a: Liepard|273\/332|[from] item: Leftovers
|upkeep
|turn|7
|choice|move thunderwave|switch 5
|
|switch|p2a: Claydol|Claydol, shiny|323\/323
|-damage|p2a: Claydol|303\/323|[from] Stealth Rock
|move|p1a: Liepard|Thunder Wave|p2a: Claydol
|-immune|p2a: Claydol|[msg]
|
|-heal|p1a: Liepard|293\/332|[from] item: Leftovers
|-heal|p2a: Claydol|323\/323|[from] item: Leftovers
|upkeep
|turn|8
|choice|move taunt|move rapidspin
|
|move|p1a: Liepard|Taunt|p2a: Claydol
|-start|p2a: Claydol|move: Taunt
|move|p2a: Claydol|Rapid Spin|p1a: Liepard
|-damage|p1a: Liepard|276\/332
|-sideend|p2: Tangent Phi|Stealth Rock|[from] move: Rapid Spin|[of] p2a: Claydol
|
|-heal|p1a: Liepard|296\/332|[from] item: Leftovers
|upkeep
|turn|9
|choice|move foulplay|switch 5
|
|switch|p2a: Klinklang|Klinklang, shiny|155\/281
|move|p1a: Liepard|Foul Play|p2a: Klinklang
|-damage|p2a: Klinklang|29\/281
|
|-heal|p2a: Klinklang|46\/281|[from] item: Leftovers
|-heal|p1a: Liepard|316\/332|[from] item: Leftovers
|upkeep
|turn|10
|choice|move foulplay|move geargrind
|
|move|p2a: Klinklang|Gear Grind|p1a: Liepard
|-damage|p1a: Liepard|183\/332
|-damage|p1a: Liepard|44\/332
|-hitcount|p1a: Liepard|2
|move|p1a: Liepard|Foul Play|p2a: Klinklang
|-damage|p2a: Klinklang|0 fnt
|faint|p2a: Klinklang
|
|-heal|p1a: Liepard|64\/332|[from] item: Leftovers
|upkeep
|choice||switch 3
|
|switch|p2a: Haunter|Haunter, F, shiny|231\/231
|turn|11
|choice|move thunderwave|switch 2
|
|switch|p2a: Electivire|Electivire, M|262\/291
|move|p1a: Liepard|Thunder Wave|p2a: Electivire
|-ability|p2a: Electivire|Motor Drive|boost
|-boost|p2a: Electivire|spe|1
|
|-heal|p1a: Liepard|84\/332|[from] item: Leftovers
|upkeep
|turn|12
|choice|move uturn|move icepunch
|
|move|p2a: Electivire|Ice Punch|p1a: Liepard
|-damage|p1a: Liepard|0 fnt
|-damage|p2a: Electivire|233\/291|[from] item: Life Orb
|faint|p1a: Liepard
|
|upkeep
|choice|switch 4|
|
|switch|p1a: sin importancia|Magmortar, M|291\/291
|turn|13
|choice|move earthquake|move earthquake
|
|move|p2a: Electivire|Earthquake|p1a: sin importancia
|-supereffective|p1a: sin importancia
|-damage|p1a: sin importancia|0 fnt
|-damage|p2a: Electivire|204\/291|[from] item: Life Orb
|faint|p1a: sin importancia
|
|upkeep
|choice|switch 5|
|
|switch|p1a: mariposa|Vivillon, M|301\/301
|turn|14
|choice|move bugbuzz|move icepunch
|
|move|p2a: Electivire|Ice Punch|p1a: mariposa
|-supereffective|p1a: mariposa
|-enditem|p1a: mariposa|Focus Sash
|-damage|p1a: mariposa|1\/301
|-damage|p2a: Electivire|175\/291|[from] item: Life Orb
|move|p1a: mariposa|Bug Buzz|p2a: Electivire
|-damage|p2a: Electivire|9\/291
|
|upkeep
|turn|15
|choice|move bugbuzz|switch 2
|
|switch|p2a: Haunter|Haunter, F, shiny|231\/231
|move|p1a: mariposa|Bug Buzz|p2a: Haunter
|-resisted|p2a: Haunter
|-damage|p2a: Haunter|181\/231
|
|upkeep
|turn|16
|choice|move sleeppowder|move shadowball
|
|move|p2a: Haunter|Shadow Ball|p1a: mariposa
|-damage|p1a: mariposa|0 fnt
|faint|p1a: mariposa
|
|upkeep
|choice|switch 3|
|
|switch|p1a: bocado|Mawile, F|242\/242
|-ability|p1a: bocado|Intimidate|boost
|-unboost|p2a: Haunter|atk|1
|turn|17
|choice|move swordsdance|move shadowball
|
|move|p2a: Haunter|Shadow Ball|p1a: bocado
|-damage|p1a: bocado|13\/242
|move|p1a: bocado|Swords Dance|p1a: bocado
|-boost|p1a: bocado|atk|2
|
|-heal|p1a: bocado|28\/242|[from] item: Leftovers
|upkeep
|turn|18
|choice|move suckerpunch|switch 4
|
|switch|p2a: Malamar|Malamar, M|341\/341
|move|p1a: bocado|Sucker Punch|p2a: Malamar|[still]
|-fail|p1a: bocado
|
|-heal|p1a: bocado|43\/242|[from] item: Leftovers
|upkeep
|turn|19
|choice|move ironhead|move superpower
|
|move|p2a: Malamar|Superpower|p1a: bocado
|-crit|p1a: bocado
|-damage|p1a: bocado|0 fnt
|-boost|p2a: Malamar|atk|1
|-boost|p2a: Malamar|def|1
|faint|p1a: bocado
|
|upkeep
|-message|EG"Josseluis" forfeited.
|
|win|Tangent Phi
|l|EG"Josseluis"</script>
</div>
<div class="battle-log battle-log-inline"><div class="inner"><div class="battle-options"></div><div class="inner"><div class="chat"><small>EG"Josseluis" joined.</small></div><div class="chat"><small>Tangent Phi joined.</small></div><div class=""><small>Format:</small> <br><strong>NU</strong></div><div class=""><small><em>Sleep Clause Mod:</em> Limit one foe put to sleep</small></div><div class=""><small><em>Species Clause:</em> Limit one of each Pokémon</small></div><div class=""><small><em>OHKO Clause:</em> OHKO moves are banned</small></div><div class=""><small><em>Moody Clause:</em> Moody is banned</small></div><div class=""><small><em>Evasion Moves Clause:</em> Evasion moves are banned</small></div><div class=""><small><em>Endless Battle Clause:</em> Forcing endless battles is banned</small></div><div class=""><small><em>HP Percentage Mod:</em> HP is shown in percentages</small></div><div class=""><small><em>Swagger Clause:</em> Swagger is banned</small></div><div class=""><small><em>Baton Pass Clause:</em> Limit one Baton Passer, can't pass Spe and other stats simultaneously</small></div><div class="chat battle-history"><strong>EG"Josseluis"'s team:</strong> <em style="color:#445566;display:block;">Vivillon / Sandslash / Mawile / Mantine / Magmortar / Liepard</em></div><div class="chat battle-history"><strong>Tangent Phi's team:</strong> <em style="color:#445566;display:block;">Electivire / Haunter / Klinklang / Malamar / Claydol / Charizard</em></div><div class="chat"><small>Tanguy43210 joined.</small></div><div class="chat chatmessage-tangentphi"><strong style="color:hsl(184,70%,37.666666666666664%)"><small>☆</small><span class="username" data-name="Tangent Phi">Tangent Phi</span>:</strong> <em>have fun !</em></div><div class="spacer battle-history"><br></div><div class="battle-history">Battle started between EG"Josseluis" and Tangent Phi!<br></div><div class="spacer battle-history"><br></div><div class="battle-history">Go! sin importancia (<strong>Magmortar</strong>)!<br></div><div class="spacer battle-history"><br></div><div class="battle-history">Tangent Phi sent out <strong>Claydol</strong>!<br></div><div class="spacer battle-history"><br></div><h2 class="battle-history">Turn 1</h2><div class="spacer battle-history"><br></div><div class="battle-history">sin importancia, come back!<br></div><div class="battle-history">Go! vuela fuck (<strong>Mantine</strong>)!<br></div><div class="spacer battle-history"><br></div><div class="battle-history">The opposing Claydol used <strong>Stealth Rock</strong>!<br></div><div class="battle-history"><small>Pointed stones float in the air around your team!</small><br></div><div class="spacer battle-history"><br></div><h2 class="battle-history">Turn 2</h2><div class="spacer battle-history"><br></div><div class="battle-history">Tangent Phi withdrew Claydol!<br></div><div class="battle-history">Tangent Phi sent out <strong>Electivire</strong>!<br></div><div class="spacer battle-history"><br></div><div class="battle-history">vuela fuck used <strong>Defog</strong>!<br></div><div class="battle-history"><small>The opposing Electivire's evasiveness fell!</small><br></div><div class="battle-history"><small>The pointed stones disappeared from around your team!</small><br></div><div class="spacer battle-history"><br></div><h2 class="battle-history">Turn 3</h2><div class="chat"><small>Tanguy43210 left.</small></div><div class="spacer battle-history"><br></div><div class="battle-history">vuela fuck, come back!<br></div><div class="battle-history">Go! excadrilversion (<strong>Sandslash</strong>)!<br></div><div class="spacer battle-history"><br></div><div class="battle-history">The opposing Electivire used <strong>Ice Punch</strong>!<br></div><div class="battle-history"><small>It's super effective!</small><br></div><div class="battle-history"><small>(excadrilversion lost <abbr title="−140/354">39.5%</abbr> of its health!)</small><br></div><div class="battle-history"><small>The opposing Electivire lost some of its HP!</small><br></div><div class="spacer battle-history"><br></div><div class="battle-history"><small>excadrilversion restored a little HP using its Leftovers!</small><br></div><div class="spacer battle-history"><br></div><h2 class="battle-history">Turn 4</h2><div class="spacer battle-history"><br></div><div class="battle-history">Tangent Phi withdrew Electivire!<br></div><div class="battle-history">Tangent Phi sent out <strong>Haunter</strong>!<br></div><div class="spacer battle-history"><br></div><div class="battle-history">excadrilversion used <strong>Stealth Rock</strong>!<br></div><div class="battle-history"><small>Pointed stones float in the air around the opposing team!</small><br></div><div class="spacer battle-history"><br></div><div class="battle-history"><small>excadrilversion restored a little HP using its Leftovers!</small><br></div><div class="spacer battle-history"><br></div><h2 class="battle-history">Turn 5</h2><div class="spacer battle-history"><br></div><div class="battle-history">excadrilversion, come back!<br></div><div class="battle-history">Go! <strong>Liepard</strong>!<br></div><div class="spacer battle-history"><br></div><div class="battle-history">The opposing Haunter used <strong>Energy Ball</strong>!<br></div><div class="battle-history"><small>(Liepard lost <abbr title="−99/332">29.8%</abbr> of its health!)</small><br></div><div class="spacer battle-history"><br></div><div class="battle-history"><small>Liepard restored a little HP using its Leftovers!</small><br></div><div class="spacer battle-history"><br></div><h2 class="battle-history">Turn 6</h2><div class="spacer battle-history"><br></div><div class="battle-history">Tangent Phi withdrew Haunter!<br></div><div class="battle-history">Tangent Phi sent out <strong>Klinklang</strong>!<br></div><div class="battle-history"><small>Pointed stones dug into the opposing Klinklang!</small><br></div><div class="spacer battle-history"><br></div><div class="battle-history">Liepard used <strong>Foul Play</strong>!<br></div><div class="battle-history"><small>(The opposing Klinklang lost <abbr title="−126/281">44.8%</abbr> of its health!)</small><br></div><div class="spacer battle-history"><br></div><div class="battle-history"><small>The opposing Klinklang restored a little HP using its Leftovers!</small><br></div><div class="battle-history"><small>Liepard restored a little HP using its Leftovers!</small><br></div><div class="spacer battle-history"><br></div><h2 class="battle-history">Turn 7</h2><div class="spacer battle-history"><br></div><div class="battle-history">Tangent Phi withdrew Klinklang!<br></div><div class="battle-history">Tangent Phi sent out <strong>Claydol</strong>!<br></div><div class="battle-history"><small>Pointed stones dug into the opposing Claydol!</small><br></div><div class="spacer battle-history"><br></div><div class="battle-history">Liepard used <strong>Thunder Wave</strong>!<br></div><div class="battle-history"><small>It doesn't affect the opposing Claydol...</small><br></div><div class="spacer battle-history"><br></div><div class="battle-history"><small>Liepard restored a little HP using its Leftovers!</small><br></div><div class="battle-history"><small>The opposing Claydol restored a little HP using its Leftovers!</small><br></div><div class="spacer battle-history"><br></div><h2 class="battle-history">Turn 8</h2><div class="spacer battle-history"><br></div><div class="battle-history">Liepard used <strong>Taunt</strong>!<br></div><div class="battle-history"><small>The opposing Claydol fell for the taunt!</small><br></div><div class="spacer battle-history"><br></div><div class="battle-history">The opposing Claydol used <strong>Rapid Spin</strong>!<br></div><div class="battle-history"><small>(Liepard lost <abbr title="−17/332">5.1%</abbr> of its health!)</small><br></div><div class="battle-history"><small>The pointed stones disappeared from around the opposing team!</small><br></div><div class="spacer battle-history"><br></div><div class="battle-history"><small>Liepard restored a little HP using its Leftovers!</small><br></div><div class="spacer battle-history"><br></div><h2 class="battle-history">Turn 9</h2><div class="spacer battle-history"><br></div><div class="battle-history">Tangent Phi withdrew Claydol!<br></div><div class="battle-history">Tangent Phi sent out <strong>Klinklang</strong>!<br></div><div class="spacer battle-history"><br></div><div class="battle-history">Liepard used <strong>Foul Play</strong>!<br></div><div class="battle-history"><small>(The opposing Klinklang lost <abbr title="−126/281">44.8%</abbr> of its health!)</small><br></div><div class="spacer battle-history"><br></div><div class="battle-history"><small>The opposing Klinklang restored a little HP using its Leftovers!</small><br></div><div class="battle-history"><small>Liepard restored a little HP using its Leftovers!</small><br></div><div class="spacer battle-history"><br></div><h2 class="battle-history">Turn 10</h2><div class="spacer battle-history"><br></div><div class="battle-history">The opposing Klinklang used <strong>Gear Grind</strong>!<br></div><div class="battle-history"><small>(Liepard lost <abbr title="−133/332">40.1%</abbr> of its health!)</small><br></div><div class="battle-history"><small>(Liepard lost <abbr title="−139/332">41.9%</abbr> of its health!)</small><br></div><div class="battle-history"><small>Hit 2 times!</small><br></div><div class="spacer battle-history"><br></div><div class="battle-history">Liepard used <strong>Foul Play</strong>!<br></div><div class="battle-history"><small>(The opposing Klinklang lost <abbr title="−46/281">16.4%</abbr> of its health!)</small><br></div><div class="spacer battle-history"><br></div><div class="battle-history">The opposing Klinklang fainted!<br></div><div class="spacer battle-history"><br></div><div class="battle-history"><small>Liepard restored a little HP using its Leftovers!</small><br></div><div class="spacer battle-history"><br></div><div class="battle-history">Tangent Phi sent out <strong>Haunter</strong>!<br></div><div class="spacer battle-history"><br></div><h2 class="battle-history">Turn 11</h2><div class="spacer battle-history"><br></div><div class="battle-history">Tangent Phi withdrew Haunter!<br></div><div class="battle-history">Tangent Phi sent out <strong>Electivire</strong>!<br></div><div class="spacer battle-history"><br></div><div class="battle-history">Liepard used <strong>Thunder Wave</strong>!<br></div><div class="battle-history"><small>[The opposing Electivire's Motor Drive]</small><br></div><div class="battle-history"><small>The opposing Electivire's Speed rose!</small><br></div><div class="spacer battle-history"><br></div><div class="battle-history"><small>Liepard restored a little HP using its Leftovers!</small><br></div><div class="spacer battle-history"><br></div><h2 class="battle-history">Turn 12</h2><div class="spacer battle-history"><br></div><div class="battle-history">The opposing Electivire used <strong>Ice Punch</strong>!<br></div><div class="battle-history"><small>(Liepard lost <abbr title="−84/332">25.3%</abbr> of its health!)</small><br></div><div class="battle-history"><small>The opposing Electivire lost some of its HP!</small><br></div><div class="spacer battle-history"><br></div><div class="battle-history">Liepard fainted!<br></div><div class="spacer battle-history"><br></div><div class="battle-history">Go! sin importancia (<strong>Magmortar</strong>)!<br></div><div class="spacer battle-history"><br></div><h2 class="battle-history">Turn 13</h2><div class="spacer battle-history"><br></div><div class="battle-history">The opposing Electivire used <strong>Earthquake</strong>!<br></div><div class="battle-history"><small>It's super effective!</small><br></div><div class="battle-history"><small>(sin importancia lost <abbr title="−291/291">100%</abbr> of its health!)</small><br></div><div class="battle-history"><small>The opposing Electivire lost some of its HP!</small><br></div><div class="spacer battle-history"><br></div><div class="battle-history">sin importancia fainted!<br></div><div class="spacer battle-history"><br></div><div class="battle-history">Go! mariposa (<strong>Vivillon</strong>)!<br></div><div class="spacer battle-history"><br></div><h2 class="battle-history">Turn 14</h2><div class="spacer battle-history"><br></div><div class="battle-history">The opposing Electivire used <strong>Ice Punch</strong>!<br></div><div class="battle-history"><small>It's super effective!</small><br></div><div class="battle-history"><small>mariposa hung on using its Focus Sash!</small><br></div><div class="battle-history"><small>(mariposa lost <abbr title="−300/301">99.7%</abbr> of its health!)</small><br></div><div class="battle-history"><small>The opposing Electivire lost some of its HP!</small><br></div><div class="spacer battle-history"><br></div><div class="battle-history">mariposa used <strong>Bug Buzz</strong>!<br></div><div class="battle-history"><small>(The opposing Electivire lost <abbr title="−166/291">57.0%</abbr> of its health!)</small><br></div><div class="spacer battle-history"><br></div><h2 class="battle-history">Turn 15</h2><div class="spacer battle-history"><br></div><div class="battle-history">Tangent Phi withdrew Electivire!<br></div><div class="battle-history">Tangent Phi sent out <strong>Haunter</strong>!<br></div><div class="spacer battle-history"><br></div><div class="battle-history">mariposa used <strong>Bug Buzz</strong>!<br></div><div class="battle-history"><small>It's not very effective...</small><br></div><div class="battle-history"><small>(The opposing Haunter lost <abbr title="−50/231">21.6%</abbr> of its health!)</small><br></div><div class="spacer battle-history"><br></div><h2 class="battle-history">Turn 16</h2><div class="spacer battle-history"><br></div><div class="battle-history">The opposing Haunter used <strong>Shadow Ball</strong>!<br></div><div class="battle-history"><small>(mariposa lost <abbr title="−1/301">0.3%</abbr> of its health!)</small><br></div><div class="spacer battle-history"><br></div><div class="battle-history">mariposa fainted!<br></div><div class="spacer battle-history"><br></div><div class="battle-history">Go! bocado (<strong>Mawile</strong>)!<br></div><div class="battle-history"><small>[bocado's Intimidate]</small><br></div><div class="battle-history"><small>The opposing Haunter's Attack fell!</small><br></div><div class="spacer battle-history"><br></div><h2 class="battle-history">Turn 17</h2><div class="spacer battle-history"><br></div><div class="battle-history">The opposing Haunter used <strong>Shadow Ball</strong>!<br></div><div class="battle-history"><small>(bocado lost <abbr title="−229/242">94.6%</abbr> of its health!)</small><br></div><div class="spacer battle-history"><br></div><div class="battle-history">bocado used <strong>Swords Dance</strong>!<br></div><div class="battle-history"><small>bocado's Attack rose sharply!</small><br></div><div class="spacer battle-history"><br></div><div class="battle-history"><small>bocado restored a little HP using its Leftovers!</small><br></div><div class="spacer battle-history"><br></div><h2 class="battle-history">Turn 18</h2><div class="spacer battle-history"><br></div><div class="battle-history">Tangent Phi withdrew Haunter!<br></div><div class="battle-history">Tangent Phi sent out <strong>Malamar</strong>!<br></div><div class="spacer battle-history"><br></div><div class="battle-history">bocado used <strong>Sucker Punch</strong>!<br></div><div class="battle-history"><small>But it failed!</small><br></div><div class="spacer battle-history"><br></div><div class="battle-history"><small>bocado restored a little HP using its Leftovers!</small><br></div><div class="spacer battle-history"><br></div><h2 class="battle-history">Turn 19</h2><div class="spacer battle-history"><br></div><div class="battle-history">The opposing Malamar used <strong>Superpower</strong>!<br></div><div class="battle-history"><small>A critical hit!</small><br></div><div class="battle-history"><small>(bocado lost <abbr title="−43/242">17.8%</abbr> of its health!)</small><br></div><div class="battle-history"><small>The opposing Malamar's Attack rose!</small><br></div><div class="battle-history"><small>The opposing Malamar's Defense rose!</small><br></div><div class="spacer battle-history"><br></div><div class="battle-history">bocado fainted!<br></div><div class="spacer battle-history"><br></div><div class="battle-history"><small>EG"Josseluis" forfeited.</small><br></div><div class="spacer battle-history"><br></div><div class="battle-history"><strong>Tangent Phi</strong> won the battle!<br></div><div class="chat"><small>EG"Josseluis" left.</small></div></div><div class="inner-preempt"></div></div></div>
</div>
<script>
let daily = Math.floor(Date.now()/1000/60/60/24);document.write('<script src="https://play.pokemonshowdown.com/js/replay-embed.js?version'+daily+'"></'+'script>');
</script>
