<!DOCTYPE html>
<meta charset="utf-8" />
<!-- version 1 -->
<title>NU replay: er5y45 vs. M.V.Poliwrath</title>
<style>
html,body {font-family:Verdana, sans-serif;font-size:10pt;margin:0;padding:0;}body{padding:12px 0;} .battle-log {font-family:Verdana, sans-serif;font-size:10pt;} .battle-log-inline {border:1px solid #AAAAAA;background:#EEF2F5;color:black;max-width:640px;margin:0 auto 80px;padding-bottom:5px;} .battle-log .inner {padding:4px 8px 0px 8px;} .battle-log .inner-preempt {padding:0 8px 4px 8px;} .battle-log .inner-after {margin-top:0.5em;} .battle-log h2 {margin:0.5em -8px;padding:4px 8px;border:1px solid #AAAAAA;background:#E0E7EA;border-left:0;border-right:0;font-family:Verdana, sans-serif;font-size:13pt;} .battle-log .chat {vertical-align:middle;padding:3px 0 3px 0;font-size:8pt;} .battle-log .chat strong {color:#40576A;} .battle-log .chat em {padding:1px 4px 1px 3px;color:#000000;font-style:normal;} .chat.mine {background:rgba(0,0,0,0.05);margin-left:-8px;margin-right:-8px;padding-left:8px;padding-right:8px;} .spoiler {color:#BBBBBB;background:#BBBBBB;padding:0px 3px;} .spoiler:hover, .spoiler:active, .spoiler-shown {color:#000000;background:#E2E2E2;padding:0px 3px;} .spoiler a {color:#BBBBBB;} .spoiler:hover a, .spoiler:active a, .spoiler-shown a {color:#2288CC;} .chat code, .chat .spoiler:hover code, .chat .spoiler:active code, .chat .spoiler-shown code {border:1px solid #C0C0C0;background:#EEEEEE;color:black;padding:0 2px;} .chat .spoiler code {border:1px solid #CCCCCC;background:#CCCCCC;color:#CCCCCC;} .battle-log .rated {padding:3px 4px;} .battle-log .rated strong {color:white;background:#89A;padding:1px 4px;border-radius:4px;} .spacer {margin-top:0.5em;} .message-announce {background:#6688AA;color:white;padding:1px 4px 2px;} .message-announce a, .broadcast-green a, .broadcast-blue a, .broadcast-red a {color:#DDEEFF;} .broadcast-green {background-color:#559955;color:white;padding:2px 4px;} .broadcast-blue {background-color:#6688AA;color:white;padding:2px 4px;} .infobox {border:1px solid #6688AA;padding:2px 4px;} .infobox-limited {max-height:200px;overflow:auto;overflow-x:hidden;} .broadcast-red {background-color:#AA5544;color:white;padding:2px 4px;} .message-learn-canlearn {font-weight:bold;color:#228822;text-decoration:underline;} .message-learn-cannotlearn {font-weight:bold;color:#CC2222;text-decoration:underline;} .message-effect-weak {font-weight:bold;color:#CC2222;} .message-effect-resist {font-weight:bold;color:#6688AA;} .message-effect-immune {font-weight:bold;color:#666666;} .message-learn-list {margin-top:0;margin-bottom:0;} .message-throttle-notice, .message-error {color:#992222;} .message-overflow, .chat small.message-overflow {font-size:0pt;} .message-overflow::before {font-size:9pt;content:'...';} .subtle {color:#3A4A66;}
</style>
<div class="wrapper replay-wrapper" style="max-width:1180px;margin:0 auto">
<input type="hidden" name="replayid" value="nu-547749148" />
<div class="battle"></div><div class="battle-log"></div><div class="replay-controls"></div><div class="replay-controls-2"></div>
<h1 style="font-weight:normal;text-align:center"><strong>NU</strong><br /><a href="http://pokemonshowdown.com/users/er5y45" class="subtle" target="_blank">er5y45</a> vs. <a href="http://pokemonshowdown.com/users/mvpoliwrath" class="subtle" target="_blank">M.V.Poliwrath</a></h1>
<script type="text/plain" class="battle-log-data">|j|er5y45
|j|M.V.Poliwrath
|player|p1|er5y45|12
|player|p2|M.V.Poliwrath|76
|gametype|singles
|gen|6
|tier|NU
|rated
|seed|27438,43466,62846,24457
|rule|Sleep Clause Mod: Limit one foe put to sleep
|rule|Species Clause: Limit one of each Pokémon
|rule|OHKO Clause: OHKO moves are banned
|rule|Moody Clause: Moody is banned
|rule|Evasion Moves Clause: Evasion moves are banned
|rule|Endless Battle Clause: Forcing endless battles is banned
|rule|HP Percentage Mod: HP is shown in percentages
|clearpoke
|poke|p1|Rotom|item
|poke|p1|Kecleon, M|item
|poke|p1|Magmortar, M|item
|poke|p1|Gurdurr, M|item
|poke|p1|Xatu, M|item
|poke|p1|Samurott, M|item
|poke|p2|Poliwrath, F|item
|poke|p2|Leavanny, M|item
|poke|p2|Magmortar, F|item
|poke|p2|Haunter, F|item
|poke|p2|Regirock|item
|poke|p2|Cryogonal|item
|rule|Swagger Clause: Swagger is banned
|rule|Baton Pass Clause: Limit one Baton Passer, can't pass Spe and other stats simultaneously
|teampreview
|choice|team 1, team 2, team 3, team 4, team 5, team 6|team 2, team 1, team 3, team 4, team 5, team 6
|
|start
|switch|p1a: Rotom|Rotom|242\/242
|switch|p2a: Leavanny|Leavanny, M|354\/354
|turn|1
|choice|move voltswitch|move stickyweb
|
|move|p1a: Rotom|Volt Switch|p2a: Leavanny
|-resisted|p2a: Leavanny
|-damage|p2a: Leavanny|290\/354
|choice|switch 5|
|
|switch|p1a: Xatu|Xatu, M|334\/334
|move|p2a: Leavanny|Sticky Web|p1a: Xatu
|move|p1a: Xatu|Sticky Web|p2a: Leavanny|[from]Magic Bounce
|-sidestart|p2: M.V.Poliwrath|move: Sticky Web
|
|-heal|p2a: Leavanny|312\/354|[from] item: Leftovers
|upkeep
|turn|2
|choice|move airslash|move swordsdance
|
|move|p1a: Xatu|Air Slash|p2a: Leavanny
|-supereffective|p2a: Leavanny
|-damage|p2a: Leavanny|0 fnt
|faint|p2a: Leavanny
|
|upkeep
|choice||switch 6
|
|switch|p2a: Cryogonal|Cryogonal|343\/343
|turn|3
|choice|switch 2|move icebeam
|
|switch|p1a: Kecleon|Kecleon, M|324\/324
|move|p2a: Cryogonal|Ice Beam|p1a: Kecleon
|-damage|p1a: Kecleon|225\/324
|
|upkeep
|turn|4
|choice|move drainpunch|move rapidspin
|
|move|p2a: Cryogonal|Rapid Spin|p1a: Kecleon
|-damage|p1a: Kecleon|216\/324
|-sideend|p2: M.V.Poliwrath|Sticky Web|[from] move: Rapid Spin|[of] p2a: Cryogonal
|move|p1a: Kecleon|Drain Punch|p2a: Cryogonal
|-start|p1a: Kecleon|typechange|Fighting|[from] Protean
|-supereffective|p2a: Cryogonal
|-damage|p2a: Cryogonal|0 fnt
|-heal|p1a: Kecleon|324\/324|[from] drain|[of] p2a: Cryogonal
|faint|p2a: Cryogonal
|
|upkeep
|choice||switch 4
|
|switch|p2a: Haunter|Haunter, F|294\/294
|turn|5
|choice|move knockoff|move psychic
|
|move|p2a: Haunter|Psychic|p1a: Kecleon
|-supereffective|p1a: Kecleon
|-damage|p1a: Kecleon|196\/324
|move|p1a: Kecleon|Knock Off|p2a: Haunter
|-start|p1a: Kecleon|typechange|Dark|[from] Protean
|-supereffective|p2a: Haunter
|-damage|p2a: Haunter|0 fnt
|-enditem|p2a: Haunter|Eviolite|[from] move: Knock Off|[of] p1a: Kecleon
|faint|p2a: Haunter
|
|upkeep
|c|☆er5y45|balanced
|choice||switch 2
|
|switch|p2a: Poliwrath|Poliwrath, F|321\/321
|turn|6
|choice|switch 5|move focusblast
|
|switch|p1a: Rotom|Rotom|242\/242
|move|p2a: Poliwrath|Focus Blast|p1a: Rotom
|-immune|p1a: Rotom|[msg]
|
|upkeep
|turn|7
|choice|move trick|switch 5
|
|switch|p2a: Regirock|Regirock|364\/364
|move|p1a: Rotom|Trick|p2a: Regirock
|-activate|p1a: Rotom|move: Trick|[of] p2a: Regirock
|-item|p2a: Regirock|Choice Scarf|[from] move: Trick
|-item|p1a: Rotom|Rocky Helmet|[from] move: Trick
|
|upkeep
|turn|8
|choice|move voltswitch|move stealthrock
|
|move|p1a: Rotom|Volt Switch|p2a: Regirock
|-damage|p2a: Regirock|252\/364
|choice|switch 4|
|
|switch|p1a: Gurdurr|Gurdurr, M|374\/374
|move|p2a: Regirock|Stealth Rock|p1a: Gurdurr
|-sidestart|p1: er5y45|move: Stealth Rock
|
|upkeep
|turn|9
|choice|move bulkup|switch 5
|
|switch|p2a: Poliwrath|Poliwrath, F|321\/321
|move|p1a: Gurdurr|Bulk Up|p1a: Gurdurr
|-boost|p1a: Gurdurr|atk|1
|-boost|p1a: Gurdurr|def|1
|
|upkeep
|turn|10
|choice|move bulkup|move scald
|
|move|p2a: Poliwrath|Scald|p1a: Gurdurr
|-damage|p1a: Gurdurr|322\/374
|move|p1a: Gurdurr|Bulk Up|p1a: Gurdurr
|-boost|p1a: Gurdurr|atk|1
|-boost|p1a: Gurdurr|def|1
|
|upkeep
|turn|11
|choice|move bulkup|move scald
|
|move|p2a: Poliwrath|Scald|p1a: Gurdurr
|-damage|p1a: Gurdurr|268\/374
|move|p1a: Gurdurr|Bulk Up|p1a: Gurdurr
|-boost|p1a: Gurdurr|atk|1
|-boost|p1a: Gurdurr|def|1
|
|upkeep
|turn|12
|choice|move drainpunch|move scald
|
|move|p2a: Poliwrath|Scald|p1a: Gurdurr
|-damage|p1a: Gurdurr|216\/374
|move|p1a: Gurdurr|Drain Punch|p2a: Poliwrath
|-damage|p2a: Poliwrath|93\/321
|-heal|p1a: Gurdurr|330\/374|[from] drain|[of] p2a: Poliwrath
|
|-heal|p2a: Poliwrath|113\/321|[from] item: Leftovers
|upkeep
|turn|13
|choice|move drainpunch|move scald
|
|move|p2a: Poliwrath|Scald|p1a: Gurdurr
|-damage|p1a: Gurdurr|276\/374
|-status|p1a: Gurdurr|brn
|move|p1a: Gurdurr|Drain Punch|p2a: Poliwrath
|-damage|p2a: Poliwrath|0 fnt
|-heal|p1a: Gurdurr|333\/374 brn|[from] drain|[of] p2a: Poliwrath
|faint|p2a: Poliwrath
|
|-damage|p1a: Gurdurr|287\/374 brn|[from] brn
|upkeep
|c|☆er5y45|guts
|c|☆er5y45|BTW
|choice||switch 3
|
|switch|p2a: Magmortar|Magmortar, F|307\/307
|turn|14
|choice|move drainpunch|move fireblast
|
|move|p2a: Magmortar|Fire Blast|p1a: Gurdurr
|-damage|p1a: Gurdurr|134\/374 brn
|move|p1a: Gurdurr|Drain Punch|p2a: Magmortar
|-damage|p2a: Magmortar|0 fnt
|-heal|p1a: Gurdurr|288\/374 brn|[from] drain|[of] p2a: Magmortar
|faint|p2a: Magmortar
|
|-damage|p1a: Gurdurr|242\/374 brn|[from] brn
|upkeep
|-message|M.V.Poliwrath forfeited.
|
|win|er5y45
|player|p1
|player|p2
|l|M.V.Poliwrath</script>
</div>
<div class="battle-log battle-log-inline"><div class="inner"><div class="battle-options"></div><div class="inner"><div class="chat"><small>er5y45 joined.</small></div><div class="chat"><small>M.V.Poliwrath joined.</small></div><div class=""><small>Format:</small> <br><strong>NU</strong></div><div class="rated"><strong>Rated battle</strong></div><div class=""><small><em>Sleep Clause Mod:</em> Limit one foe put to sleep</small></div><div class=""><small><em>Species Clause:</em> Limit one of each Pokémon</small></div><div class=""><small><em>OHKO Clause:</em> OHKO moves are banned</small></div><div class=""><small><em>Moody Clause:</em> Moody is banned</small></div><div class=""><small><em>Evasion Moves Clause:</em> Evasion moves are banned</small></div><div class=""><small><em>Endless Battle Clause:</em> Forcing endless battles is banned</small></div><div class=""><small><em>HP Percentage Mod:</em> HP is shown in percentages</small></div><div class=""><small><em>Swagger Clause:</em> Swagger is banned</small></div><div class=""><small><em>Baton Pass Clause:</em> Limit one Baton Passer, can't pass Spe and other stats simultaneously</small></div><div class="chat battle-history"><strong>er5y45's team:</strong> <em style="color:#445566;display:block;">Rotom / Kecleon / Magmortar / Gurdurr / Xatu / Samurott</em></div><div class="chat battle-history"><strong>M.V.Poliwrath's team:</strong> <em style="color:#445566;display:block;">Poliwrath / Leavanny / Magmortar / Haunter / Regirock / Cryogonal</em></div><div class="spacer battle-history"><br></div><div class="battle-history">Battle started between er5y45 and M.V.Poliwrath!<br></div><div class="spacer battle-history"><br></div><div class="battle-history">Go! <strong>Rotom</strong>!<br></div><div class="spacer battle-history"><br></div><div class="battle-history">M.V.Poliwrath sent out <strong>Leavanny</strong>!<br></div><div class="spacer battle-history"><br></div><h2 class="battle-history">Turn 1</h2><div class="spacer battle-history"><br></div><div class="battle-history">Rotom used <strong>Volt Switch</strong>!<br></div><div class="battle-history"><small>It's not very effective...</small><br></div><div class="battle-history"><small>(The opposing Leavanny lost <abbr title="−64/354">18.1%</abbr> of its health!)</small><br></div><div class="spacer battle-history"><br></div><div class="battle-history">Rotom went back to er5y45!<br></div><div class="battle-history">Go! <strong>Xatu</strong>!<br></div><div class="spacer battle-history"><br></div><div class="battle-history">The opposing Leavanny used <strong>Sticky Web</strong>!<br></div><div class="spacer battle-history"><br></div><div class="battle-history"><small>[Xatu's Magic Bounce]</small><br>Xatu bounced the Sticky Web back!<br></div><div class="battle-history"><small>A sticky web spreads out on the ground around the opposing team!</small><br></div><div class="spacer battle-history"><br></div><div class="battle-history"><small>The opposing Leavanny restored a little HP using its Leftovers!</small><br></div><div class="spacer battle-history"><br></div><h2 class="battle-history">Turn 2</h2><div class="spacer battle-history"><br></div><div class="battle-history">Xatu used <strong>Air Slash</strong>!<br></div><div class="battle-history"><small>It's super effective!</small><br></div><div class="battle-history"><small>(The opposing Leavanny lost <abbr title="−312/354">88.1%</abbr> of its health!)</small><br></div><div class="spacer battle-history"><br></div><div class="battle-history">The opposing Leavanny fainted!<br></div><div class="spacer battle-history"><br></div><div class="battle-history">M.V.Poliwrath sent out <strong>Cryogonal</strong>!<br></div><div class="spacer battle-history"><br></div><h2 class="battle-history">Turn 3</h2><div class="spacer battle-history"><br></div><div class="battle-history">Xatu, come back!<br></div><div class="battle-history">Go! <strong>Kecleon</strong>!<br></div><div class="spacer battle-history"><br></div><div class="battle-history">The opposing Cryogonal used <strong>Ice Beam</strong>!<br></div><div class="battle-history"><small>(Kecleon lost <abbr title="−99/324">30.6%</abbr> of its health!)</small><br></div><div class="spacer battle-history"><br></div><h2 class="battle-history">Turn 4</h2><div class="spacer battle-history"><br></div><div class="battle-history">The opposing Cryogonal used <strong>Rapid Spin</strong>!<br></div><div class="battle-history"><small>(Kecleon lost <abbr title="−9/324">2.8%</abbr> of its health!)</small><br></div><div class="battle-history"><small>The sticky web has disappeared from the ground around the opposing team!</small><br></div><div class="spacer battle-history"><br></div><div class="battle-history">Kecleon used <strong>Drain Punch</strong>!<br></div><div class="spacer battle-history"><br></div><div class="battle-history"><small>[Kecleon's Protean]</small><br><small>Kecleon transformed into the Fighting type!</small><br></div><div class="battle-history"><small>It's super effective!</small><br></div><div class="battle-history"><small>(The opposing Cryogonal lost <abbr title="−343/343">100%</abbr> of its health!)</small><br></div><div class="battle-history"><small>The opposing Cryogonal had its energy drained!</small><br></div><div class="spacer battle-history"><br></div><div class="battle-history">The opposing Cryogonal fainted!<br></div><div class="spacer battle-history"><br></div><div class="battle-history">M.V.Poliwrath sent out <strong>Haunter</strong>!<br></div><div class="spacer battle-history"><br></div><h2 class="battle-history">Turn 5</h2><div class="spacer battle-history"><br></div><div class="battle-history">The opposing Haunter used <strong>Psychic</strong>!<br></div><div class="battle-history"><small>It's super effective!</small><br></div><div class="battle-history"><small>(Kecleon lost <abbr title="−128/324">39.5%</abbr> of its health!)</small><br></div><div class="spacer battle-history"><br></div><div class="battle-history">Kecleon used <strong>Knock Off</strong>!<br></div><div class="spacer battle-history"><br></div><div class="battle-history"><small>[Kecleon's Protean]</small><br><small>Kecleon transformed into the Dark type!</small><br></div><div class="battle-history"><small>It's super effective!</small><br></div><div class="battle-history"><small>(The opposing Haunter lost <abbr title="−294/294">100%</abbr> of its health!)</small><br></div><div class="battle-history"><small>Kecleon knocked off the opposing Haunter's Eviolite!</small><br></div><div class="spacer battle-history"><br></div><div class="battle-history">The opposing Haunter fainted!<br></div><div class="chat chatmessage-er5y45"><strong style="color:hsl(24,40%,45%)"><small>☆</small><span class="username" data-name="er5y45">er5y45</span>:</strong> <em>balanced</em></div><div class="spacer battle-history"><br></div><div class="battle-history">M.V.Poliwrath sent out <strong>Poliwrath</strong>!<br></div><div class="spacer battle-history"><br></div><h2 class="battle-history">Turn 6</h2><div class="spacer battle-history"><br></div><div class="battle-history">Kecleon, come back!<br></div><div class="battle-history">Go! <strong>Rotom</strong>!<br></div><div class="spacer battle-history"><br></div><div class="battle-history">The opposing Poliwrath used <strong>Focus Blast</strong>!<br></div><div class="battle-history"><small>It doesn't affect Rotom...</small><br></div><div class="spacer battle-history"><br></div><h2 class="battle-history">Turn 7</h2><div class="spacer battle-history"><br></div><div class="battle-history">M.V.Poliwrath withdrew Poliwrath!<br></div><div class="battle-history">M.V.Poliwrath sent out <strong>Regirock</strong>!<br></div><div class="spacer battle-history"><br></div><div class="battle-history">Rotom used <strong>Trick</strong>!<br></div><div class="battle-history"><small>Rotom switched items with its target!</small><br></div><div class="battle-history"><small>The opposing Regirock obtained one Choice Scarf.</small><br></div><div class="battle-history"><small>Rotom obtained one Rocky Helmet.</small><br></div><div class="spacer battle-history"><br></div><h2 class="battle-history">Turn 8</h2><div class="spacer battle-history"><br></div><div class="battle-history">Rotom used <strong>Volt Switch</strong>!<br></div><div class="battle-history"><small>(The opposing Regirock lost <abbr title="−112/364">30.8%</abbr> of its health!)</small><br></div><div class="spacer battle-history"><br></div><div class="battle-history">Rotom went back to er5y45!<br></div><div class="battle-history">Go! <strong>Gurdurr</strong>!<br></div><div class="spacer battle-history"><br></div><div class="battle-history">The opposing Regirock used <strong>Stealth Rock</strong>!<br></div><div class="battle-history"><small>Pointed stones float in the air around your team!</small><br></div><div class="spacer battle-history"><br></div><h2 class="battle-history">Turn 9</h2><div class="spacer battle-history"><br></div><div class="battle-history">M.V.Poliwrath withdrew Regirock!<br></div><div class="battle-history">M.V.Poliwrath sent out <strong>Poliwrath</strong>!<br></div><div class="spacer battle-history"><br></div><div class="battle-history">Gurdurr used <strong>Bulk Up</strong>!<br></div><div class="battle-history"><small>Gurdurr's Attack rose!</small><br></div><div class="battle-history"><small>Gurdurr's Defense rose!</small><br></div><div class="spacer battle-history"><br></div><h2 class="battle-history">Turn 10</h2><div class="spacer battle-history"><br></div><div class="battle-history">The opposing Poliwrath used <strong>Scald</strong>!<br></div><div class="battle-history"><small>(Gurdurr lost <abbr title="−52/374">13.9%</abbr> of its health!)</small><br></div><div class="spacer battle-history"><br></div><div class="battle-history">Gurdurr used <strong>Bulk Up</strong>!<br></div><div class="battle-history"><small>Gurdurr's Attack rose!</small><br></div><div class="battle-history"><small>Gurdurr's Defense rose!</small><br></div><div class="spacer battle-history"><br></div><h2 class="battle-history">Turn 11</h2><div class="spacer battle-history"><br></div><div class="battle-history">The opposing Poliwrath used <strong>Scald</strong>!<br></div><div class="battle-history"><small>(Gurdurr lost <abbr title="−54/374">14.4%</abbr> of its health!)</small><br></div><div class="spacer battle-history"><br></div><div class="battle-history">Gurdurr used <strong>Bulk Up</strong>!<br></div><div class="battle-history"><small>Gurdurr's Attack rose!</small><br></div><div class="battle-history"><small>Gurdurr's Defense rose!</small><br></div><div class="spacer battle-history"><br></div><h2 class="battle-history">Turn 12</h2><div class="spacer battle-history"><br></div><div class="battle-history">The opposing Poliwrath used <strong>Scald</strong>!<br></div><div class="battle-history"><small>(Gurdurr lost <abbr title="−52/374">13.9%</abbr> of its health!)</small><br></div><div class="spacer battle-history"><br></div><div class="battle-history">Gurdurr used <strong>Drain Punch</strong>!<br></div><div class="battle-history"><small>(The opposing Poliwrath lost <abbr title="−228/321">71.0%</abbr> of its health!)</small><br></div><div class="battle-history"><small>The opposing Poliwrath had its energy drained!</small><br></div><div class="spacer battle-history"><br></div><div class="battle-history"><small>The opposing Poliwrath restored a little HP using its Leftovers!</small><br></div><div class="spacer battle-history"><br></div><h2 class="battle-history">Turn 13</h2><div class="spacer battle-history"><br></div><div class="battle-history">The opposing Poliwrath used <strong>Scald</strong>!<br></div><div class="battle-history"><small>(Gurdurr lost <abbr title="−54/374">14.4%</abbr> of its health!)</small><br></div><div class="battle-history"><small>Gurdurr was burned!</small><br></div><div class="spacer battle-history"><br></div><div class="battle-history">Gurdurr used <strong>Drain Punch</strong>!<br></div><div class="battle-history"><small>(The opposing Poliwrath lost <abbr title="−113/321">35.2%</abbr> of its health!)</small><br></div><div class="battle-history"><small>The opposing Poliwrath had its energy drained!</small><br></div><div class="spacer battle-history"><br></div><div class="battle-history">The opposing Poliwrath fainted!<br></div><div class="spacer battle-history"><br></div><div class="battle-history"><small>Gurdurr was hurt by its burn!</small><br></div><div class="chat chatmessage-er5y45"><strong style="color:hsl(24,40%,45%)"><small>☆</small><span class="username" data-name="er5y45">er5y45</span>:</strong> <em>guts</em></div><div class="chat chatmessage-er5y45"><strong style="color:hsl(24,40%,45%)"><small>☆</small><span class="username" data-name="er5y45">er5y45</span>:</strong> <em>BTW</em></div><div class="spacer battle-history"><br></div><div class="battle-history">M.V.Poliwrath sent out <strong>Magmortar</strong>!<br></div><div class="spacer battle-history"><br></div><h2 class="battle-history">Turn 14</h2><div class="spacer battle-history"><br></div><div class="battle-history">The opposing Magmortar used <strong>Fire Blast</strong>!<br></div><div class="battle-history"><small>(Gurdurr lost <abbr title="−153/374">40.9%</abbr> of its health!)</small><br></div><div class="spacer battle-history"><br></div><div class="battle-history">Gurdurr used <strong>Drain Punch</strong>!<br></div><div class="battle-history"><small>(The opposing Magmortar lost <abbr title="−307/307">100%</abbr> of its health!)</small><br></div><div class="battle-history"><small>The opposing Magmortar had its energy drained!</small><br></div><div class="spacer battle-history"><br></div><div class="battle-history">The opposing Magmortar fainted!<br></div><div class="spacer battle-history"><br></div><div class="battle-history"><small>Gurdurr was hurt by its burn!</small><br></div><div class="spacer battle-history"><br></div><div class="battle-history"><small>M.V.Poliwrath forfeited.</small><br></div><div class="spacer battle-history"><br></div><div class="battle-history"><strong>er5y45</strong> won the battle!<br></div><div class="chat"><small>M.V.Poliwrath left.</small></div></div><div class="inner-preempt"></div></div></div>
</div>
<script>
let daily = Math.floor(Date.now()/1000/60/60/24);document.write('<script src="https://play.pokemonshowdown.com/js/replay-embed.js?version'+daily+'"></'+'script>');
</script>
