<!DOCTYPE html>
<meta charset="utf-8" />
<!-- version 1 -->
<title>NU replay: yogi✬bears vs. Shadestep</title>
<style>
html,body {font-family:Verdana, sans-serif;font-size:10pt;margin:0;padding:0;}body{padding:12px 0;} .battle-log {font-family:Verdana, sans-serif;font-size:10pt;} .battle-log-inline {border:1px solid #AAAAAA;background:#EEF2F5;color:black;max-width:640px;margin:0 auto 80px;padding-bottom:5px;} .battle-log .inner {padding:4px 8px 0px 8px;} .battle-log .inner-preempt {padding:0 8px 4px 8px;} .battle-log .inner-after {margin-top:0.5em;} .battle-log h2 {margin:0.5em -8px;padding:4px 8px;border:1px solid #AAAAAA;background:#E0E7EA;border-left:0;border-right:0;font-family:Verdana, sans-serif;font-size:13pt;} .battle-log .chat {vertical-align:middle;padding:3px 0 3px 0;font-size:8pt;} .battle-log .chat strong {color:#40576A;} .battle-log .chat em {padding:1px 4px 1px 3px;color:#000000;font-style:normal;} .chat.mine {background:rgba(0,0,0,0.05);margin-left:-8px;margin-right:-8px;padding-left:8px;padding-right:8px;} .spoiler {color:#BBBBBB;background:#BBBBBB;padding:0px 3px;} .spoiler:hover, .spoiler:active, .spoiler-shown {color:#000000;background:#E2E2E2;padding:0px 3px;} .spoiler a {color:#BBBBBB;} .spoiler:hover a, .spoiler:active a, .spoiler-shown a {color:#2288CC;} .chat code, .chat .spoiler:hover code, .chat .spoiler:active code, .chat .spoiler-shown code {border:1px solid #C0C0C0;background:#EEEEEE;color:black;padding:0 2px;} .chat .spoiler code {border:1px solid #CCCCCC;background:#CCCCCC;color:#CCCCCC;} .battle-log .rated {padding:3px 4px;} .battle-log .rated strong {color:white;background:#89A;padding:1px 4px;border-radius:4px;} .spacer {margin-top:0.5em;} .message-announce {background:#6688AA;color:white;padding:1px 4px 2px;} .message-announce a, .broadcast-green a, .broadcast-blue a, .broadcast-red a {color:#DDEEFF;} .broadcast-green {background-color:#559955;color:white;padding:2px 4px;} .broadcast-blue {background-color:#6688AA;color:white;padding:2px 4px;} .infobox {border:1px solid #6688AA;padding:2px 4px;} .infobox-limited {max-height:200px;overflow:auto;overflow-x:hidden;} .broadcast-red {background-color:#AA5544;color:white;padding:2px 4px;} .message-learn-canlearn {font-weight:bold;color:#228822;text-decoration:underline;} .message-learn-cannotlearn {font-weight:bold;color:#CC2222;text-decoration:underline;} .message-effect-weak {font-weight:bold;color:#CC2222;} .message-effect-resist {font-weight:bold;color:#6688AA;} .message-effect-immune {font-weight:bold;color:#666666;} .message-learn-list {margin-top:0;margin-bottom:0;} .message-throttle-notice, .message-error {color:#992222;} .message-overflow, .chat small.message-overflow {font-size:0pt;} .message-overflow::before {font-size:9pt;content:'...';} .subtle {color:#3A4A66;}
</style>
<div class="wrapper replay-wrapper" style="max-width:1180px;margin:0 auto">
<input type="hidden" name="replayid" value="nu-544318400" />
<div class="battle"></div><div class="battle-log"></div><div class="replay-controls"></div><div class="replay-controls-2"></div>
<h1 style="font-weight:normal;text-align:center"><strong>NU</strong><br /><a href="http://pokemonshowdown.com/users/yogibears" class="subtle" target="_blank">yogi✬bears</a> vs. <a href="http://pokemonshowdown.com/users/shadestep" class="subtle" target="_blank">Shadestep</a></h1>
<script type="text/plain" class="battle-log-data">|j|yogi✬bears
|j|Shadestep
|player|p1|yogi✬bears|51
|player|p2|Shadestep|237
|gametype|singles
|gen|6
|tier|NU
|seed|62200,42505,63772,30858
|rule|Sleep Clause Mod: Limit one foe put to sleep
|rule|Species Clause: Limit one of each Pokémon
|rule|OHKO Clause: OHKO moves are banned
|rule|Moody Clause: Moody is banned
|rule|Evasion Moves Clause: Evasion moves are banned
|rule|Endless Battle Clause: Forcing endless battles is banned
|rule|HP Percentage Mod: HP is shown in percentages
|clearpoke
|poke|p1|Xatu, F|item
|poke|p1|Hitmonchan, M|item
|poke|p1|Rhydon, F|item
|poke|p1|Aurorus, F|item
|poke|p1|Lanturn, M|item
|poke|p1|Mesprit|item
|poke|p2|Xatu, M|item
|poke|p2|Torterra, F|item
|poke|p2|Scyther, F|item
|poke|p2|Poliwrath, F|item
|poke|p2|Regirock|item
|poke|p2|Skuntank, F|item
|rule|Swagger Clause: Swagger is banned
|rule|Baton Pass Clause: Limit one Baton Passer, can't pass Spe and other stats simultaneously
|teampreview
|j|LazerGoesPew
|c|☆Shadestep|hf
|c|☆yogi✬bears|u2
|j|eifo
|choice|team 4, team 2, team 3, team 1, team 5, team 6|team 3, team 2, team 1, team 4, team 5, team 6
|
|start
|switch|p1a: Aurorus|Aurorus, F|387\/387
|switch|p2a: Scyther|Scyther, F|281\/281
|-weather|Hail|[from] ability: Snow Warning|[of] p1a: Aurorus
|turn|1
|choice|move freezedry|move uturn
|
|move|p2a: Scyther|U-turn|p1a: Aurorus
|-damage|p1a: Aurorus|248\/387
|choice||switch 5
|
|switch|p2a: Regirock|Regirock|364\/364
|move|p1a: Aurorus|Freeze-Dry|p2a: Regirock
|-damage|p2a: Regirock|283\/364
|
|-weather|Hail|[upkeep]
|-damage|p2a: Regirock|261\/364|[from] hail
|-heal|p2a: Regirock|283\/364|[from] item: Leftovers
|upkeep
|turn|2
|j|cyanize!
|choice|switch 6|move rockslide
|
|switch|p1a: Mesprit|Mesprit|363\/363
|move|p2a: Regirock|Rock Slide|p1a: Mesprit
|-damage|p1a: Mesprit|303\/363
|
|-weather|Hail|[upkeep]
|-damage|p1a: Mesprit|281\/363|[from] hail
|-damage|p2a: Regirock|261\/364|[from] hail
|-heal|p2a: Regirock|283\/364|[from] item: Leftovers
|upkeep
|turn|3
|choice|move energyball|move rockslide
|
|move|p1a: Mesprit|Energy Ball|p2a: Regirock
|-supereffective|p2a: Regirock
|-damage|p2a: Regirock|149\/364
|move|p2a: Regirock|Rock Slide|p1a: Mesprit|[miss]
|-miss|p2a: Regirock|p1a: Mesprit
|
|-weather|Hail|[upkeep]
|-damage|p1a: Mesprit|259\/363|[from] hail
|-damage|p2a: Regirock|127\/364|[from] hail
|-heal|p2a: Regirock|149\/364|[from] item: Leftovers
|upkeep
|turn|4
|choice|move uturn|switch 5
|
|switch|p2a: Scyther|Scyther, F|281\/281
|move|p1a: Mesprit|U-turn|p2a: Scyther
|-resisted|p2a: Scyther
|-damage|p2a: Scyther|250\/281
|c| cyanize!|snow cloak mesprit
|choice|switch 6|
|
|switch|p1a: Aurorus|Aurorus, F|248\/387
|
|-weather|Hail|[upkeep]
|-damage|p2a: Scyther|233\/281|[from] hail
|upkeep
|turn|5
|choice|move freezedry|move uturn
|
|move|p2a: Scyther|U-turn|p1a: Aurorus
|-damage|p1a: Aurorus|106\/387
|choice||switch 4
|
|switch|p2a: Poliwrath|Poliwrath, F|339\/339
|move|p1a: Aurorus|Freeze-Dry|p2a: Poliwrath
|-supereffective|p2a: Poliwrath
|-damage|p2a: Poliwrath|93\/339
|
|-weather|none
|-heal|p2a: Poliwrath|114\/339|[from] item: Leftovers
|upkeep
|turn|6
|choice|switch 5|move vacuumwave
|
|switch|p1a: Lanturn|Lanturn, M|406\/406
|move|p2a: Poliwrath|Vacuum Wave|p1a: Lanturn
|-damage|p1a: Lanturn|372\/406
|
|-heal|p2a: Poliwrath|135\/339|[from] item: Leftovers
|upkeep
|turn|7
|choice|move voltswitch|switch 2
|
|switch|p2a: Torterra|Torterra, F|331\/331
|move|p1a: Lanturn|Volt Switch|p2a: Torterra
|-immune|p2a: Torterra|[msg]
|
|upkeep
|turn|8
|choice|move icebeam|move woodhammer
|
|move|p2a: Torterra|Wood Hammer|p1a: Lanturn
|-supereffective|p1a: Lanturn
|-damage|p1a: Lanturn|0 fnt
|-damage|p2a: Torterra|208\/331|[from] recoil|[of] p1a: Lanturn
|faint|p1a: Lanturn
|
|upkeep
|choice|switch 2|
|
|switch|p1a: Hitmonchan|Hitmonchan, M|241\/241
|turn|9
|choice|move icepunch|switch 3
|
|switch|p2a: Xatu|Xatu, M|334\/334
|move|p1a: Hitmonchan|Ice Punch|p2a: Xatu
|-supereffective|p2a: Xatu
|-damage|p2a: Xatu|56\/334
|-damage|p1a: Hitmonchan|201\/241|[from] item: Rocky Helmet|[of] p2a: Xatu
|-status|p2a: Xatu|frz
|-damage|p1a: Hitmonchan|177\/241|[from] item: Life Orb
|
|upkeep
|turn|10
|c|☆yogi✬bears|...
|choice|switch 5|move psychic
|
|switch|p1a: Aurorus|Aurorus, F|106\/387
|-weather|Hail|[from] ability: Snow Warning|[of] p1a: Aurorus
|cant|p2a: Xatu|frz
|
|-weather|Hail|[upkeep]
|-damage|p2a: Xatu|36\/334 frz|[from] hail
|upkeep
|turn|11
|choice|move freezedry|move psychic
|
|move|p1a: Aurorus|Freeze-Dry|p2a: Xatu
|-supereffective|p2a: Xatu
|-damage|p2a: Xatu|0 fnt
|faint|p2a: Xatu
|
|-weather|Hail|[upkeep]
|upkeep
|choice||switch 6
|
|switch|p2a: Skuntank|Skuntank, F|347\/347
|turn|12
|choice|move freezedry|move pursuit
|
|move|p1a: Aurorus|Freeze-Dry|p2a: Skuntank
|-damage|p2a: Skuntank|227\/347
|move|p2a: Skuntank|Pursuit|p1a: Aurorus
|-crit|p1a: Aurorus
|-damage|p1a: Aurorus|0 fnt
|faint|p1a: Aurorus
|
|-weather|Hail|[upkeep]
|-damage|p2a: Skuntank|206\/347|[from] hail
|upkeep
|choice|switch 6|
|
|switch|p1a: Mesprit|Mesprit|259\/363
|turn|13
|choice|move stealthrock|move taunt
|
|move|p2a: Skuntank|Taunt|p1a: Mesprit
|-start|p1a: Mesprit|move: Taunt
|cant|p1a: Mesprit|move: Taunt|Stealth Rock
|
|-weather|Hail|[upkeep]
|-damage|p2a: Skuntank|185\/347|[from] hail
|-damage|p1a: Mesprit|237\/363|[from] hail
|upkeep
|turn|14
|choice|move uturn|move pursuit
|
|move|p2a: Skuntank|Pursuit|p1a: Mesprit
|-supereffective|p1a: Mesprit
|-enditem|p1a: Mesprit|Colbur Berry|[eat]
|-enditem|p1a: Mesprit|Colbur Berry|[weaken]
|-damage|p1a: Mesprit|194\/363
|move|p1a: Mesprit|U-turn|p2a: Skuntank
|-damage|p2a: Skuntank|114\/347
|choice|switch 3|
|
|switch|p1a: Rhydon|Rhydon, F|351\/351
|
|-weather|none
|upkeep
|turn|15
|choice|switch 3|switch 3
|
|switch|p2a: Torterra|Torterra, F|208\/331
|switch|p1a: Mesprit|Mesprit|194\/363
|
|upkeep
|turn|16
|choice|move uturn|move woodhammer
|
|move|p2a: Torterra|Wood Hammer|p1a: Mesprit
|-damage|p1a: Mesprit|10\/363
|-damage|p2a: Torterra|147\/331|[from] recoil|[of] p1a: Mesprit
|move|p1a: Mesprit|U-turn|p2a: Torterra
|-supereffective|p2a: Torterra
|-damage|p2a: Torterra|39\/331
|choice|switch 4|
|
|switch|p1a: Xatu|Xatu, F|271\/271
|
|upkeep
|turn|17
|choice|move uturn|move woodhammer
|
|move|p1a: Xatu|U-turn|p2a: Torterra
|-supereffective|p2a: Torterra
|-damage|p2a: Torterra|0 fnt
|-damage|p1a: Xatu|244\/271|[from] item: Life Orb
|faint|p2a: Torterra
|choice|switch 4|
|
|switch|p1a: Mesprit|Mesprit|10\/363
|
|upkeep
|choice||switch 2
|
|switch|p2a: Poliwrath|Poliwrath, F|135\/339
|turn|18
|choice|move psyshock|move scald
|
|move|p2a: Poliwrath|Scald|p1a: Mesprit
|-damage|p1a: Mesprit|0 fnt
|faint|p1a: Mesprit
|
|-heal|p2a: Poliwrath|156\/339|[from] item: Leftovers
|upkeep
|choice|switch 5|
|
|switch|p1a: Hitmonchan|Hitmonchan, M|177\/241
|turn|19
|choice|move drainpunch|move encore
|
|move|p1a: Hitmonchan|Drain Punch|p2a: Poliwrath
|-damage|p2a: Poliwrath|0 fnt
|-heal|p1a: Hitmonchan|241\/241|[from] drain|[of] p2a: Poliwrath
|-damage|p1a: Hitmonchan|217\/241|[from] item: Life Orb
|faint|p2a: Poliwrath
|
|upkeep
|choice||switch 4
|
|switch|p2a: Scyther|Scyther, F|233\/281
|turn|20
|choice|switch 3|move knockoff
|
|switch|p1a: Rhydon|Rhydon, F|351\/351
|move|p2a: Scyther|Knock Off|p1a: Rhydon
|-damage|p1a: Rhydon|289\/351
|-enditem|p1a: Rhydon|Eviolite|[from] move: Knock Off|[of] p2a: Scyther
|
|upkeep
|turn|21
|choice|move rockpolish|switch 5
|
|switch|p2a: Regirock|Regirock|149\/364
|move|p1a: Rhydon|Rock Polish|p1a: Rhydon
|-boost|p1a: Rhydon|spe|2
|
|-heal|p2a: Regirock|171\/364|[from] item: Leftovers
|upkeep
|turn|22
|-message|Shadestep forfeited.
|
|win|yogi✬bears
|player|p1
|player|p2
|l|Shadestep
|l|LazerGoesPew
|l|eifo</script>
</div>
<div class="battle-log battle-log-inline"><div class="inner"><div class="battle-options"></div><div class="inner"><div class="chat"><small>yogi✬bears joined.</small></div><div class="chat"><small>Shadestep joined.</small></div><div class=""><small>Format:</small> <br><strong>NU</strong></div><div class=""><small><em>Sleep Clause Mod:</em> Limit one foe put to sleep</small></div><div class=""><small><em>Species Clause:</em> Limit one of each Pokémon</small></div><div class=""><small><em>OHKO Clause:</em> OHKO moves are banned</small></div><div class=""><small><em>Moody Clause:</em> Moody is banned</small></div><div class=""><small><em>Evasion Moves Clause:</em> Evasion moves are banned</small></div><div class=""><small><em>Endless Battle Clause:</em> Forcing endless battles is banned</small></div><div class=""><small><em>HP Percentage Mod:</em> HP is shown in percentages</small></div><div class=""><small><em>Swagger Clause:</em> Swagger is banned</small></div><div class=""><small><em>Baton Pass Clause:</em> Limit one Baton Passer, can't pass Spe and other stats simultaneously</small></div><div class="chat battle-history"><strong>yogi✬bears's team:</strong> <em style="color:#445566;display:block;">Xatu / Hitmonchan / Rhydon / Aurorus / Lanturn / Mesprit</em></div><div class="chat battle-history"><strong>Shadestep's team:</strong> <em style="color:#445566;display:block;">Xatu / Torterra / Scyther / Poliwrath / Regirock / Skuntank</em></div><div class="chat"><small>LazerGoesPew joined.</small></div><div class="chat chatmessage-shadestep"><strong style="color:hsl(348,69%,49.13556749513967%)"><small>☆</small><span class="username" data-name="Shadestep">Shadestep</span>:</strong> <em>hf</em></div><div class="chat chatmessage-yogibears"><strong style="color:hsl(183,63%,44.99448677551407%)"><small>☆</small><span class="username" data-name="yogi✬bears">yogi✬bears</span>:</strong> <em>u2</em></div><div class="chat"><small>eifo joined.</small></div><div class="spacer battle-history"><br></div><div class="battle-history">Battle started between yogi✬bears and Shadestep!<br></div><div class="spacer battle-history"><br></div><div class="battle-history">Go! <strong>Aurorus</strong>!<br></div><div class="spacer battle-history"><br></div><div class="battle-history">Shadestep sent out <strong>Scyther</strong>!<br></div><div class="battle-history"><small>[Aurorus's Snow Warning]</small><br><small>It started to hail!</small><br></div><div class="spacer battle-history"><br></div><h2 class="battle-history">Turn 1</h2><div class="spacer battle-history"><br></div><div class="battle-history">The opposing Scyther used <strong>U-turn</strong>!<br></div><div class="battle-history"><small>(Aurorus lost <abbr title="−139/387">35.9%</abbr> of its health!)</small><br></div><div class="spacer battle-history"><br></div><div class="battle-history">The opposing Scyther went back to Shadestep!<br></div><div class="battle-history">Shadestep sent out <strong>Regirock</strong>!<br></div><div class="spacer battle-history"><br></div><div class="battle-history">Aurorus used <strong>Freeze-Dry</strong>!<br></div><div class="battle-history"><small>(The opposing Regirock lost <abbr title="−81/364">22.3%</abbr> of its health!)</small><br></div><div class="spacer battle-history"><br></div><div class="battle-history"><small>The hail is crashing down.</small><br></div><div class="battle-history"><small>The opposing Regirock is buffeted by the hail!</small><br></div><div class="battle-history"><small>The opposing Regirock restored a little HP using its Leftovers!</small><br></div><div class="spacer battle-history"><br></div><h2 class="battle-history">Turn 2</h2><div class="chat"><small>cyanize! joined.</small></div><div class="spacer battle-history"><br></div><div class="battle-history">Aurorus, come back!<br></div><div class="battle-history">Go! <strong>Mesprit</strong>!<br></div><div class="spacer battle-history"><br></div><div class="battle-history">The opposing Regirock used <strong>Rock Slide</strong>!<br></div><div class="battle-history"><small>(Mesprit lost <abbr title="−60/363">16.5%</abbr> of its health!)</small><br></div><div class="spacer battle-history"><br></div><div class="battle-history"><small>The hail is crashing down.</small><br></div><div class="battle-history"><small>Mesprit is buffeted by the hail!</small><br></div><div class="battle-history"><small>The opposing Regirock is buffeted by the hail!</small><br></div><div class="battle-history"><small>The opposing Regirock restored a little HP using its Leftovers!</small><br></div><div class="spacer battle-history"><br></div><h2 class="battle-history">Turn 3</h2><div class="spacer battle-history"><br></div><div class="battle-history">Mesprit used <strong>Energy Ball</strong>!<br></div><div class="battle-history"><small>It's super effective!</small><br></div><div class="battle-history"><small>(The opposing Regirock lost <abbr title="−134/364">36.8%</abbr> of its health!)</small><br></div><div class="spacer battle-history"><br></div><div class="battle-history">The opposing Regirock used <strong>Rock Slide</strong>!<br></div><div class="battle-history"><small>Mesprit avoided the attack!</small><br></div><div class="spacer battle-history"><br></div><div class="battle-history"><small>The hail is crashing down.</small><br></div><div class="battle-history"><small>Mesprit is buffeted by the hail!</small><br></div><div class="battle-history"><small>The opposing Regirock is buffeted by the hail!</small><br></div><div class="battle-history"><small>The opposing Regirock restored a little HP using its Leftovers!</small><br></div><div class="spacer battle-history"><br></div><h2 class="battle-history">Turn 4</h2><div class="spacer battle-history"><br></div><div class="battle-history">Shadestep withdrew Regirock!<br></div><div class="battle-history">Shadestep sent out <strong>Scyther</strong>!<br></div><div class="spacer battle-history"><br></div><div class="battle-history">Mesprit used <strong>U-turn</strong>!<br></div><div class="battle-history"><small>It's not very effective...</small><br></div><div class="battle-history"><small>(The opposing Scyther lost <abbr title="−31/281">11.0%</abbr> of its health!)</small><br></div><div class="chat chatmessage-cyanize"><strong style="color:hsl(262,69%,57.508913061721%)"><small> </small><span class="username" data-name="cyanize!">cyanize!</span>:</strong> <em>snow cloak mesprit</em></div><div class="spacer battle-history"><br></div><div class="battle-history">Mesprit went back to yogi✬bears!<br></div><div class="battle-history">Go! <strong>Aurorus</strong>!<br></div><div class="spacer battle-history"><br></div><div class="battle-history"><small>The hail is crashing down.</small><br></div><div class="battle-history"><small>The opposing Scyther is buffeted by the hail!</small><br></div><div class="spacer battle-history"><br></div><h2 class="battle-history">Turn 5</h2><div class="spacer battle-history"><br></div><div class="battle-history">The opposing Scyther used <strong>U-turn</strong>!<br></div><div class="battle-history"><small>(Aurorus lost <abbr title="−142/387">36.7%</abbr> of its health!)</small><br></div><div class="spacer battle-history"><br></div><div class="battle-history">The opposing Scyther went back to Shadestep!<br></div><div class="battle-history">Shadestep sent out <strong>Poliwrath</strong>!<br></div><div class="spacer battle-history"><br></div><div class="battle-history">Aurorus used <strong>Freeze-Dry</strong>!<br></div><div class="battle-history"><small>It's super effective!</small><br></div><div class="battle-history"><small>(The opposing Poliwrath lost <abbr title="−246/339">72.6%</abbr> of its health!)</small><br></div><div class="spacer battle-history"><br></div><div class="battle-history"><small>The hail stopped.</small><br></div><div class="battle-history"><small>The opposing Poliwrath restored a little HP using its Leftovers!</small><br></div><div class="spacer battle-history"><br></div><h2 class="battle-history">Turn 6</h2><div class="spacer battle-history"><br></div><div class="battle-history">Aurorus, come back!<br></div><div class="battle-history">Go! <strong>Lanturn</strong>!<br></div><div class="spacer battle-history"><br></div><div class="battle-history">The opposing Poliwrath used <strong>Vacuum Wave</strong>!<br></div><div class="battle-history"><small>(Lanturn lost <abbr title="−34/406">8.4%</abbr> of its health!)</small><br></div><div class="spacer battle-history"><br></div><div class="battle-history"><small>The opposing Poliwrath restored a little HP using its Leftovers!</small><br></div><div class="spacer battle-history"><br></div><h2 class="battle-history">Turn 7</h2><div class="spacer battle-history"><br></div><div class="battle-history">Shadestep withdrew Poliwrath!<br></div><div class="battle-history">Shadestep sent out <strong>Torterra</strong>!<br></div><div class="spacer battle-history"><br></div><div class="battle-history">Lanturn used <strong>Volt Switch</strong>!<br></div><div class="battle-history"><small>It doesn't affect the opposing Torterra...</small><br></div><div class="spacer battle-history"><br></div><h2 class="battle-history">Turn 8</h2><div class="spacer battle-history"><br></div><div class="battle-history">The opposing Torterra used <strong>Wood Hammer</strong>!<br></div><div class="battle-history"><small>It's super effective!</small><br></div><div class="battle-history"><small>(Lanturn lost <abbr title="−372/406">91.6%</abbr> of its health!)</small><br></div><div class="battle-history"><small>The opposing Torterra is damaged by the recoil!</small><br></div><div class="spacer battle-history"><br></div><div class="battle-history">Lanturn fainted!<br></div><div class="spacer battle-history"><br></div><div class="battle-history">Go! <strong>Hitmonchan</strong>!<br></div><div class="spacer battle-history"><br></div><h2 class="battle-history">Turn 9</h2><div class="spacer battle-history"><br></div><div class="battle-history">Shadestep withdrew Torterra!<br></div><div class="battle-history">Shadestep sent out <strong>Xatu</strong>!<br></div><div class="spacer battle-history"><br></div><div class="battle-history">Hitmonchan used <strong>Ice Punch</strong>!<br></div><div class="battle-history"><small>It's super effective!</small><br></div><div class="battle-history"><small>(The opposing Xatu lost <abbr title="−278/334">83.2%</abbr> of its health!)</small><br></div><div class="battle-history"><small>Hitmonchan was hurt by the Rocky Helmet!</small><br></div><div class="battle-history"><small>The opposing Xatu was frozen solid!</small><br></div><div class="battle-history"><small>Hitmonchan lost some of its HP!</small><br></div><div class="spacer battle-history"><br></div><h2 class="battle-history">Turn 10</h2><div class="chat chatmessage-yogibears"><strong style="color:hsl(183,63%,44.99448677551407%)"><small>☆</small><span class="username" data-name="yogi✬bears">yogi✬bears</span>:</strong> <em>...</em></div><div class="spacer battle-history"><br></div><div class="battle-history">Hitmonchan, come back!<br></div><div class="battle-history">Go! <strong>Aurorus</strong>!<br></div><div class="battle-history"><small>[Aurorus's Snow Warning]</small><br><small>It started to hail!</small><br></div><div class="spacer battle-history"><br></div><div class="battle-history">The opposing Xatu is frozen solid!<br></div><div class="spacer battle-history"><br></div><div class="battle-history"><small>The hail is crashing down.</small><br></div><div class="battle-history"><small>The opposing Xatu is buffeted by the hail!</small><br></div><div class="spacer battle-history"><br></div><h2 class="battle-history">Turn 11</h2><div class="spacer battle-history"><br></div><div class="battle-history">Aurorus used <strong>Freeze-Dry</strong>!<br></div><div class="battle-history"><small>It's super effective!</small><br></div><div class="battle-history"><small>(The opposing Xatu lost <abbr title="−36/334">10.8%</abbr> of its health!)</small><br></div><div class="spacer battle-history"><br></div><div class="battle-history">The opposing Xatu fainted!<br></div><div class="spacer battle-history"><br></div><div class="battle-history"><small>The hail is crashing down.</small><br></div><div class="spacer battle-history"><br></div><div class="battle-history">Shadestep sent out <strong>Skuntank</strong>!<br></div><div class="spacer battle-history"><br></div><h2 class="battle-history">Turn 12</h2><div class="spacer battle-history"><br></div><div class="battle-history">Aurorus used <strong>Freeze-Dry</strong>!<br></div><div class="battle-history"><small>(The opposing Skuntank lost <abbr title="−120/347">34.6%</abbr> of its health!)</small><br></div><div class="spacer battle-history"><br></div><div class="battle-history">The opposing Skuntank used <strong>Pursuit</strong>!<br></div><div class="battle-history"><small>A critical hit!</small><br></div><div class="battle-history"><small>(Aurorus lost <abbr title="−106/387">27.4%</abbr> of its health!)</small><br></div><div class="spacer battle-history"><br></div><div class="battle-history">Aurorus fainted!<br></div><div class="spacer battle-history"><br></div><div class="battle-history"><small>The hail is crashing down.</small><br></div><div class="battle-history"><small>The opposing Skuntank is buffeted by the hail!</small><br></div><div class="spacer battle-history"><br></div><div class="battle-history">Go! <strong>Mesprit</strong>!<br></div><div class="spacer battle-history"><br></div><h2 class="battle-history">Turn 13</h2><div class="spacer battle-history"><br></div><div class="battle-history">The opposing Skuntank used <strong>Taunt</strong>!<br></div><div class="battle-history"><small>Mesprit fell for the taunt!</small><br></div><div class="spacer battle-history"><br></div><div class="battle-history">Mesprit can't use Stealth Rock after the taunt!<br></div><div class="spacer battle-history"><br></div><div class="battle-history"><small>The hail is crashing down.</small><br></div><div class="battle-history"><small>The opposing Skuntank is buffeted by the hail!</small><br></div><div class="battle-history"><small>Mesprit is buffeted by the hail!</small><br></div><div class="spacer battle-history"><br></div><h2 class="battle-history">Turn 14</h2><div class="spacer battle-history"><br></div><div class="battle-history">The opposing Skuntank used <strong>Pursuit</strong>!<br></div><div class="battle-history"><small>It's super effective!</small><br></div><div class="battle-history"><small>Mesprit ate its Colbur Berry!</small><br></div><div class="battle-history"><small>The Colbur Berry weakened the damage to Mesprit!</small><br></div><div class="battle-history"><small>(Mesprit lost <abbr title="−43/363">11.8%</abbr> of its health!)</small><br></div><div class="spacer battle-history"><br></div><div class="battle-history">Mesprit used <strong>U-turn</strong>!<br></div><div class="battle-history"><small>(The opposing Skuntank lost <abbr title="−71/347">20.5%</abbr> of its health!)</small><br></div><div class="spacer battle-history"><br></div><div class="battle-history">Mesprit went back to yogi✬bears!<br></div><div class="battle-history">Go! <strong>Rhydon</strong>!<br></div><div class="spacer battle-history"><br></div><div class="battle-history"><small>The hail stopped.</small><br></div><div class="spacer battle-history"><br></div><h2 class="battle-history">Turn 15</h2><div class="spacer battle-history"><br></div><div class="battle-history">Shadestep withdrew Skuntank!<br></div><div class="battle-history">Shadestep sent out <strong>Torterra</strong>!<br></div><div class="spacer battle-history"><br></div><div class="battle-history">Rhydon, come back!<br></div><div class="battle-history">Go! <strong>Mesprit</strong>!<br></div><div class="spacer battle-history"><br></div><h2 class="battle-history">Turn 16</h2><div class="spacer battle-history"><br></div><div class="battle-history">The opposing Torterra used <strong>Wood Hammer</strong>!<br></div><div class="battle-history"><small>(Mesprit lost <abbr title="−184/363">50.7%</abbr> of its health!)</small><br></div><div class="battle-history"><small>The opposing Torterra is damaged by the recoil!</small><br></div><div class="spacer battle-history"><br></div><div class="battle-history">Mesprit used <strong>U-turn</strong>!<br></div><div class="battle-history"><small>It's super effective!</small><br></div><div class="battle-history"><small>(The opposing Torterra lost <abbr title="−108/331">32.6%</abbr> of its health!)</small><br></div><div class="spacer battle-history"><br></div><div class="battle-history">Mesprit went back to yogi✬bears!<br></div><div class="battle-history">Go! <strong>Xatu</strong>!<br></div><div class="spacer battle-history"><br></div><h2 class="battle-history">Turn 17</h2><div class="spacer battle-history"><br></div><div class="battle-history">Xatu used <strong>U-turn</strong>!<br></div><div class="battle-history"><small>It's super effective!</small><br></div><div class="battle-history"><small>(The opposing Torterra lost <abbr title="−39/331">11.8%</abbr> of its health!)</small><br></div><div class="battle-history"><small>Xatu lost some of its HP!</small><br></div><div class="spacer battle-history"><br></div><div class="battle-history">The opposing Torterra fainted!<br></div><div class="spacer battle-history"><br></div><div class="battle-history">Xatu went back to yogi✬bears!<br></div><div class="battle-history">Go! <strong>Mesprit</strong>!<br></div><div class="spacer battle-history"><br></div><div class="battle-history">Shadestep sent out <strong>Poliwrath</strong>!<br></div><div class="spacer battle-history"><br></div><h2 class="battle-history">Turn 18</h2><div class="spacer battle-history"><br></div><div class="battle-history">The opposing Poliwrath used <strong>Scald</strong>!<br></div><div class="battle-history"><small>(Mesprit lost <abbr title="−10/363">2.8%</abbr> of its health!)</small><br></div><div class="spacer battle-history"><br></div><div class="battle-history">Mesprit fainted!<br></div><div class="spacer battle-history"><br></div><div class="battle-history"><small>The opposing Poliwrath restored a little HP using its Leftovers!</small><br></div><div class="spacer battle-history"><br></div><div class="battle-history">Go! <strong>Hitmonchan</strong>!<br></div><div class="spacer battle-history"><br></div><h2 class="battle-history">Turn 19</h2><div class="spacer battle-history"><br></div><div class="battle-history">Hitmonchan used <strong>Drain Punch</strong>!<br></div><div class="battle-history"><small>(The opposing Poliwrath lost <abbr title="−156/339">46.0%</abbr> of its health!)</small><br></div><div class="battle-history"><small>The opposing Poliwrath had its energy drained!</small><br></div><div class="battle-history"><small>Hitmonchan lost some of its HP!</small><br></div><div class="spacer battle-history"><br></div><div class="battle-history">The opposing Poliwrath fainted!<br></div><div class="spacer battle-history"><br></div><div class="battle-history">Shadestep sent out <strong>Scyther</strong>!<br></div><div class="spacer battle-history"><br></div><h2 class="battle-history">Turn 20</h2><div class="spacer battle-history"><br></div><div class="battle-history">Hitmonchan, come back!<br></div><div class="battle-history">Go! <strong>Rhydon</strong>!<br></div><div class="spacer battle-history"><br></div><div class="battle-history">The opposing Scyther used <strong>Knock Off</strong>!<br></div><div class="battle-history"><small>(Rhydon lost <abbr title="−62/351">17.7%</abbr> of its health!)</small><br></div><div class="battle-history"><small>The opposing Scyther knocked off Rhydon's Eviolite!</small><br></div><div class="spacer battle-history"><br></div><h2 class="battle-history">Turn 21</h2><div class="spacer battle-history"><br></div><div class="battle-history">Shadestep withdrew Scyther!<br></div><div class="battle-history">Shadestep sent out <strong>Regirock</strong>!<br></div><div class="spacer battle-history"><br></div><div class="battle-history">Rhydon used <strong>Rock Polish</strong>!<br></div><div class="battle-history"><small>Rhydon's Speed rose sharply!</small><br></div><div class="spacer battle-history"><br></div><div class="battle-history"><small>The opposing Regirock restored a little HP using its Leftovers!</small><br></div><div class="spacer battle-history"><br></div><h2 class="battle-history">Turn 22</h2><div class="spacer battle-history"><br></div><div class="battle-history"><small>Shadestep forfeited.</small><br></div><div class="spacer battle-history"><br></div><div class="battle-history"><strong>yogi✬bears</strong> won the battle!<br></div><div class="chat"><small>Shadestep left.</small></div><div class="chat"><small>LazerGoesPew left.</small></div><div class="chat"><small>eifo left.</small></div></div><div class="inner-preempt"></div></div></div>
</div>
<script>
let daily = Math.floor(Date.now()/1000/60/60/24);document.write('<script src="https://play.pokemonshowdown.com/js/replay-embed.js?version'+daily+'"></'+'script>');
</script>
