<!DOCTYPE html>
<meta charset="utf-8" />
<!-- version 1 -->
<title>NU replay: RuggerBoss vs. joao vyttor</title>
<style>
html,body {font-family:Verdana, sans-serif;font-size:10pt;margin:0;padding:0;}body{padding:12px 0;} .battle-log {font-family:Verdana, sans-serif;font-size:10pt;} .battle-log-inline {border:1px solid #AAAAAA;background:#EEF2F5;color:black;max-width:640px;margin:0 auto 80px;padding-bottom:5px;} .battle-log .inner {padding:4px 8px 0px 8px;} .battle-log .inner-preempt {padding:0 8px 4px 8px;} .battle-log .inner-after {margin-top:0.5em;} .battle-log h2 {margin:0.5em -8px;padding:4px 8px;border:1px solid #AAAAAA;background:#E0E7EA;border-left:0;border-right:0;font-family:Verdana, sans-serif;font-size:13pt;} .battle-log .chat {vertical-align:middle;padding:3px 0 3px 0;font-size:8pt;} .battle-log .chat strong {color:#40576A;} .battle-log .chat em {padding:1px 4px 1px 3px;color:#000000;font-style:normal;} .chat.mine {background:rgba(0,0,0,0.05);margin-left:-8px;margin-right:-8px;padding-left:8px;padding-right:8px;} .spoiler {color:#BBBBBB;background:#BBBBBB;padding:0px 3px;} .spoiler:hover, .spoiler:active, .spoiler-shown {color:#000000;background:#E2E2E2;padding:0px 3px;} .spoiler a {color:#BBBBBB;} .spoiler:hover a, .spoiler:active a, .spoiler-shown a {color:#2288CC;} .chat code, .chat .spoiler:hover code, .chat .spoiler:active code, .chat .spoiler-shown code {border:1px solid #C0C0C0;background:#EEEEEE;color:black;padding:0 2px;} .chat .spoiler code {border:1px solid #CCCCCC;background:#CCCCCC;color:#CCCCCC;} .battle-log .rated {padding:3px 4px;} .battle-log .rated strong {color:white;background:#89A;padding:1px 4px;border-radius:4px;} .spacer {margin-top:0.5em;} .message-announce {background:#6688AA;color:white;padding:1px 4px 2px;} .message-announce a, .broadcast-green a, .broadcast-blue a, .broadcast-red a {color:#DDEEFF;} .broadcast-green {background-color:#559955;color:white;padding:2px 4px;} .broadcast-blue {background-color:#6688AA;color:white;padding:2px 4px;} .infobox {border:1px solid #6688AA;padding:2px 4px;} .infobox-limited {max-height:200px;overflow:auto;overflow-x:hidden;} .broadcast-red {background-color:#AA5544;color:white;padding:2px 4px;} .message-learn-canlearn {font-weight:bold;color:#228822;text-decoration:underline;} .message-learn-cannotlearn {font-weight:bold;color:#CC2222;text-decoration:underline;} .message-effect-weak {font-weight:bold;color:#CC2222;} .message-effect-resist {font-weight:bold;color:#6688AA;} .message-effect-immune {font-weight:bold;color:#666666;} .message-learn-list {margin-top:0;margin-bottom:0;} .message-throttle-notice, .message-error {color:#992222;} .message-overflow, .chat small.message-overflow {font-size:0pt;} .message-overflow::before {font-size:9pt;content:'...';} .subtle {color:#3A4A66;}
</style>
<div class="wrapper replay-wrapper" style="max-width:1180px;margin:0 auto">
<input type="hidden" name="replayid" value="nu-540559196" />
<div class="battle"></div><div class="battle-log"></div><div class="replay-controls"></div><div class="replay-controls-2"></div>
<h1 style="font-weight:normal;text-align:center"><strong>NU</strong><br /><a href="http://pokemonshowdown.com/users/ruggerboss" class="subtle" target="_blank">RuggerBoss</a> vs. <a href="http://pokemonshowdown.com/users/joaovyttor" class="subtle" target="_blank">joao vyttor</a></h1>
<script type="text/plain" class="battle-log-data">|j|RuggerBoss
|j|joao vyttor
|player|p1|RuggerBoss|176
|player|p2|joao vyttor|1
|gametype|singles
|gen|6
|tier|NU
|seed|8874,9186,31455,12686
|rule|Sleep Clause Mod: Limit one foe put to sleep
|rule|Species Clause: Limit one of each Pokémon
|rule|OHKO Clause: OHKO moves are banned
|rule|Moody Clause: Moody is banned
|rule|Evasion Moves Clause: Evasion moves are banned
|rule|Endless Battle Clause: Forcing endless battles is banned
|rule|HP Percentage Mod: HP is shown in percentages
|clearpoke
|poke|p1|Lanturn, M|item
|poke|p1|Tauros, M|item
|poke|p1|Swellow, M|item
|poke|p1|Hitmonchan, M|item
|poke|p1|Gourgeist-*, F|item
|poke|p1|Malamar, M|item
|poke|p2|Barbaracle, M, shiny|item
|poke|p2|Malamar, M, shiny|item
|poke|p2|Scyther, M|item
|poke|p2|Zangoose, M, shiny|item
|poke|p2|Electivire, M|item
|poke|p2|Charizard, M, shiny|item
|rule|Swagger Clause: Swagger is banned
|rule|Baton Pass Clause: Limit one Baton Passer, can't pass Spe and other stats simultaneously
|teampreview
|c|☆joao vyttor|les t go
|choice|team 5, team 2, team 3, team 4, team 1, team 6|team 1, team 2, team 3, team 4, team 5, team 6
|
|start
|switch|p1a: Gourgeist|Gourgeist-Super, F|373\/373
|switch|p2a: Barbaracle|Barbaracle, M, shiny|285\/285
|-item|p2a: Barbaracle|White Herb|[from] ability: Frisk|[of] p1a: Gourgeist|[identify]
|turn|1
|choice|move willowisp|move shellsmash
|
|move|p2a: Barbaracle|Shell Smash|p2a: Barbaracle
|-unboost|p2a: Barbaracle|def|1
|-unboost|p2a: Barbaracle|spd|1
|-boost|p2a: Barbaracle|atk|2
|-boost|p2a: Barbaracle|spa|2
|-boost|p2a: Barbaracle|spe|2
|-enditem|p2a: Barbaracle|White Herb
|-clearnegativeboost|p2a: Barbaracle|[silent]
|move|p1a: Gourgeist|Will-O-Wisp|p2a: Barbaracle
|-status|p2a: Barbaracle|brn
|
|-damage|p2a: Barbaracle|250\/285 brn|[from] brn
|upkeep
|turn|2
|choice|move leechseed|move razorshell
|
|move|p2a: Barbaracle|Razor Shell|p1a: Gourgeist
|-resisted|p1a: Gourgeist
|-damage|p1a: Gourgeist|334\/373
|move|p1a: Gourgeist|Leech Seed|p2a: Barbaracle|[miss]
|-miss|p1a: Gourgeist|p2a: Barbaracle
|
|-heal|p1a: Gourgeist|357\/373|[from] item: Leftovers
|-damage|p2a: Barbaracle|215\/285 brn|[from] brn
|upkeep
|turn|3
|choice|move leechseed|move earthquake
|
|move|p2a: Barbaracle|Earthquake|p1a: Gourgeist
|-resisted|p1a: Gourgeist
|-damage|p1a: Gourgeist|331\/373
|move|p1a: Gourgeist|Leech Seed|p2a: Barbaracle
|-start|p2a: Barbaracle|move: Leech Seed
|
|-heal|p1a: Gourgeist|354\/373|[from] item: Leftovers
|-damage|p2a: Barbaracle|180\/285 brn|[from] Leech Seed|[of] p1a: Gourgeist
|-heal|p1a: Gourgeist|373\/373|[silent]
|-damage|p2a: Barbaracle|145\/285 brn|[from] brn
|upkeep
|turn|4
|choice|move foulplay|switch 3
|
|switch|p2a: Scyther|Scyther, M|281\/281
|move|p1a: Gourgeist|Foul Play|p2a: Scyther
|-damage|p2a: Scyther|182\/281
|
|-heal|p2a: Scyther|199\/281|[from] item: Leftovers
|upkeep
|turn|5
|choice|move willowisp|move swordsdance
|
|move|p2a: Scyther|Swords Dance|p2a: Scyther
|-boost|p2a: Scyther|atk|2
|move|p1a: Gourgeist|Will-O-Wisp|p2a: Scyther
|-status|p2a: Scyther|brn
|
|-heal|p2a: Scyther|216\/281 brn|[from] item: Leftovers
|-damage|p2a: Scyther|181\/281 brn|[from] brn
|upkeep
|turn|6
|choice|move foulplay|move knockoff
|
|move|p2a: Scyther|Knock Off|p1a: Gourgeist
|-supereffective|p1a: Gourgeist
|-damage|p1a: Gourgeist|260\/373
|-enditem|p1a: Gourgeist|Leftovers|[from] move: Knock Off|[of] p2a: Scyther
|move|p1a: Gourgeist|Foul Play|p2a: Scyther
|-damage|p2a: Scyther|0 fnt
|faint|p2a: Scyther
|
|upkeep
|choice||switch 2
|
|switch|p2a: Malamar|Malamar, M, shiny|313\/313
|turn|7
|choice|move willowisp|move darkpulse
|
|move|p2a: Malamar|Dark Pulse|p1a: Gourgeist
|-supereffective|p1a: Gourgeist
|-damage|p1a: Gourgeist|102\/373
|move|p1a: Gourgeist|Will-O-Wisp|p2a: Malamar
|-status|p2a: Malamar|brn
|
|-damage|p2a: Malamar|274\/313 brn|[from] brn
|upkeep
|turn|8
|choice|switch 3|move darkpulse
|
|switch|p1a: Swellow|Swellow, M|261\/261
|move|p2a: Malamar|Dark Pulse|p1a: Swellow
|-damage|p1a: Swellow|137\/261
|
|-heal|p2a: Malamar|293\/313 brn|[from] item: Leftovers
|-damage|p2a: Malamar|254\/313 brn|[from] brn
|upkeep
|turn|9
|choice|move boomburst|move superpower
|
|move|p1a: Swellow|Boomburst|p2a: Malamar
|-damage|p2a: Malamar|0 fnt
|faint|p2a: Malamar
|
|upkeep
|choice||switch 5
|
|switch|p2a: Electivire|Electivire, M|291\/291
|turn|10
|choice|move boomburst|move thunderbolt
|
|move|p1a: Swellow|Boomburst|p2a: Electivire
|-damage|p2a: Electivire|54\/291
|move|p2a: Electivire|Thunderbolt|p1a: Swellow
|-supereffective|p1a: Swellow
|-damage|p1a: Swellow|0 fnt
|faint|p1a: Swellow
|
|-heal|p2a: Electivire|72\/291|[from] item: Leftovers
|upkeep
|choice|switch 3|
|
|switch|p1a: Gourgeist|Gourgeist-Super, F|102\/373
|-item|p2a: Electivire|Leftovers|[from] ability: Frisk|[of] p1a: Gourgeist|[identify]
|turn|11
|choice|move synthesis|move flamethrower
|
|move|p2a: Electivire|Flamethrower|p1a: Gourgeist
|-supereffective|p1a: Gourgeist
|-damage|p1a: Gourgeist|0 fnt
|faint|p1a: Gourgeist
|
|-heal|p2a: Electivire|90\/291|[from] item: Leftovers
|upkeep
|choice|switch 5|
|
|switch|p1a: Lanturn|Lanturn, M|405\/405
|turn|12
|choice|move scald|move earthquake
|
|move|p2a: Electivire|Earthquake|p1a: Lanturn
|-supereffective|p1a: Lanturn
|-damage|p1a: Lanturn|205\/405
|move|p1a: Lanturn|Scald|p2a: Electivire
|-damage|p2a: Electivire|9\/291
|
|-heal|p2a: Electivire|27\/291|[from] item: Leftovers
|-heal|p1a: Lanturn|230\/405|[from] item: Leftovers
|upkeep
|turn|13
|choice|move scald|move earthquake
|
|move|p2a: Electivire|Earthquake|p1a: Lanturn
|-supereffective|p1a: Lanturn
|-damage|p1a: Lanturn|4\/405
|move|p1a: Lanturn|Scald|p2a: Electivire
|-crit|p2a: Electivire
|-damage|p2a: Electivire|0 fnt
|faint|p2a: Electivire
|
|-heal|p1a: Lanturn|29\/405|[from] item: Leftovers
|upkeep
|choice||switch 4
|
|switch|p2a: Zangoose|Zangoose, M, shiny|287\/287
|turn|14
|choice|move voltswitch|move swordsdance
|
|move|p2a: Zangoose|Swords Dance|p2a: Zangoose
|-boost|p2a: Zangoose|atk|2
|move|p1a: Lanturn|Volt Switch|p2a: Zangoose
|-damage|p2a: Zangoose|196\/287
|choice|switch 4|
|
|switch|p1a: Hitmonchan|Hitmonchan, M|277\/277
|
|-heal|p2a: Zangoose|213\/287|[from] item: Leftovers
|upkeep
|turn|15
|choice|move machpunch|move closecombat
|
|move|p1a: Hitmonchan|Mach Punch|p2a: Zangoose
|-supereffective|p2a: Zangoose
|-damage|p2a: Zangoose|0 fnt
|faint|p2a: Zangoose
|
|upkeep
|choice||switch 6
|
|switch|p2a: Charizard|Charizard, M, shiny|297\/297
|turn|16
|c|☆RuggerBoss|why set up so much
|choice|move drainpunch|move dragondance
|
|move|p2a: Charizard|Dragon Dance|p2a: Charizard
|-boost|p2a: Charizard|atk|1
|-boost|p2a: Charizard|spe|1
|move|p1a: Hitmonchan|Drain Punch|p2a: Charizard
|-resisted|p2a: Charizard
|-damage|p2a: Charizard|207\/297
|
|-heal|p2a: Charizard|225\/297|[from] item: Leftovers
|upkeep
|turn|17
|choice|move icepunch|move dragondance
|
|move|p2a: Charizard|Dragon Dance|p2a: Charizard
|-boost|p2a: Charizard|atk|1
|-boost|p2a: Charizard|spe|1
|move|p1a: Hitmonchan|Ice Punch|p2a: Charizard
|-damage|p2a: Charizard|107\/297
|
|-heal|p2a: Charizard|125\/297|[from] item: Leftovers
|upkeep
|turn|18
|choice|move icepunch|move earthquake
|
|move|p2a: Charizard|Earthquake|p1a: Hitmonchan
|-damage|p1a: Hitmonchan|119\/277
|move|p1a: Hitmonchan|Ice Punch|p2a: Charizard
|-damage|p2a: Charizard|9\/297
|-status|p2a: Charizard|frz
|
|-heal|p2a: Charizard|27\/297 frz|[from] item: Leftovers
|upkeep
|turn|19
|choice|move machpunch|move earthquake
|
|move|p1a: Hitmonchan|Mach Punch|p2a: Charizard
|-resisted|p2a: Charizard
|-damage|p2a: Charizard|0 fnt
|faint|p2a: Charizard
|
|upkeep
|choice||switch 3
|
|switch|p2a: Barbaracle|Barbaracle, M, shiny|145\/285 brn
|turn|20
|choice|move drainpunch|move razorshell
|
|move|p1a: Hitmonchan|Drain Punch|p2a: Barbaracle
|-supereffective|p2a: Barbaracle
|-damage|p2a: Barbaracle|0 fnt
|-heal|p1a: Hitmonchan|192\/277|[from] drain|[of] p2a: Barbaracle
|faint|p2a: Barbaracle
|
|win|RuggerBoss
|player|p1
|player|p2</script>
</div>
<div class="battle-log battle-log-inline"><div class="inner"><div class="battle-options"></div><div class="inner"><div class="chat"><small>RuggerBoss joined.</small></div><div class="chat"><small>joao vyttor joined.</small></div><div class=""><small>Format:</small> <br><strong>NU</strong></div><div class=""><small><em>Sleep Clause Mod:</em> Limit one foe put to sleep</small></div><div class=""><small><em>Species Clause:</em> Limit one of each Pokémon</small></div><div class=""><small><em>OHKO Clause:</em> OHKO moves are banned</small></div><div class=""><small><em>Moody Clause:</em> Moody is banned</small></div><div class=""><small><em>Evasion Moves Clause:</em> Evasion moves are banned</small></div><div class=""><small><em>Endless Battle Clause:</em> Forcing endless battles is banned</small></div><div class=""><small><em>HP Percentage Mod:</em> HP is shown in percentages</small></div><div class=""><small><em>Swagger Clause:</em> Swagger is banned</small></div><div class=""><small><em>Baton Pass Clause:</em> Limit one Baton Passer, can't pass Spe and other stats simultaneously</small></div><div class="chat battle-history"><strong>RuggerBoss's team:</strong> <em style="color:#445566;display:block;">Lanturn / Tauros / Swellow / Hitmonchan / Gourgeist-* / Malamar</em></div><div class="chat battle-history"><strong>joao vyttor's team:</strong> <em style="color:#445566;display:block;">Barbaracle / Malamar / Scyther / Zangoose / Electivire / Charizard</em></div><div class="chat chatmessage-joaovyttor"><strong style="color:hsl(87,79%,35.62909347898727%)"><small>☆</small><span class="username" data-name="joao vyttor">joao vyttor</span>:</strong> <em>les t go</em></div><div class="spacer battle-history"><br></div><div class="battle-history">Battle started between RuggerBoss and joao vyttor!<br></div><div class="spacer battle-history"><br></div><div class="battle-history">Go! Gourgeist (<strong>Gourgeist-Super</strong>)!<br></div><div class="spacer battle-history"><br></div><div class="battle-history">joao vyttor sent out <strong>Barbaracle</strong>!<br></div><div class="battle-history"><small>[Gourgeist's Frisk]</small><br><small>Gourgeist frisked the opposing Barbaracle and found its White Herb!</small><br></div><div class="spacer battle-history"><br></div><h2 class="battle-history">Turn 1</h2><div class="spacer battle-history"><br></div><div class="battle-history">The opposing Barbaracle used <strong>Shell Smash</strong>!<br></div><div class="battle-history"><small>The opposing Barbaracle's Defense fell!</small><br></div><div class="battle-history"><small>The opposing Barbaracle's Special Defense fell!</small><br></div><div class="battle-history"><small>The opposing Barbaracle's Attack rose sharply!</small><br></div><div class="battle-history"><small>The opposing Barbaracle's Special Attack rose sharply!</small><br></div><div class="battle-history"><small>The opposing Barbaracle's Speed rose sharply!</small><br></div><div class="battle-history"><small>The opposing Barbaracle returned its status to normal using its White Herb!</small><br></div><div class="spacer battle-history"><br></div><div class="battle-history">Gourgeist used <strong>Will-O-Wisp</strong>!<br></div><div class="battle-history"><small>The opposing Barbaracle was burned!</small><br></div><div class="spacer battle-history"><br></div><div class="battle-history"><small>The opposing Barbaracle was hurt by its burn!</small><br></div><div class="spacer battle-history"><br></div><h2 class="battle-history">Turn 2</h2><div class="spacer battle-history"><br></div><div class="battle-history">The opposing Barbaracle used <strong>Razor Shell</strong>!<br></div><div class="battle-history"><small>It's not very effective...</small><br></div><div class="battle-history"><small>(Gourgeist lost <abbr title="−39/373">10.5%</abbr> of its health!)</small><br></div><div class="spacer battle-history"><br></div><div class="battle-history">Gourgeist used <strong>Leech Seed</strong>!<br></div><div class="battle-history"><small>The opposing Barbaracle avoided the attack!</small><br></div><div class="spacer battle-history"><br></div><div class="battle-history"><small>Gourgeist restored a little HP using its Leftovers!</small><br></div><div class="battle-history"><small>The opposing Barbaracle was hurt by its burn!</small><br></div><div class="spacer battle-history"><br></div><h2 class="battle-history">Turn 3</h2><div class="spacer battle-history"><br></div><div class="battle-history">The opposing Barbaracle used <strong>Earthquake</strong>!<br></div><div class="battle-history"><small>It's not very effective...</small><br></div><div class="battle-history"><small>(Gourgeist lost <abbr title="−26/373">7.0%</abbr> of its health!)</small><br></div><div class="spacer battle-history"><br></div><div class="battle-history">Gourgeist used <strong>Leech Seed</strong>!<br></div><div class="battle-history"><small>The opposing Barbaracle was seeded!</small><br></div><div class="spacer battle-history"><br></div><div class="battle-history"><small>Gourgeist restored a little HP using its Leftovers!</small><br></div><div class="battle-history"><small>The opposing Barbaracle's health is sapped by Leech Seed!</small><br></div><div class="battle-history"><small>The opposing Barbaracle was hurt by its burn!</small><br></div><div class="spacer battle-history"><br></div><h2 class="battle-history">Turn 4</h2><div class="spacer battle-history"><br></div><div class="battle-history">joao vyttor withdrew Barbaracle!<br></div><div class="battle-history">joao vyttor sent out <strong>Scyther</strong>!<br></div><div class="spacer battle-history"><br></div><div class="battle-history">Gourgeist used <strong>Foul Play</strong>!<br></div><div class="battle-history"><small>(The opposing Scyther lost <abbr title="−99/281">35.2%</abbr> of its health!)</small><br></div><div class="spacer battle-history"><br></div><div class="battle-history"><small>The opposing Scyther restored a little HP using its Leftovers!</small><br></div><div class="spacer battle-history"><br></div><h2 class="battle-history">Turn 5</h2><div class="spacer battle-history"><br></div><div class="battle-history">The opposing Scyther used <strong>Swords Dance</strong>!<br></div><div class="battle-history"><small>The opposing Scyther's Attack rose sharply!</small><br></div><div class="spacer battle-history"><br></div><div class="battle-history">Gourgeist used <strong>Will-O-Wisp</strong>!<br></div><div class="battle-history"><small>The opposing Scyther was burned!</small><br></div><div class="spacer battle-history"><br></div><div class="battle-history"><small>The opposing Scyther restored a little HP using its Leftovers!</small><br></div><div class="battle-history"><small>The opposing Scyther was hurt by its burn!</small><br></div><div class="spacer battle-history"><br></div><h2 class="battle-history">Turn 6</h2><div class="spacer battle-history"><br></div><div class="battle-history">The opposing Scyther used <strong>Knock Off</strong>!<br></div><div class="battle-history"><small>It's super effective!</small><br></div><div class="battle-history"><small>(Gourgeist lost <abbr title="−113/373">30.3%</abbr> of its health!)</small><br></div><div class="battle-history"><small>The opposing Scyther knocked off Gourgeist's Leftovers!</small><br></div><div class="spacer battle-history"><br></div><div class="battle-history">Gourgeist used <strong>Foul Play</strong>!<br></div><div class="battle-history"><small>(The opposing Scyther lost <abbr title="−181/281">64.4%</abbr> of its health!)</small><br></div><div class="spacer battle-history"><br></div><div class="battle-history">The opposing Scyther fainted!<br></div><div class="spacer battle-history"><br></div><div class="battle-history">joao vyttor sent out <strong>Malamar</strong>!<br></div><div class="spacer battle-history"><br></div><h2 class="battle-history">Turn 7</h2><div class="spacer battle-history"><br></div><div class="battle-history">The opposing Malamar used <strong>Dark Pulse</strong>!<br></div><div class="battle-history"><small>It's super effective!</small><br></div><div class="battle-history"><small>(Gourgeist lost <abbr title="−158/373">42.4%</abbr> of its health!)</small><br></div><div class="spacer battle-history"><br></div><div class="battle-history">Gourgeist used <strong>Will-O-Wisp</strong>!<br></div><div class="battle-history"><small>The opposing Malamar was burned!</small><br></div><div class="spacer battle-history"><br></div><div class="battle-history"><small>The opposing Malamar was hurt by its burn!</small><br></div><div class="spacer battle-history"><br></div><h2 class="battle-history">Turn 8</h2><div class="spacer battle-history"><br></div><div class="battle-history">Gourgeist, come back!<br></div><div class="battle-history">Go! <strong>Swellow</strong>!<br></div><div class="spacer battle-history"><br></div><div class="battle-history">The opposing Malamar used <strong>Dark Pulse</strong>!<br></div><div class="battle-history"><small>(Swellow lost <abbr title="−124/261">47.5%</abbr> of its health!)</small><br></div><div class="spacer battle-history"><br></div><div class="battle-history"><small>The opposing Malamar restored a little HP using its Leftovers!</small><br></div><div class="battle-history"><small>The opposing Malamar was hurt by its burn!</small><br></div><div class="spacer battle-history"><br></div><h2 class="battle-history">Turn 9</h2><div class="spacer battle-history"><br></div><div class="battle-history">Swellow used <strong>Boomburst</strong>!<br></div><div class="battle-history"><small>(The opposing Malamar lost <abbr title="−254/313">81.2%</abbr> of its health!)</small><br></div><div class="spacer battle-history"><br></div><div class="battle-history">The opposing Malamar fainted!<br></div><div class="spacer battle-history"><br></div><div class="battle-history">joao vyttor sent out <strong>Electivire</strong>!<br></div><div class="spacer battle-history"><br></div><h2 class="battle-history">Turn 10</h2><div class="spacer battle-history"><br></div><div class="battle-history">Swellow used <strong>Boomburst</strong>!<br></div><div class="battle-history"><small>(The opposing Electivire lost <abbr title="−237/291">81.4%</abbr> of its health!)</small><br></div><div class="spacer battle-history"><br></div><div class="battle-history">The opposing Electivire used <strong>Thunderbolt</strong>!<br></div><div class="battle-history"><small>It's super effective!</small><br></div><div class="battle-history"><small>(Swellow lost <abbr title="−137/261">52.5%</abbr> of its health!)</small><br></div><div class="spacer battle-history"><br></div><div class="battle-history">Swellow fainted!<br></div><div class="spacer battle-history"><br></div><div class="battle-history"><small>The opposing Electivire restored a little HP using its Leftovers!</small><br></div><div class="spacer battle-history"><br></div><div class="battle-history">Go! Gourgeist (<strong>Gourgeist-Super</strong>)!<br></div><div class="battle-history"><small>[Gourgeist's Frisk]</small><br><small>Gourgeist frisked the opposing Electivire and found its Leftovers!</small><br></div><div class="spacer battle-history"><br></div><h2 class="battle-history">Turn 11</h2><div class="spacer battle-history"><br></div><div class="battle-history">The opposing Electivire used <strong>Flamethrower</strong>!<br></div><div class="battle-history"><small>It's super effective!</small><br></div><div class="battle-history"><small>(Gourgeist lost <abbr title="−102/373">27.3%</abbr> of its health!)</small><br></div><div class="spacer battle-history"><br></div><div class="battle-history">Gourgeist fainted!<br></div><div class="spacer battle-history"><br></div><div class="battle-history"><small>The opposing Electivire restored a little HP using its Leftovers!</small><br></div><div class="spacer battle-history"><br></div><div class="battle-history">Go! <strong>Lanturn</strong>!<br></div><div class="spacer battle-history"><br></div><h2 class="battle-history">Turn 12</h2><div class="spacer battle-history"><br></div><div class="battle-history">The opposing Electivire used <strong>Earthquake</strong>!<br></div><div class="battle-history"><small>It's super effective!</small><br></div><div class="battle-history"><small>(Lanturn lost <abbr title="−200/405">49.4%</abbr> of its health!)</small><br></div><div class="spacer battle-history"><br></div><div class="battle-history">Lanturn used <strong>Scald</strong>!<br></div><div class="battle-history"><small>(The opposing Electivire lost <abbr title="−81/291">27.8%</abbr> of its health!)</small><br></div><div class="spacer battle-history"><br></div><div class="battle-history"><small>The opposing Electivire restored a little HP using its Leftovers!</small><br></div><div class="battle-history"><small>Lanturn restored a little HP using its Leftovers!</small><br></div><div class="spacer battle-history"><br></div><h2 class="battle-history">Turn 13</h2><div class="spacer battle-history"><br></div><div class="battle-history">The opposing Electivire used <strong>Earthquake</strong>!<br></div><div class="battle-history"><small>It's super effective!</small><br></div><div class="battle-history"><small>(Lanturn lost <abbr title="−226/405">55.8%</abbr> of its health!)</small><br></div><div class="spacer battle-history"><br></div><div class="battle-history">Lanturn used <strong>Scald</strong>!<br></div><div class="battle-history"><small>A critical hit!</small><br></div><div class="battle-history"><small>(The opposing Electivire lost <abbr title="−27/291">9.3%</abbr> of its health!)</small><br></div><div class="spacer battle-history"><br></div><div class="battle-history">The opposing Electivire fainted!<br></div><div class="spacer battle-history"><br></div><div class="battle-history"><small>Lanturn restored a little HP using its Leftovers!</small><br></div><div class="spacer battle-history"><br></div><div class="battle-history">joao vyttor sent out <strong>Zangoose</strong>!<br></div><div class="spacer battle-history"><br></div><h2 class="battle-history">Turn 14</h2><div class="spacer battle-history"><br></div><div class="battle-history">The opposing Zangoose used <strong>Swords Dance</strong>!<br></div><div class="battle-history"><small>The opposing Zangoose's Attack rose sharply!</small><br></div><div class="spacer battle-history"><br></div><div class="battle-history">Lanturn used <strong>Volt Switch</strong>!<br></div><div class="battle-history"><small>(The opposing Zangoose lost <abbr title="−91/287">31.7%</abbr> of its health!)</small><br></div><div class="spacer battle-history"><br></div><div class="battle-history">Lanturn went back to RuggerBoss!<br></div><div class="battle-history">Go! <strong>Hitmonchan</strong>!<br></div><div class="spacer battle-history"><br></div><div class="battle-history"><small>The opposing Zangoose restored a little HP using its Leftovers!</small><br></div><div class="spacer battle-history"><br></div><h2 class="battle-history">Turn 15</h2><div class="spacer battle-history"><br></div><div class="battle-history">Hitmonchan used <strong>Mach Punch</strong>!<br></div><div class="battle-history"><small>It's super effective!</small><br></div><div class="battle-history"><small>(The opposing Zangoose lost <abbr title="−213/287">74.2%</abbr> of its health!)</small><br></div><div class="spacer battle-history"><br></div><div class="battle-history">The opposing Zangoose fainted!<br></div><div class="spacer battle-history"><br></div><div class="battle-history">joao vyttor sent out <strong>Charizard</strong>!<br></div><div class="spacer battle-history"><br></div><h2 class="battle-history">Turn 16</h2><div class="chat chatmessage-ruggerboss"><strong style="color:hsl(65,73%,34.09131726118984%)"><small>☆</small><span class="username" data-name="RuggerBoss">RuggerBoss</span>:</strong> <em>why set up so much</em></div><div class="spacer battle-history"><br></div><div class="battle-history">The opposing Charizard used <strong>Dragon Dance</strong>!<br></div><div class="battle-history"><small>The opposing Charizard's Attack rose!</small><br></div><div class="battle-history"><small>The opposing Charizard's Speed rose!</small><br></div><div class="spacer battle-history"><br></div><div class="battle-history">Hitmonchan used <strong>Drain Punch</strong>!<br></div><div class="battle-history"><small>It's not very effective...</small><br></div><div class="battle-history"><small>(The opposing Charizard lost <abbr title="−90/297">30.3%</abbr> of its health!)</small><br></div><div class="spacer battle-history"><br></div><div class="battle-history"><small>The opposing Charizard restored a little HP using its Leftovers!</small><br></div><div class="spacer battle-history"><br></div><h2 class="battle-history">Turn 17</h2><div class="spacer battle-history"><br></div><div class="battle-history">The opposing Charizard used <strong>Dragon Dance</strong>!<br></div><div class="battle-history"><small>The opposing Charizard's Attack rose!</small><br></div><div class="battle-history"><small>The opposing Charizard's Speed rose!</small><br></div><div class="spacer battle-history"><br></div><div class="battle-history">Hitmonchan used <strong>Ice Punch</strong>!<br></div><div class="battle-history"><small>(The opposing Charizard lost <abbr title="−118/297">39.7%</abbr> of its health!)</small><br></div><div class="spacer battle-history"><br></div><div class="battle-history"><small>The opposing Charizard restored a little HP using its Leftovers!</small><br></div><div class="spacer battle-history"><br></div><h2 class="battle-history">Turn 18</h2><div class="spacer battle-history"><br></div><div class="battle-history">The opposing Charizard used <strong>Earthquake</strong>!<br></div><div class="battle-history"><small>(Hitmonchan lost <abbr title="−158/277">57.0%</abbr> of its health!)</small><br></div><div class="spacer battle-history"><br></div><div class="battle-history">Hitmonchan used <strong>Ice Punch</strong>!<br></div><div class="battle-history"><small>(The opposing Charizard lost <abbr title="−116/297">39.1%</abbr> of its health!)</small><br></div><div class="battle-history"><small>The opposing Charizard was frozen solid!</small><br></div><div class="spacer battle-history"><br></div><div class="battle-history"><small>The opposing Charizard restored a little HP using its Leftovers!</small><br></div><div class="spacer battle-history"><br></div><h2 class="battle-history">Turn 19</h2><div class="spacer battle-history"><br></div><div class="battle-history">Hitmonchan used <strong>Mach Punch</strong>!<br></div><div class="battle-history"><small>It's not very effective...</small><br></div><div class="battle-history"><small>(The opposing Charizard lost <abbr title="−27/297">9.1%</abbr> of its health!)</small><br></div><div class="spacer battle-history"><br></div><div class="battle-history">The opposing Charizard fainted!<br></div><div class="spacer battle-history"><br></div><div class="battle-history">joao vyttor sent out <strong>Barbaracle</strong>!<br></div><div class="spacer battle-history"><br></div><h2 class="battle-history">Turn 20</h2><div class="spacer battle-history"><br></div><div class="battle-history">Hitmonchan used <strong>Drain Punch</strong>!<br></div><div class="battle-history"><small>It's super effective!</small><br></div><div class="battle-history"><small>(The opposing Barbaracle lost <abbr title="−145/285">50.9%</abbr> of its health!)</small><br></div><div class="battle-history"><small>The opposing Barbaracle had its energy drained!</small><br></div><div class="spacer battle-history"><br></div><div class="battle-history">The opposing Barbaracle fainted!<br></div><div class="spacer battle-history"><br></div><div class="battle-history"><strong>RuggerBoss</strong> won the battle!<br></div></div><div class="inner-preempt"></div></div></div>
</div>
<script>
let daily = Math.floor(Date.now()/1000/60/60/24);document.write('<script src="https://play.pokemonshowdown.com/js/replay-embed.js?version'+daily+'"></'+'script>');
</script>
