<!DOCTYPE html>
<meta charset="utf-8" />
<!-- version 1 -->
<title>NU replay: Panda Albino vs. LCezasfuck</title>
<style>
html,body {font-family:Verdana, sans-serif;font-size:10pt;margin:0;padding:0;}body{padding:12px 0;} .battle-log {font-family:Verdana, sans-serif;font-size:10pt;} .battle-log-inline {border:1px solid #AAAAAA;background:#EEF2F5;color:black;max-width:640px;margin:0 auto 80px;padding-bottom:5px;} .battle-log .inner {padding:4px 8px 0px 8px;} .battle-log .inner-preempt {padding:0 8px 4px 8px;} .battle-log .inner-after {margin-top:0.5em;} .battle-log h2 {margin:0.5em -8px;padding:4px 8px;border:1px solid #AAAAAA;background:#E0E7EA;border-left:0;border-right:0;font-family:Verdana, sans-serif;font-size:13pt;} .battle-log .chat {vertical-align:middle;padding:3px 0 3px 0;font-size:8pt;} .battle-log .chat strong {color:#40576A;} .battle-log .chat em {padding:1px 4px 1px 3px;color:#000000;font-style:normal;} .chat.mine {background:rgba(0,0,0,0.05);margin-left:-8px;margin-right:-8px;padding-left:8px;padding-right:8px;} .spoiler {color:#BBBBBB;background:#BBBBBB;padding:0px 3px;} .spoiler:hover, .spoiler:active, .spoiler-shown {color:#000000;background:#E2E2E2;padding:0px 3px;} .spoiler a {color:#BBBBBB;} .spoiler:hover a, .spoiler:active a, .spoiler-shown a {color:#2288CC;} .chat code, .chat .spoiler:hover code, .chat .spoiler:active code, .chat .spoiler-shown code {border:1px solid #C0C0C0;background:#EEEEEE;color:black;padding:0 2px;} .chat .spoiler code {border:1px solid #CCCCCC;background:#CCCCCC;color:#CCCCCC;} .battle-log .rated {padding:3px 4px;} .battle-log .rated strong {color:white;background:#89A;padding:1px 4px;border-radius:4px;} .spacer {margin-top:0.5em;} .message-announce {background:#6688AA;color:white;padding:1px 4px 2px;} .message-announce a, .broadcast-green a, .broadcast-blue a, .broadcast-red a {color:#DDEEFF;} .broadcast-green {background-color:#559955;color:white;padding:2px 4px;} .broadcast-blue {background-color:#6688AA;color:white;padding:2px 4px;} .infobox {border:1px solid #6688AA;padding:2px 4px;} .infobox-limited {max-height:200px;overflow:auto;overflow-x:hidden;} .broadcast-red {background-color:#AA5544;color:white;padding:2px 4px;} .message-learn-canlearn {font-weight:bold;color:#228822;text-decoration:underline;} .message-learn-cannotlearn {font-weight:bold;color:#CC2222;text-decoration:underline;} .message-effect-weak {font-weight:bold;color:#CC2222;} .message-effect-resist {font-weight:bold;color:#6688AA;} .message-effect-immune {font-weight:bold;color:#666666;} .message-learn-list {margin-top:0;margin-bottom:0;} .message-throttle-notice, .message-error {color:#992222;} .message-overflow, .chat small.message-overflow {font-size:0pt;} .message-overflow::before {font-size:9pt;content:'...';} .subtle {color:#3A4A66;}
</style>
<div class="wrapper replay-wrapper" style="max-width:1180px;margin:0 auto">
<input type="hidden" name="replayid" value="nu-521001712" />
<div class="battle"></div><div class="battle-log"></div><div class="replay-controls"></div><div class="replay-controls-2"></div>
<h1 style="font-weight:normal;text-align:center"><strong>NU</strong><br /><a href="http://pokemonshowdown.com/users/pandaalbino" class="subtle" target="_blank">Panda Albino</a> vs. <a href="http://pokemonshowdown.com/users/lcezasfuck" class="subtle" target="_blank">LCezasfuck</a></h1>
<script type="text/plain" class="battle-log-data">|j|Panda Albino
|j|LCezasfuck
|player|p1|Panda Albino|264
|player|p2|LCezasfuck|184
|gametype|singles
|gen|6
|tier|NU
|rated
|seed|42241,39981,15763,10997
|rule|Sleep Clause Mod: Limit one foe put to sleep
|rule|Species Clause: Limit one of each Pokémon
|rule|OHKO Clause: OHKO moves are banned
|rule|Moody Clause: Moody is banned
|rule|Evasion Moves Clause: Evasion moves are banned
|rule|Endless Battle Clause: Forcing endless battles is banned
|rule|HP Percentage Mod: HP is shown in percentages
|clearpoke
|poke|p1|Scyther, M, shiny|item
|poke|p1|Kingler, F|item
|poke|p1|Pyroar, M|item
|poke|p1|Electivire, F|item
|poke|p1|Golem, M, shiny|item
|poke|p1|Vileplume, F, shiny|item
|poke|p2|Steelix, M|item
|poke|p2|Lanturn, M|item
|poke|p2|Hariyama, F|item
|poke|p2|Audino, F|item
|poke|p2|Torterra, M|item
|poke|p2|Scyther, F|item
|rule|Swagger Clause: Swagger is banned
|rule|Baton Pass Clause: Limit one Baton Passer, can't pass Spe and other stats simultaneously
|teampreview
|choice|team 5, team 2, team 3, team 4, team 1, team 6|team 6, team 2, team 3, team 4, team 5, team 1
|
|start
|switch|p1a: Golem|Golem, M, shiny|301\/301
|switch|p2a: Scyther|Scyther, F|281\/281
|turn|1
|choice|move rockpolish|move uturn
|
|move|p2a: Scyther|U-turn|p1a: Golem
|-crit|p1a: Golem
|-damage|p1a: Golem|178\/301
|choice||switch 2
|
|switch|p2a: What are u waiting|Lanturn, M|454\/454
|move|p1a: Golem|Rock Polish|p1a: Golem
|-boost|p1a: Golem|spe|2
|
|upkeep
|turn|2
|choice|move earthquake|switch 5
|
|switch|p2a: Torterra|Torterra, M|394\/394
|move|p1a: Golem|Earthquake|p2a: Torterra
|-resisted|p2a: Torterra
|-damage|p2a: Torterra|333\/394
|
|upkeep
|turn|3
|choice|move suckerpunch|move synthesis
|
|move|p1a: Golem|Sucker Punch|p2a: Torterra|[still]
|-fail|p1a: Golem
|move|p2a: Torterra|Synthesis|p2a: Torterra
|-heal|p2a: Torterra|394\/394
|
|upkeep
|turn|4
|choice|move suckerpunch|move earthquake
|
|move|p1a: Golem|Sucker Punch|p2a: Torterra
|-damage|p2a: Torterra|325\/394
|move|p2a: Torterra|Earthquake|p1a: Golem
|-supereffective|p1a: Golem
|-damage|p1a: Golem|0 fnt
|-damage|p2a: Torterra|286\/394|[from] item: Life Orb
|faint|p1a: Golem
|
|upkeep
|j|Greezy
|choice|switch 3|
|
|switch|p1a: Pyroar|Pyroar, M|313\/313
|turn|5
|choice|move hypervoice|switch 5
|
|switch|p2a: What are u waiting|Lanturn, M|454\/454
|move|p1a: Pyroar|Hyper Voice|p2a: What are u waiting
|-damage|p2a: What are u waiting|268\/454
|
|-heal|p2a: What are u waiting|296\/454|[from] item: Leftovers
|upkeep
|turn|6
|choice|switch 4|move voltswitch
|
|switch|p1a: Electivire|Electivire, F|291\/291
|move|p2a: What are u waiting|Volt Switch|p1a: Electivire
|-ability|p1a: Electivire|Motor Drive|boost
|-boost|p1a: Electivire|spe|1
|
|-heal|p2a: What are u waiting|324\/454|[from] item: Leftovers
|upkeep
|turn|7
|choice|move meditate|switch 5
|
|switch|p2a: Torterra|Torterra, M|286\/394
|move|p1a: Electivire|Meditate|p1a: Electivire
|-boost|p1a: Electivire|atk|1
|
|upkeep
|turn|8
|choice|move crosschop|move synthesis
|
|move|p1a: Electivire|Cross Chop|p2a: Torterra|[miss]
|-miss|p1a: Electivire|p2a: Torterra
|move|p2a: Torterra|Synthesis|p2a: Torterra
|-heal|p2a: Torterra|394\/394
|
|upkeep
|turn|9
|choice|move crosschop|move earthquake
|
|move|p1a: Electivire|Cross Chop|p2a: Torterra
|-damage|p2a: Torterra|231\/394
|move|p2a: Torterra|Earthquake|p1a: Electivire
|-supereffective|p1a: Electivire
|-damage|p1a: Electivire|0 fnt
|-damage|p2a: Torterra|192\/394|[from] item: Life Orb
|faint|p1a: Electivire
|
|upkeep
|choice|switch 5|
|
|switch|p1a: Scyther|Scyther, M, shiny|281\/281
|turn|10
|choice|move swordsdance|move stoneedge
|
|move|p1a: Scyther|Swords Dance|p1a: Scyther
|-boost|p1a: Scyther|atk|2
|move|p2a: Torterra|Stone Edge|p1a: Scyther
|-supereffective|p1a: Scyther
|-damage|p1a: Scyther|0 fnt
|-damage|p2a: Torterra|153\/394|[from] item: Life Orb
|faint|p1a: Scyther
|
|upkeep
|-message|Panda Albino forfeited.
|
|win|LCezasfuck
|player|p1
|player|p2
|l|Panda Albino
|raw|Panda Albino's rating: 1000 &rarr; <strong>1000<\/strong><br \/>(+0 for losing)
|raw|LCezasfuck's rating: 1401 &rarr; <strong>1405<\/strong><br \/>(+4 for winning)</script>
</div>
<div class="battle-log battle-log-inline"><div class="inner"><div class="battle-options"></div><div class="inner"><div class="chat"><small>Panda Albino joined.</small></div><div class="chat"><small>LCezasfuck joined.</small></div><div class=""><small>Format:</small> <br><strong>NU</strong></div><div class="rated"><strong>Rated battle</strong></div><div class=""><small><em>Sleep Clause Mod:</em> Limit one foe put to sleep</small></div><div class=""><small><em>Species Clause:</em> Limit one of each Pokémon</small></div><div class=""><small><em>OHKO Clause:</em> OHKO moves are banned</small></div><div class=""><small><em>Moody Clause:</em> Moody is banned</small></div><div class=""><small><em>Evasion Moves Clause:</em> Evasion moves are banned</small></div><div class=""><small><em>Endless Battle Clause:</em> Forcing endless battles is banned</small></div><div class=""><small><em>HP Percentage Mod:</em> HP is shown in percentages</small></div><div class=""><small><em>Swagger Clause:</em> Swagger is banned</small></div><div class=""><small><em>Baton Pass Clause:</em> Limit one Baton Passer, can't pass Spe and other stats simultaneously</small></div><div class="chat battle-history"><strong>Panda Albino's team:</strong> <em style="color:#445566;display:block;">Scyther / Kingler / Pyroar / Electivire / Golem / Vileplume</em></div><div class="chat battle-history"><strong>LCezasfuck's team:</strong> <em style="color:#445566;display:block;">Steelix / Lanturn / Hariyama / Audino / Torterra / Scyther</em></div><div class="spacer battle-history"><br></div><div class="battle-history">Battle started between Panda Albino and LCezasfuck!<br></div><div class="spacer battle-history"><br></div><div class="battle-history">Go! <strong>Golem</strong>!<br></div><div class="spacer battle-history"><br></div><div class="battle-history">LCezasfuck sent out <strong>Scyther</strong>!<br></div><div class="spacer battle-history"><br></div><h2 class="battle-history">Turn 1</h2><div class="spacer battle-history"><br></div><div class="battle-history">The opposing Scyther used <strong>U-turn</strong>!<br></div><div class="battle-history"><small>A critical hit!</small><br></div><div class="battle-history"><small>(Golem lost <abbr title="−123/301">40.9%</abbr> of its health!)</small><br></div><div class="spacer battle-history"><br></div><div class="battle-history">The opposing Scyther went back to LCezasfuck!<br></div><div class="battle-history">LCezasfuck sent out What are u waiting (<strong>Lanturn</strong>)!<br></div><div class="spacer battle-history"><br></div><div class="battle-history">Golem used <strong>Rock Polish</strong>!<br></div><div class="battle-history"><small>Golem's Speed rose sharply!</small><br></div><div class="spacer battle-history"><br></div><h2 class="battle-history">Turn 2</h2><div class="spacer battle-history"><br></div><div class="battle-history">LCezasfuck withdrew What are u waiting!<br></div><div class="battle-history">LCezasfuck sent out <strong>Torterra</strong>!<br></div><div class="spacer battle-history"><br></div><div class="battle-history">Golem used <strong>Earthquake</strong>!<br></div><div class="battle-history"><small>It's not very effective...</small><br></div><div class="battle-history"><small>(The opposing Torterra lost <abbr title="−61/394">15.5%</abbr> of its health!)</small><br></div><div class="spacer battle-history"><br></div><h2 class="battle-history">Turn 3</h2><div class="spacer battle-history"><br></div><div class="battle-history">Golem used <strong>Sucker Punch</strong>!<br></div><div class="battle-history"><small>But it failed!</small><br></div><div class="spacer battle-history"><br></div><div class="battle-history">The opposing Torterra used <strong>Synthesis</strong>!<br></div><div class="battle-history"><small>The opposing Torterra restored its HP.</small><br></div><div class="spacer battle-history"><br></div><h2 class="battle-history">Turn 4</h2><div class="spacer battle-history"><br></div><div class="battle-history">Golem used <strong>Sucker Punch</strong>!<br></div><div class="battle-history"><small>(The opposing Torterra lost <abbr title="−69/394">17.5%</abbr> of its health!)</small><br></div><div class="spacer battle-history"><br></div><div class="battle-history">The opposing Torterra used <strong>Earthquake</strong>!<br></div><div class="battle-history"><small>It's super effective!</small><br></div><div class="battle-history"><small>(Golem lost <abbr title="−178/301">59.1%</abbr> of its health!)</small><br></div><div class="battle-history"><small>The opposing Torterra lost some of its HP!</small><br></div><div class="spacer battle-history"><br></div><div class="battle-history">Golem fainted!<br></div><div class="chat"><small>Greezy joined.</small></div><div class="spacer battle-history"><br></div><div class="battle-history">Go! <strong>Pyroar</strong>!<br></div><div class="spacer battle-history"><br></div><h2 class="battle-history">Turn 5</h2><div class="spacer battle-history"><br></div><div class="battle-history">LCezasfuck withdrew Torterra!<br></div><div class="battle-history">LCezasfuck sent out What are u waiting (<strong>Lanturn</strong>)!<br></div><div class="spacer battle-history"><br></div><div class="battle-history">Pyroar used <strong>Hyper Voice</strong>!<br></div><div class="battle-history"><small>(The opposing What are u waiting lost <abbr title="−186/454">41.0%</abbr> of its health!)</small><br></div><div class="spacer battle-history"><br></div><div class="battle-history"><small>The opposing What are u waiting restored a little HP using its Leftovers!</small><br></div><div class="spacer battle-history"><br></div><h2 class="battle-history">Turn 6</h2><div class="spacer battle-history"><br></div><div class="battle-history">Pyroar, come back!<br></div><div class="battle-history">Go! <strong>Electivire</strong>!<br></div><div class="spacer battle-history"><br></div><div class="battle-history">The opposing What are u waiting used <strong>Volt Switch</strong>!<br></div><div class="battle-history"><small>[Electivire's Motor Drive]</small><br></div><div class="battle-history"><small>Electivire's Speed rose!</small><br></div><div class="spacer battle-history"><br></div><div class="battle-history"><small>The opposing What are u waiting restored a little HP using its Leftovers!</small><br></div><div class="spacer battle-history"><br></div><h2 class="battle-history">Turn 7</h2><div class="spacer battle-history"><br></div><div class="battle-history">The opposing What are u waiting went back to LCezasfuck!<br></div><div class="battle-history">LCezasfuck sent out <strong>Torterra</strong>!<br></div><div class="spacer battle-history"><br></div><div class="battle-history">Electivire used <strong>Meditate</strong>!<br></div><div class="battle-history"><small>Electivire's Attack rose!</small><br></div><div class="spacer battle-history"><br></div><h2 class="battle-history">Turn 8</h2><div class="spacer battle-history"><br></div><div class="battle-history">Electivire used <strong>Cross Chop</strong>!<br></div><div class="battle-history"><small>The opposing Torterra avoided the attack!</small><br></div><div class="spacer battle-history"><br></div><div class="battle-history">The opposing Torterra used <strong>Synthesis</strong>!<br></div><div class="battle-history"><small>The opposing Torterra restored its HP.</small><br></div><div class="spacer battle-history"><br></div><h2 class="battle-history">Turn 9</h2><div class="spacer battle-history"><br></div><div class="battle-history">Electivire used <strong>Cross Chop</strong>!<br></div><div class="battle-history"><small>(The opposing Torterra lost <abbr title="−163/394">41.4%</abbr> of its health!)</small><br></div><div class="spacer battle-history"><br></div><div class="battle-history">The opposing Torterra used <strong>Earthquake</strong>!<br></div><div class="battle-history"><small>It's super effective!</small><br></div><div class="battle-history"><small>(Electivire lost <abbr title="−291/291">100%</abbr> of its health!)</small><br></div><div class="battle-history"><small>The opposing Torterra lost some of its HP!</small><br></div><div class="spacer battle-history"><br></div><div class="battle-history">Electivire fainted!<br></div><div class="spacer battle-history"><br></div><div class="battle-history">Go! <strong>Scyther</strong>!<br></div><div class="spacer battle-history"><br></div><h2 class="battle-history">Turn 10</h2><div class="spacer battle-history"><br></div><div class="battle-history">Scyther used <strong>Swords Dance</strong>!<br></div><div class="battle-history"><small>Scyther's Attack rose sharply!</small><br></div><div class="spacer battle-history"><br></div><div class="battle-history">The opposing Torterra used <strong>Stone Edge</strong>!<br></div><div class="battle-history"><small>It's super effective!</small><br></div><div class="battle-history"><small>(Scyther lost <abbr title="−281/281">100%</abbr> of its health!)</small><br></div><div class="battle-history"><small>The opposing Torterra lost some of its HP!</small><br></div><div class="spacer battle-history"><br></div><div class="battle-history">Scyther fainted!<br></div><div class="spacer battle-history"><br></div><div class="battle-history"><small>Panda Albino forfeited.</small><br></div><div class="spacer battle-history"><br></div><div class="battle-history"><strong>LCezasfuck</strong> won the battle!<br></div><div class="chat"><small>Panda Albino left.</small></div><div class="chat">Panda Albino's rating: 1000 → <strong>1000</strong><br>(+0 for losing)</div><div class="chat">LCezasfuck's rating: 1401 → <strong>1405</strong><br>(+4 for winning)</div></div><div class="inner-preempt"></div></div></div>
</div>
<script>
let daily = Math.floor(Date.now()/1000/60/60/24);document.write('<script src="https://play.pokemonshowdown.com/js/replay-embed.js?version'+daily+'"></'+'script>');
</script>
