<!DOCTYPE html>
<meta charset="utf-8" />
<!-- version 1 -->
<title>NU replay: verlisrulesmurica vs. rectalcavity345</title>
<style>
html,body {font-family:Verdana, sans-serif;font-size:10pt;margin:0;padding:0;}body{padding:12px 0;} .battle-log {font-family:Verdana, sans-serif;font-size:10pt;} .battle-log-inline {border:1px solid #AAAAAA;background:#EEF2F5;color:black;max-width:640px;margin:0 auto 80px;padding-bottom:5px;} .battle-log .inner {padding:4px 8px 0px 8px;} .battle-log .inner-preempt {padding:0 8px 4px 8px;} .battle-log .inner-after {margin-top:0.5em;} .battle-log h2 {margin:0.5em -8px;padding:4px 8px;border:1px solid #AAAAAA;background:#E0E7EA;border-left:0;border-right:0;font-family:Verdana, sans-serif;font-size:13pt;} .battle-log .chat {vertical-align:middle;padding:3px 0 3px 0;font-size:8pt;} .battle-log .chat strong {color:#40576A;} .battle-log .chat em {padding:1px 4px 1px 3px;color:#000000;font-style:normal;} .chat.mine {background:rgba(0,0,0,0.05);margin-left:-8px;margin-right:-8px;padding-left:8px;padding-right:8px;} .spoiler {color:#BBBBBB;background:#BBBBBB;padding:0px 3px;} .spoiler:hover, .spoiler:active, .spoiler-shown {color:#000000;background:#E2E2E2;padding:0px 3px;} .spoiler a {color:#BBBBBB;} .spoiler:hover a, .spoiler:active a, .spoiler-shown a {color:#2288CC;} .chat code, .chat .spoiler:hover code, .chat .spoiler:active code, .chat .spoiler-shown code {border:1px solid #C0C0C0;background:#EEEEEE;color:black;padding:0 2px;} .chat .spoiler code {border:1px solid #CCCCCC;background:#CCCCCC;color:#CCCCCC;} .battle-log .rated {padding:3px 4px;} .battle-log .rated strong {color:white;background:#89A;padding:1px 4px;border-radius:4px;} .spacer {margin-top:0.5em;} .message-announce {background:#6688AA;color:white;padding:1px 4px 2px;} .message-announce a, .broadcast-green a, .broadcast-blue a, .broadcast-red a {color:#DDEEFF;} .broadcast-green {background-color:#559955;color:white;padding:2px 4px;} .broadcast-blue {background-color:#6688AA;color:white;padding:2px 4px;} .infobox {border:1px solid #6688AA;padding:2px 4px;} .infobox-limited {max-height:200px;overflow:auto;overflow-x:hidden;} .broadcast-red {background-color:#AA5544;color:white;padding:2px 4px;} .message-learn-canlearn {font-weight:bold;color:#228822;text-decoration:underline;} .message-learn-cannotlearn {font-weight:bold;color:#CC2222;text-decoration:underline;} .message-effect-weak {font-weight:bold;color:#CC2222;} .message-effect-resist {font-weight:bold;color:#6688AA;} .message-effect-immune {font-weight:bold;color:#666666;} .message-learn-list {margin-top:0;margin-bottom:0;} .message-throttle-notice, .message-error {color:#992222;} .message-overflow, .chat small.message-overflow {font-size:0pt;} .message-overflow::before {font-size:9pt;content:'...';} .subtle {color:#3A4A66;}
</style>
<div class="wrapper replay-wrapper" style="max-width:1180px;margin:0 auto">
<input type="hidden" name="replayid" value="nu-573039489" />
<div class="battle"></div><div class="battle-log"></div><div class="replay-controls"></div><div class="replay-controls-2"></div>
<h1 style="font-weight:normal;text-align:center"><strong>NU</strong><br /><a href="http://pokemonshowdown.com/users/verlisrulesmurica" class="subtle" target="_blank">verlisrulesmurica</a> vs. <a href="http://pokemonshowdown.com/users/rectalcavity345" class="subtle" target="_blank">rectalcavity345</a></h1>
<script type="text/plain" class="battle-log-data">|j|verlisrulesmurica
|j|rectalcavity345
|player|p1|verlisrulesmurica|170
|player|p2|rectalcavity345|265
|gametype|singles
|gen|6
|tier|NU
|rated
|seed|41547,23152,59237,40286
|rule|Sleep Clause Mod: Limit one foe put to sleep
|rule|Species Clause: Limit one of each Pokémon
|rule|OHKO Clause: OHKO moves are banned
|rule|Moody Clause: Moody is banned
|rule|Evasion Moves Clause: Evasion moves are banned
|rule|Endless Battle Clause: Forcing endless battles is banned
|rule|HP Percentage Mod: HP is shown in percentages
|clearpoke
|poke|p1|Slaking, M|item
|poke|p1|Regice|item
|poke|p1|Dusknoir, M|item
|poke|p1|Zebstrika, M|item
|poke|p1|Garbodor, F|item
|poke|p1|Charizard, F|item
|poke|p2|Ledian, M|item
|poke|p2|Swellow, F|item
|rule|Swagger Clause: Swagger is banned
|rule|Baton Pass Clause: Limit one Baton Passer, can't pass Spe and other stats simultaneously
|teampreview
|c|☆rectalcavity345|just testing out this
|choice|team 6, team 2, team 3, team 4, team 5, team 1|team 1, team 2
|
|start
|switch|p1a: Charizard|Charizard, F|297\/297
|switch|p2a: Ledian|Ledian, M|283\/283
|turn|1
|choice|move ancientpower|move poweruppunch
|
|move|p1a: Charizard|Ancient Power|p2a: Ledian
|-supereffective|p2a: Ledian
|-damage|p2a: Ledian|106\/283
|-damage|p1a: Charizard|268\/297|[from] item: Life Orb
|move|p2a: Ledian|Power-Up Punch|p1a: Charizard
|-resisted|p1a: Charizard
|-damage|p1a: Charizard|250\/297
|-boost|p2a: Ledian|atk|1
|
|upkeep
|turn|2
|c|☆verlisrulesmurica|I am verlis
|choice|move ancientpower|move thunderpunch
|
|move|p1a: Charizard|Ancient Power|p2a: Ledian
|-supereffective|p2a: Ledian
|-damage|p2a: Ledian|0 fnt
|-damage|p1a: Charizard|221\/297|[from] item: Life Orb
|faint|p2a: Ledian
|
|upkeep
|c|☆rectalcavity345|very nice
|c|☆rectalcavity345|eggs and spice
|choice||switch 2
|
|switch|p2a: Swellow|Swellow, F|261\/261
|turn|3
|choice|move ancientpower|move whirlwind
|
|move|p1a: Charizard|Ancient Power|p2a: Swellow
|-supereffective|p2a: Swellow
|-damage|p2a: Swellow|0 fnt
|-damage|p1a: Charizard|192\/297|[from] item: Life Orb
|faint|p2a: Swellow
|
|win|verlisrulesmurica
|c|☆rectalcavity345|yo verlis
|c|☆verlisrulesmurica|hi
|raw|verlisrulesmurica's rating: 1049 &rarr; <strong>1077<\/strong><br \/>(+28 for winning)
|raw|rectalcavity345's rating: 1000 &rarr; <strong>1000<\/strong><br \/>(+0 for losing)
|c|☆rectalcavity345|you should edit your how to use shedninja
|c|☆verlisrulesmurica|smogon sucks
|c|☆rectalcavity345|moveset
|c|☆rectalcavity345|and make it so like
|c|☆rectalcavity345|shedninja gets leftovers
|c|☆verlisrulesmurica|leftover it
|c|☆verlisrulesmurica|I know
|c|☆rectalcavity345|i think it's very op
|c|☆verlisrulesmurica|and final gambit
|c|☆rectalcavity345|yeah bro thanks i love your videos
|c|☆verlisrulesmurica|no prob
|l|rectalcavity345</script>
</div>
<div class="battle-log battle-log-inline"><div class="inner"><div class="battle-options"></div><div class="inner"><div class="chat"><small>verlisrulesmurica joined.</small></div><div class="chat"><small>rectalcavity345 joined.</small></div><div class=""><small>Format:</small> <br><strong>NU</strong></div><div class="rated"><strong>Rated battle</strong></div><div class=""><small><em>Sleep Clause Mod:</em> Limit one foe put to sleep</small></div><div class=""><small><em>Species Clause:</em> Limit one of each Pokémon</small></div><div class=""><small><em>OHKO Clause:</em> OHKO moves are banned</small></div><div class=""><small><em>Moody Clause:</em> Moody is banned</small></div><div class=""><small><em>Evasion Moves Clause:</em> Evasion moves are banned</small></div><div class=""><small><em>Endless Battle Clause:</em> Forcing endless battles is banned</small></div><div class=""><small><em>HP Percentage Mod:</em> HP is shown in percentages</small></div><div class=""><small><em>Swagger Clause:</em> Swagger is banned</small></div><div class=""><small><em>Baton Pass Clause:</em> Limit one Baton Passer, can't pass Spe and other stats simultaneously</small></div><div class="chat battle-history"><strong>verlisrulesmurica's team:</strong> <em style="color:#445566;display:block;">Slaking / Regice / Dusknoir / Zebstrika / Garbodor / Charizard</em></div><div class="chat battle-history"><strong>rectalcavity345's team:</strong> <em style="color:#445566;display:block;">Ledian / Swellow</em></div><div class="chat chatmessage-rectalcavity345"><strong style="color:hsl(7,43%,49%)"><small>☆</small><span class="username" data-name="rectalcavity345">rectalcavity345</span>:</strong> <em>just testing out this</em></div><div class="spacer battle-history"><br></div><div class="battle-history">Battle started between verlisrulesmurica and rectalcavity345!<br></div><div class="spacer battle-history"><br></div><div class="battle-history">Go! <strong>Charizard</strong>!<br></div><div class="spacer battle-history"><br></div><div class="battle-history">rectalcavity345 sent out <strong>Ledian</strong>!<br></div><div class="spacer battle-history"><br></div><h2 class="battle-history">Turn 1</h2><div class="spacer battle-history"><br></div><div class="battle-history">Charizard used <strong>Ancient Power</strong>!<br></div><div class="battle-history"><small>It's super effective!</small><br></div><div class="battle-history"><small>(The opposing Ledian lost <abbr title="−177/283">62.5%</abbr> of its health!)</small><br></div><div class="battle-history"><small>Charizard lost some of its HP!</small><br></div><div class="spacer battle-history"><br></div><div class="battle-history">The opposing Ledian used <strong>Power-Up Punch</strong>!<br></div><div class="battle-history"><small>It's not very effective...</small><br></div><div class="battle-history"><small>(Charizard lost <abbr title="−18/297">6.1%</abbr> of its health!)</small><br></div><div class="battle-history"><small>The opposing Ledian's Attack rose!</small><br></div><div class="spacer battle-history"><br></div><h2 class="battle-history">Turn 2</h2><div class="chat chatmessage-verlisrulesmurica"><strong style="color:hsl(107,60%,40.904575009221766%)"><small>☆</small><span class="username" data-name="verlisrulesmurica">verlisrulesmurica</span>:</strong> <em>I am verlis</em></div><div class="spacer battle-history"><br></div><div class="battle-history">Charizard used <strong>Ancient Power</strong>!<br></div><div class="battle-history"><small>It's super effective!</small><br></div><div class="battle-history"><small>(The opposing Ledian lost <abbr title="−106/283">37.5%</abbr> of its health!)</small><br></div><div class="battle-history"><small>Charizard lost some of its HP!</small><br></div><div class="spacer battle-history"><br></div><div class="battle-history">The opposing Ledian fainted!<br></div><div class="chat chatmessage-rectalcavity345"><strong style="color:hsl(7,43%,49%)"><small>☆</small><span class="username" data-name="rectalcavity345">rectalcavity345</span>:</strong> <em>very nice</em></div><div class="chat chatmessage-rectalcavity345"><strong style="color:hsl(7,43%,49%)"><small>☆</small><span class="username" data-name="rectalcavity345">rectalcavity345</span>:</strong> <em>eggs and spice</em></div><div class="spacer battle-history"><br></div><div class="battle-history">rectalcavity345 sent out <strong>Swellow</strong>!<br></div><div class="spacer battle-history"><br></div><h2 class="battle-history">Turn 3</h2><div class="spacer battle-history"><br></div><div class="battle-history">Charizard used <strong>Ancient Power</strong>!<br></div><div class="battle-history"><small>It's super effective!</small><br></div><div class="battle-history"><small>(The opposing Swellow lost <abbr title="−261/261">100%</abbr> of its health!)</small><br></div><div class="battle-history"><small>Charizard lost some of its HP!</small><br></div><div class="spacer battle-history"><br></div><div class="battle-history">The opposing Swellow fainted!<br></div><div class="spacer battle-history"><br></div><div class="battle-history"><strong>verlisrulesmurica</strong> won the battle!<br></div><div class="chat chatmessage-rectalcavity345"><strong style="color:hsl(7,43%,49%)"><small>☆</small><span class="username" data-name="rectalcavity345">rectalcavity345</span>:</strong> <em>yo verlis</em></div><div class="chat chatmessage-verlisrulesmurica"><strong style="color:hsl(107,60%,40.904575009221766%)"><small>☆</small><span class="username" data-name="verlisrulesmurica">verlisrulesmurica</span>:</strong> <em>hi</em></div><div class="chat">verlisrulesmurica's rating: 1049 → <strong>1077</strong><br>(+28 for winning)</div><div class="chat">rectalcavity345's rating: 1000 → <strong>1000</strong><br>(+0 for losing)</div><div class="chat chatmessage-rectalcavity345"><strong style="color:hsl(7,43%,49%)"><small>☆</small><span class="username" data-name="rectalcavity345">rectalcavity345</span>:</strong> <em>you should edit your how to use shedninja</em></div><div class="chat chatmessage-verlisrulesmurica"><strong style="color:hsl(107,60%,40.904575009221766%)"><small>☆</small><span class="username" data-name="verlisrulesmurica">verlisrulesmurica</span>:</strong> <em>smogon sucks</em></div><div class="chat chatmessage-rectalcavity345"><strong style="color:hsl(7,43%,49%)"><small>☆</small><span class="username" data-name="rectalcavity345">rectalcavity345</span>:</strong> <em>moveset</em></div><div class="chat chatmessage-rectalcavity345"><strong style="color:hsl(7,43%,49%)"><small>☆</small><span class="username" data-name="rectalcavity345">rectalcavity345</span>:</strong> <em>and make it so like</em></div><div class="chat chatmessage-rectalcavity345"><strong style="color:hsl(7,43%,49%)"><small>☆</small><span class="username" data-name="rectalcavity345">rectalcavity345</span>:</strong> <em>shedninja gets leftovers</em></div><div class="chat chatmessage-verlisrulesmurica"><strong style="color:hsl(107,60%,40.904575009221766%)"><small>☆</small><span class="username" data-name="verlisrulesmurica">verlisrulesmurica</span>:</strong> <em>leftover it</em></div><div class="chat chatmessage-verlisrulesmurica"><strong style="color:hsl(107,60%,40.904575009221766%)"><small>☆</small><span class="username" data-name="verlisrulesmurica">verlisrulesmurica</span>:</strong> <em>I know</em></div><div class="chat chatmessage-rectalcavity345"><strong style="color:hsl(7,43%,49%)"><small>☆</small><span class="username" data-name="rectalcavity345">rectalcavity345</span>:</strong> <em>i think it's very op</em></div><div class="chat chatmessage-verlisrulesmurica"><strong style="color:hsl(107,60%,40.904575009221766%)"><small>☆</small><span class="username" data-name="verlisrulesmurica">verlisrulesmurica</span>:</strong> <em>and final gambit</em></div><div class="chat chatmessage-rectalcavity345"><strong style="color:hsl(7,43%,49%)"><small>☆</small><span class="username" data-name="rectalcavity345">rectalcavity345</span>:</strong> <em>yeah bro thanks i love your videos</em></div><div class="chat chatmessage-verlisrulesmurica"><strong style="color:hsl(107,60%,40.904575009221766%)"><small>☆</small><span class="username" data-name="verlisrulesmurica">verlisrulesmurica</span>:</strong> <em>no prob</em></div><div class="chat"><small>rectalcavity345 left.</small></div></div><div class="inner-preempt"></div></div></div>
</div>
<script>
let daily = Math.floor(Date.now()/1000/60/60/24);document.write('<script src="https://play.pokemonshowdown.com/js/replay-embed.js?version'+daily+'"></'+'script>');
</script>
