<!DOCTYPE html>
<meta charset="utf-8" />
<!-- version 1 -->
<title>NU replay: EternalSnowman vs. lcezasfuck</title>
<style>
html,body {font-family:Verdana, sans-serif;font-size:10pt;margin:0;padding:0;}body{padding:12px 0;} .battle-log {font-family:Verdana, sans-serif;font-size:10pt;} .battle-log-inline {border:1px solid #AAAAAA;background:#EEF2F5;color:black;max-width:640px;margin:0 auto 80px;padding-bottom:5px;} .battle-log .inner {padding:4px 8px 0px 8px;} .battle-log .inner-preempt {padding:0 8px 4px 8px;} .battle-log .inner-after {margin-top:0.5em;} .battle-log h2 {margin:0.5em -8px;padding:4px 8px;border:1px solid #AAAAAA;background:#E0E7EA;border-left:0;border-right:0;font-family:Verdana, sans-serif;font-size:13pt;} .battle-log .chat {vertical-align:middle;padding:3px 0 3px 0;font-size:8pt;} .battle-log .chat strong {color:#40576A;} .battle-log .chat em {padding:1px 4px 1px 3px;color:#000000;font-style:normal;} .chat.mine {background:rgba(0,0,0,0.05);margin-left:-8px;margin-right:-8px;padding-left:8px;padding-right:8px;} .spoiler {color:#BBBBBB;background:#BBBBBB;padding:0px 3px;} .spoiler:hover, .spoiler:active, .spoiler-shown {color:#000000;background:#E2E2E2;padding:0px 3px;} .spoiler a {color:#BBBBBB;} .spoiler:hover a, .spoiler:active a, .spoiler-shown a {color:#2288CC;} .chat code, .chat .spoiler:hover code, .chat .spoiler:active code, .chat .spoiler-shown code {border:1px solid #C0C0C0;background:#EEEEEE;color:black;padding:0 2px;} .chat .spoiler code {border:1px solid #CCCCCC;background:#CCCCCC;color:#CCCCCC;} .battle-log .rated {padding:3px 4px;} .battle-log .rated strong {color:white;background:#89A;padding:1px 4px;border-radius:4px;} .spacer {margin-top:0.5em;} .message-announce {background:#6688AA;color:white;padding:1px 4px 2px;} .message-announce a, .broadcast-green a, .broadcast-blue a, .broadcast-red a {color:#DDEEFF;} .broadcast-green {background-color:#559955;color:white;padding:2px 4px;} .broadcast-blue {background-color:#6688AA;color:white;padding:2px 4px;} .infobox {border:1px solid #6688AA;padding:2px 4px;} .infobox-limited {max-height:200px;overflow:auto;overflow-x:hidden;} .broadcast-red {background-color:#AA5544;color:white;padding:2px 4px;} .message-learn-canlearn {font-weight:bold;color:#228822;text-decoration:underline;} .message-learn-cannotlearn {font-weight:bold;color:#CC2222;text-decoration:underline;} .message-effect-weak {font-weight:bold;color:#CC2222;} .message-effect-resist {font-weight:bold;color:#6688AA;} .message-effect-immune {font-weight:bold;color:#666666;} .message-learn-list {margin-top:0;margin-bottom:0;} .message-throttle-notice, .message-error {color:#992222;} .message-overflow, .chat small.message-overflow {font-size:0pt;} .message-overflow::before {font-size:9pt;content:'...';} .subtle {color:#3A4A66;}
</style>
<div class="wrapper replay-wrapper" style="max-width:1180px;margin:0 auto">
<input type="hidden" name="replayid" value="nu-573378485" />
<div class="battle"></div><div class="battle-log"></div><div class="replay-controls"></div><div class="replay-controls-2"></div>
<h1 style="font-weight:normal;text-align:center"><strong>NU</strong><br /><a href="http://pokemonshowdown.com/users/eternalsnowman" class="subtle" target="_blank">EternalSnowman</a> vs. <a href="http://pokemonshowdown.com/users/lcezasfuck" class="subtle" target="_blank">lcezasfuck</a></h1>
<script type="text/plain" class="battle-log-data">|j|EternalSnowman
|j|lcezasfuck
|player|p1|EternalSnowman|250
|player|p2|lcezasfuck|#teamrocket
|gametype|singles
|gen|6
|tier|NU
|seed|58419,33434,3694,38112
|rule|Sleep Clause Mod: Limit one foe put to sleep
|rule|Species Clause: Limit one of each Pokémon
|rule|OHKO Clause: OHKO moves are banned
|rule|Moody Clause: Moody is banned
|rule|Evasion Moves Clause: Evasion moves are banned
|rule|Endless Battle Clause: Forcing endless battles is banned
|rule|HP Percentage Mod: HP is shown in percentages
|clearpoke
|poke|p1|Liepard, M|item
|poke|p1|Mesprit|item
|poke|p1|Ludicolo, M|item
|poke|p1|Omastar, M|item
|poke|p1|Kabutops, F|item
|poke|p1|Garbodor, M|item
|poke|p2|Pelipper, M|item
|poke|p2|Ferroseed, F|item
|poke|p2|Miltank, F|item
|poke|p2|Scyther, M|item
|poke|p2|Swellow, M|item
|poke|p2|Misdreavus, F|item
|rule|Swagger Clause: Swagger is banned
|rule|Baton Pass Clause: Limit one Baton Passer, can't pass Spe and other stats simultaneously
|teampreview
|j|Stats Bot
|l|Stats Bot
|j|hannesthemenace
|l|hannesthemenace
|c|☆EternalSnowman|tbh nj p surprised someone managed to beat lkapd
|choice|team 1, team 2, team 3, team 4, team 5, team 6|team 4, team 2, team 3, team 1, team 5, team 6
|
|start
|switch|p1a: Liepard|Liepard, M|269\/269
|switch|p2a: Scyther|Scyther, M|281\/281
|turn|1
|choice|switch 6|move uturn
|
|switch|p1a: Garbodor|Garbodor, M|315\/315
|move|p2a: Scyther|U-turn|p1a: Garbodor
|-resisted|p1a: Garbodor
|-damage|p1a: Garbodor|244\/315
|-damage|p2a: Scyther|235\/281|[from] item: Rocky Helmet|[of] p1a: Garbodor
|choice||switch 6
|
|switch|p2a: Misdreavus|Misdreavus, F|324\/324
|
|upkeep
|turn|2
|choice|move toxicspikes|move taunt
|
|move|p1a: Garbodor|Toxic Spikes|p2a: Misdreavus
|-sidestart|p2: lcezasfuck|move: Toxic Spikes
|move|p2a: Misdreavus|Taunt|p1a: Garbodor
|-start|p1a: Garbodor|move: Taunt
|
|upkeep
|turn|3
|choice|switch 6|move willowisp
|
|switch|p1a: Liepard|Liepard, M|269\/269
|move|p2a: Misdreavus|Will-O-Wisp|p1a: Liepard
|-status|p1a: Liepard|brn
|
|-damage|p1a: Liepard|236\/269 brn|[from] brn
|upkeep
|turn|4
|choice|move encore|switch 4
|
|switch|p2a: Pelipper|Pelipper, M|324\/324
|move|p1a: Liepard|Encore|p2a: Pelipper
|-fail|p2a: Pelipper
|
|-damage|p1a: Liepard|203\/269 brn|[from] brn
|upkeep
|turn|5
|choice|move knockoff|move scald
|
|move|p1a: Liepard|Knock Off|p2a: Pelipper
|-damage|p2a: Pelipper|272\/324
|-enditem|p2a: Pelipper|Leftovers|[from] move: Knock Off|[of] p1a: Liepard
|move|p2a: Pelipper|Scald|p1a: Liepard
|-damage|p1a: Liepard|52\/269 brn
|
|-damage|p1a: Liepard|19\/269 brn|[from] brn
|upkeep
|turn|6
|choice|move raindance|move defog
|
|move|p1a: Liepard|Rain Dance|p1a: Liepard
|-weather|RainDance
|move|p2a: Pelipper|Defog|p1a: Liepard
|-unboost|p1a: Liepard|evasion|1
|-sideend|p2: lcezasfuck|Toxic Spikes|[from] move: Defog|[of] p2a: Pelipper
|
|-weather|RainDance|[upkeep]
|-damage|p1a: Liepard|0 fnt|[from] brn
|upkeep
|faint|p1a: Liepard
|choice|switch 5|
|
|switch|p1a: Kabutops|Kabutops, F|259\/259
|turn|7
|choice|move superpower|move scald
|
|move|p1a: Kabutops|Superpower|p2a: Pelipper
|-resisted|p2a: Pelipper
|-damage|p2a: Pelipper|202\/324
|-unboost|p1a: Kabutops|atk|1
|-unboost|p1a: Kabutops|def|1
|-damage|p1a: Kabutops|234\/259|[from] item: Life Orb
|move|p2a: Pelipper|Scald|p1a: Kabutops
|-damage|p1a: Kabutops|80\/259
|-status|p1a: Kabutops|brn
|
|-weather|RainDance|[upkeep]
|-damage|p1a: Kabutops|48\/259 brn|[from] brn
|upkeep
|turn|8
|c|☆lcezasfuck|lol?
|choice|move stoneedge|switch 2
|
|switch|p2a: Ferroseed|Ferroseed, F|292\/292
|move|p1a: Kabutops|Stone Edge|p2a: Ferroseed
|-resisted|p2a: Ferroseed
|-damage|p2a: Ferroseed|273\/292
|-damage|p1a: Kabutops|23\/259 brn|[from] item: Life Orb
|
|-weather|RainDance|[upkeep]
|-damage|p1a: Kabutops|0 fnt|[from] brn
|upkeep
|faint|p1a: Kabutops
|choice|switch 4|
|
|switch|p1a: Omastar|Omastar, M|281\/281
|turn|9
|choice|move shellsmash|move seedbomb
|
|move|p1a: Omastar|Shell Smash|p1a: Omastar
|-unboost|p1a: Omastar|def|1
|-unboost|p1a: Omastar|spd|1
|-boost|p1a: Omastar|atk|2
|-boost|p1a: Omastar|spa|2
|-boost|p1a: Omastar|spe|2
|move|p2a: Ferroseed|Seed Bomb|p1a: Omastar
|-supereffective|p1a: Omastar
|-crit|p1a: Omastar
|-damage|p1a: Omastar|0 fnt
|faint|p1a: Omastar
|
|-weather|RainDance|[upkeep]
|upkeep
|c|☆EternalSnowman|yh ok lol
|-message|EternalSnowman forfeited.
|
|win|lcezasfuck
|c|☆lcezasfuck|lol
|l|EternalSnowman</script>
</div>
<div class="battle-log battle-log-inline"><div class="inner"><div class="battle-options"></div><div class="inner"><div class="chat"><small>EternalSnowman joined.</small></div><div class="chat"><small>lcezasfuck joined.</small></div><div class=""><small>Format:</small> <br><strong>NU</strong></div><div class=""><small><em>Sleep Clause Mod:</em> Limit one foe put to sleep</small></div><div class=""><small><em>Species Clause:</em> Limit one of each Pokémon</small></div><div class=""><small><em>OHKO Clause:</em> OHKO moves are banned</small></div><div class=""><small><em>Moody Clause:</em> Moody is banned</small></div><div class=""><small><em>Evasion Moves Clause:</em> Evasion moves are banned</small></div><div class=""><small><em>Endless Battle Clause:</em> Forcing endless battles is banned</small></div><div class=""><small><em>HP Percentage Mod:</em> HP is shown in percentages</small></div><div class=""><small><em>Swagger Clause:</em> Swagger is banned</small></div><div class=""><small><em>Baton Pass Clause:</em> Limit one Baton Passer, can't pass Spe and other stats simultaneously</small></div><div class="chat battle-history"><strong>EternalSnowman's team:</strong> <em style="color:#445566;display:block;">Liepard / Mesprit / Ludicolo / Omastar / Kabutops / Garbodor</em></div><div class="chat battle-history"><strong>lcezasfuck's team:</strong> <em style="color:#445566;display:block;">Pelipper / Ferroseed / Miltank / Scyther / Swellow / Misdreavus</em></div><div class="chat"><small>Stats Bot joined.</small></div><div class="chat"><small>Stats Bot left.</small></div><div class="chat"><small>hannesthemenace joined.</small></div><div class="chat"><small>hannesthemenace left.</small></div><div class="chat chatmessage-eternalsnowman"><strong style="color:hsl(0,70%,43%)"><small>☆</small><span class="username" data-name="EternalSnowman">EternalSnowman</span>:</strong> <em>tbh nj p surprised someone managed to beat lkapd</em></div><div class="spacer battle-history"><br></div><div class="battle-history">Battle started between EternalSnowman and lcezasfuck!<br></div><div class="spacer battle-history"><br></div><div class="battle-history">Go! <strong>Liepard</strong>!<br></div><div class="spacer battle-history"><br></div><div class="battle-history">lcezasfuck sent out <strong>Scyther</strong>!<br></div><div class="spacer battle-history"><br></div><h2 class="battle-history">Turn 1</h2><div class="spacer battle-history"><br></div><div class="battle-history">Liepard, come back!<br></div><div class="battle-history">Go! <strong>Garbodor</strong>!<br></div><div class="spacer battle-history"><br></div><div class="battle-history">The opposing Scyther used <strong>U-turn</strong>!<br></div><div class="battle-history"><small>It's not very effective...</small><br></div><div class="battle-history"><small>(Garbodor lost <abbr title="−71/315">22.5%</abbr> of its health!)</small><br></div><div class="battle-history"><small>The opposing Scyther was hurt by the Rocky Helmet!</small><br></div><div class="spacer battle-history"><br></div><div class="battle-history">The opposing Scyther went back to lcezasfuck!<br></div><div class="battle-history">lcezasfuck sent out <strong>Misdreavus</strong>!<br></div><div class="spacer battle-history"><br></div><h2 class="battle-history">Turn 2</h2><div class="spacer battle-history"><br></div><div class="battle-history">Garbodor used <strong>Toxic Spikes</strong>!<br></div><div class="battle-history"><small>Poison spikes were scattered on the ground all around the opposing team!</small><br></div><div class="spacer battle-history"><br></div><div class="battle-history">The opposing Misdreavus used <strong>Taunt</strong>!<br></div><div class="battle-history"><small>Garbodor fell for the taunt!</small><br></div><div class="spacer battle-history"><br></div><h2 class="battle-history">Turn 3</h2><div class="spacer battle-history"><br></div><div class="battle-history">Garbodor, come back!<br></div><div class="battle-history">Go! <strong>Liepard</strong>!<br></div><div class="spacer battle-history"><br></div><div class="battle-history">The opposing Misdreavus used <strong>Will-O-Wisp</strong>!<br></div><div class="battle-history"><small>Liepard was burned!</small><br></div><div class="spacer battle-history"><br></div><div class="battle-history"><small>Liepard was hurt by its burn!</small><br></div><div class="spacer battle-history"><br></div><h2 class="battle-history">Turn 4</h2><div class="spacer battle-history"><br></div><div class="battle-history">lcezasfuck withdrew Misdreavus!<br></div><div class="battle-history">lcezasfuck sent out <strong>Pelipper</strong>!<br></div><div class="spacer battle-history"><br></div><div class="battle-history">Liepard used <strong>Encore</strong>!<br></div><div class="battle-history"><small>But it failed!</small><br></div><div class="spacer battle-history"><br></div><div class="battle-history"><small>Liepard was hurt by its burn!</small><br></div><div class="spacer battle-history"><br></div><h2 class="battle-history">Turn 5</h2><div class="spacer battle-history"><br></div><div class="battle-history">Liepard used <strong>Knock Off</strong>!<br></div><div class="battle-history"><small>(The opposing Pelipper lost <abbr title="−52/324">16.0%</abbr> of its health!)</small><br></div><div class="battle-history"><small>Liepard knocked off the opposing Pelipper's Leftovers!</small><br></div><div class="spacer battle-history"><br></div><div class="battle-history">The opposing Pelipper used <strong>Scald</strong>!<br></div><div class="battle-history"><small>(Liepard lost <abbr title="−151/269">56.1%</abbr> of its health!)</small><br></div><div class="spacer battle-history"><br></div><div class="battle-history"><small>Liepard was hurt by its burn!</small><br></div><div class="spacer battle-history"><br></div><h2 class="battle-history">Turn 6</h2><div class="spacer battle-history"><br></div><div class="battle-history">Liepard used <strong>Rain Dance</strong>!<br></div><div class="battle-history"><small>It started to rain!</small><br></div><div class="spacer battle-history"><br></div><div class="battle-history">The opposing Pelipper used <strong>Defog</strong>!<br></div><div class="battle-history"><small>Liepard's evasiveness fell!</small><br></div><div class="battle-history"><small>The poison spikes disappeared from the ground around the opposing team!</small><br></div><div class="spacer battle-history"><br></div><div class="battle-history"><small>(Rain continues to fall!)</small><br></div><div class="battle-history"><small>Liepard was hurt by its burn!</small><br></div><div class="spacer battle-history"><br></div><div class="battle-history">Liepard fainted!<br></div><div class="spacer battle-history"><br></div><div class="battle-history">Go! <strong>Kabutops</strong>!<br></div><div class="spacer battle-history"><br></div><h2 class="battle-history">Turn 7</h2><div class="spacer battle-history"><br></div><div class="battle-history">Kabutops used <strong>Superpower</strong>!<br></div><div class="battle-history"><small>It's not very effective...</small><br></div><div class="battle-history"><small>(The opposing Pelipper lost <abbr title="−70/324">21.6%</abbr> of its health!)</small><br></div><div class="battle-history"><small>Kabutops's Attack fell!</small><br></div><div class="battle-history"><small>Kabutops's Defense fell!</small><br></div><div class="battle-history"><small>Kabutops lost some of its HP!</small><br></div><div class="spacer battle-history"><br></div><div class="battle-history">The opposing Pelipper used <strong>Scald</strong>!<br></div><div class="battle-history"><small>(Kabutops lost <abbr title="−154/259">59.5%</abbr> of its health!)</small><br></div><div class="battle-history"><small>Kabutops was burned!</small><br></div><div class="spacer battle-history"><br></div><div class="battle-history"><small>(Rain continues to fall!)</small><br></div><div class="battle-history"><small>Kabutops was hurt by its burn!</small><br></div><div class="spacer battle-history"><br></div><h2 class="battle-history">Turn 8</h2><div class="chat chatmessage-lcezasfuck"><strong style="color:hsl(63,60%,38.09380051909%)"><small>☆</small><span class="username" data-name="lcezasfuck">lcezasfuck</span>:</strong> <em>lol?</em></div><div class="spacer battle-history"><br></div><div class="battle-history">lcezasfuck withdrew Pelipper!<br></div><div class="battle-history">lcezasfuck sent out <strong>Ferroseed</strong>!<br></div><div class="spacer battle-history"><br></div><div class="battle-history">Kabutops used <strong>Stone Edge</strong>!<br></div><div class="battle-history"><small>It's not very effective...</small><br></div><div class="battle-history"><small>(The opposing Ferroseed lost <abbr title="−19/292">6.5%</abbr> of its health!)</small><br></div><div class="battle-history"><small>Kabutops lost some of its HP!</small><br></div><div class="spacer battle-history"><br></div><div class="battle-history"><small>(Rain continues to fall!)</small><br></div><div class="battle-history"><small>Kabutops was hurt by its burn!</small><br></div><div class="spacer battle-history"><br></div><div class="battle-history">Kabutops fainted!<br></div><div class="spacer battle-history"><br></div><div class="battle-history">Go! <strong>Omastar</strong>!<br></div><div class="spacer battle-history"><br></div><h2 class="battle-history">Turn 9</h2><div class="spacer battle-history"><br></div><div class="battle-history">Omastar used <strong>Shell Smash</strong>!<br></div><div class="battle-history"><small>Omastar's Defense fell!</small><br></div><div class="battle-history"><small>Omastar's Special Defense fell!</small><br></div><div class="battle-history"><small>Omastar's Attack rose sharply!</small><br></div><div class="battle-history"><small>Omastar's Special Attack rose sharply!</small><br></div><div class="battle-history"><small>Omastar's Speed rose sharply!</small><br></div><div class="spacer battle-history"><br></div><div class="battle-history">The opposing Ferroseed used <strong>Seed Bomb</strong>!<br></div><div class="battle-history"><small>It's super effective!</small><br></div><div class="battle-history"><small>A critical hit!</small><br></div><div class="battle-history"><small>(Omastar lost <abbr title="−281/281">100%</abbr> of its health!)</small><br></div><div class="spacer battle-history"><br></div><div class="battle-history">Omastar fainted!<br></div><div class="spacer battle-history"><br></div><div class="battle-history"><small>(Rain continues to fall!)</small><br></div><div class="chat chatmessage-eternalsnowman"><strong style="color:hsl(0,70%,43%)"><small>☆</small><span class="username" data-name="EternalSnowman">EternalSnowman</span>:</strong> <em>yh ok lol</em></div><div class="spacer battle-history"><br></div><div class="battle-history"><small>EternalSnowman forfeited.</small><br></div><div class="spacer battle-history"><br></div><div class="battle-history"><strong>lcezasfuck</strong> won the battle!<br></div><div class="chat chatmessage-lcezasfuck"><strong style="color:hsl(63,60%,38.09380051909%)"><small>☆</small><span class="username" data-name="lcezasfuck">lcezasfuck</span>:</strong> <em>lol</em></div><div class="chat"><small>EternalSnowman left.</small></div></div><div class="inner-preempt"></div></div></div>
</div>
<script>
let daily = Math.floor(Date.now()/1000/60/60/24);document.write('<script src="https://play.pokemonshowdown.com/js/replay-embed.js?version'+daily+'"></'+'script>');
</script>
