<!DOCTYPE html>
<meta charset="utf-8" />
<!-- version 1 -->
<title>NU replay: testeo05 vs. R∅derick</title>
<style>
html,body {font-family:Verdana, sans-serif;font-size:10pt;margin:0;padding:0;}body{padding:12px 0;} .battle-log {font-family:Verdana, sans-serif;font-size:10pt;} .battle-log-inline {border:1px solid #AAAAAA;background:#EEF2F5;color:black;max-width:640px;margin:0 auto 80px;padding-bottom:5px;} .battle-log .inner {padding:4px 8px 0px 8px;} .battle-log .inner-preempt {padding:0 8px 4px 8px;} .battle-log .inner-after {margin-top:0.5em;} .battle-log h2 {margin:0.5em -8px;padding:4px 8px;border:1px solid #AAAAAA;background:#E0E7EA;border-left:0;border-right:0;font-family:Verdana, sans-serif;font-size:13pt;} .battle-log .chat {vertical-align:middle;padding:3px 0 3px 0;font-size:8pt;} .battle-log .chat strong {color:#40576A;} .battle-log .chat em {padding:1px 4px 1px 3px;color:#000000;font-style:normal;} .chat.mine {background:rgba(0,0,0,0.05);margin-left:-8px;margin-right:-8px;padding-left:8px;padding-right:8px;} .spoiler {color:#BBBBBB;background:#BBBBBB;padding:0px 3px;} .spoiler:hover, .spoiler:active, .spoiler-shown {color:#000000;background:#E2E2E2;padding:0px 3px;} .spoiler a {color:#BBBBBB;} .spoiler:hover a, .spoiler:active a, .spoiler-shown a {color:#2288CC;} .chat code, .chat .spoiler:hover code, .chat .spoiler:active code, .chat .spoiler-shown code {border:1px solid #C0C0C0;background:#EEEEEE;color:black;padding:0 2px;} .chat .spoiler code {border:1px solid #CCCCCC;background:#CCCCCC;color:#CCCCCC;} .battle-log .rated {padding:3px 4px;} .battle-log .rated strong {color:white;background:#89A;padding:1px 4px;border-radius:4px;} .spacer {margin-top:0.5em;} .message-announce {background:#6688AA;color:white;padding:1px 4px 2px;} .message-announce a, .broadcast-green a, .broadcast-blue a, .broadcast-red a {color:#DDEEFF;} .broadcast-green {background-color:#559955;color:white;padding:2px 4px;} .broadcast-blue {background-color:#6688AA;color:white;padding:2px 4px;} .infobox {border:1px solid #6688AA;padding:2px 4px;} .infobox-limited {max-height:200px;overflow:auto;overflow-x:hidden;} .broadcast-red {background-color:#AA5544;color:white;padding:2px 4px;} .message-learn-canlearn {font-weight:bold;color:#228822;text-decoration:underline;} .message-learn-cannotlearn {font-weight:bold;color:#CC2222;text-decoration:underline;} .message-effect-weak {font-weight:bold;color:#CC2222;} .message-effect-resist {font-weight:bold;color:#6688AA;} .message-effect-immune {font-weight:bold;color:#666666;} .message-learn-list {margin-top:0;margin-bottom:0;} .message-throttle-notice, .message-error {color:#992222;} .message-overflow, .chat small.message-overflow {font-size:0pt;} .message-overflow::before {font-size:9pt;content:'...';} .subtle {color:#3A4A66;}
</style>
<div class="wrapper replay-wrapper" style="max-width:1180px;margin:0 auto">
<input type="hidden" name="replayid" value="nu-516942793" />
<div class="battle"></div><div class="battle-log"></div><div class="replay-controls"></div><div class="replay-controls-2"></div>
<h1 style="font-weight:normal;text-align:center"><strong>NU</strong><br /><a href="http://pokemonshowdown.com/users/testeo05" class="subtle" target="_blank">testeo05</a> vs. <a href="http://pokemonshowdown.com/users/rderick" class="subtle" target="_blank">R∅derick</a></h1>
<script type="text/plain" class="battle-log-data">|j|testeo05
|j|R∅derick
|player|p1|testeo05|266
|player|p2|R∅derick|25
|gametype|singles
|gen|6
|tier|NU
|rated
|seed|60529,540,52718,26052
|rule|Sleep Clause Mod: Limit one foe put to sleep
|rule|Species Clause: Limit one of each Pokémon
|rule|OHKO Clause: OHKO moves are banned
|rule|Moody Clause: Moody is banned
|rule|Evasion Moves Clause: Evasion moves are banned
|rule|Endless Battle Clause: Forcing endless battles is banned
|rule|HP Percentage Mod: HP is shown in percentages
|clearpoke
|poke|p1|Torkoal, M|item
|poke|p1|Audino, M|item
|poke|p1|Metang|item
|poke|p1|Tauros, M|item
|poke|p1|Ludicolo, M|item
|poke|p1|Manectric, M|item
|poke|p2|Mismagius, F|item
|poke|p2|Vileplume, M|item
|poke|p2|Magmortar, M|item
|poke|p2|Lapras, F|item
|poke|p2|Audino, F|item
|poke|p2|Xatu, M, shiny|item
|rule|Swagger Clause: Swagger is banned
|rule|Baton Pass Clause: Limit one Baton Passer, can't pass Spe and other stats simultaneously
|teampreview
|choice|team 6, team 2, team 3, team 4, team 5, team 1|team 1, team 2, team 3, team 4, team 5, team 6
|
|start
|switch|p1a: Manectric|Manectric, M|282\/282
|switch|p2a: Mismagius|Mismagius, F|324\/324
|turn|1
|choice|switch 2|move willowisp
|
|switch|p1a: Audino|Audino, M|410\/410
|move|p2a: Mismagius|Will-O-Wisp|p1a: Audino
|-status|p1a: Audino|brn
|
|-damage|p1a: Audino|359\/410 brn|[from] brn
|upkeep
|turn|2
|choice|move healbell mega|move taunt
|
|detailschange|p1a: Audino|Audino-Mega, M
|-mega|p1a: Audino|Audino|Audinite
|move|p2a: Mismagius|Taunt|p1a: Audino
|-start|p1a: Audino|move: Taunt
|cant|p1a: Audino|move: Taunt|Heal Bell
|
|-damage|p1a: Audino|308\/410 brn|[from] brn
|upkeep
|turn|3
|choice|move knockoff|switch 3
|
|switch|p2a: Magmortar|Magmortar, M|307\/307
|move|p1a: Audino|Knock Off|p2a: Magmortar
|-damage|p2a: Magmortar|273\/307
|-enditem|p2a: Magmortar|Assault Vest|[from] move: Knock Off|[of] p1a: Audino
|
|-damage|p1a: Audino|257\/410 brn|[from] brn
|upkeep
|turn|4
|choice|switch 5|move focusblast
|
|switch|p1a: Ludicolo|Ludicolo, M|364\/364
|move|p2a: Magmortar|Focus Blast|p1a: Ludicolo|[miss]
|-miss|p2a: Magmortar|p1a: Ludicolo
|
|upkeep
|turn|5
|choice|move icebeam|switch 2
|
|switch|p2a: Vileplume|Vileplume, M|354\/354
|move|p1a: Ludicolo|Ice Beam|p2a: Vileplume
|-supereffective|p2a: Vileplume
|-damage|p2a: Vileplume|164\/354
|
|-heal|p2a: Vileplume|186\/354|[from] item: Black Sludge
|upkeep
|turn|6
|choice|move icebeam|move sleeppowder
|
|move|p1a: Ludicolo|Ice Beam|p2a: Vileplume
|-supereffective|p2a: Vileplume
|-damage|p2a: Vileplume|0 fnt
|faint|p2a: Vileplume
|
|upkeep
|choice||switch 3
|
|switch|p2a: Mismagius|Mismagius, F|324\/324
|turn|7
|choice|move scald|move willowisp
|
|move|p2a: Mismagius|Will-O-Wisp|p1a: Ludicolo
|-status|p1a: Ludicolo|brn
|move|p1a: Ludicolo|Scald|p2a: Mismagius
|-damage|p2a: Mismagius|215\/324
|
|-damage|p1a: Ludicolo|319\/364 brn|[from] brn
|upkeep
|turn|8
|choice|move gigadrain|move hex
|
|move|p2a: Mismagius|Hex|p1a: Ludicolo
|-damage|p1a: Ludicolo|208\/364 brn
|move|p1a: Ludicolo|Giga Drain|p2a: Mismagius
|-damage|p2a: Mismagius|106\/324
|-heal|p1a: Ludicolo|263\/364 brn|[from] drain|[of] p2a: Mismagius
|
|-damage|p1a: Ludicolo|218\/364 brn|[from] brn
|upkeep
|turn|9
|choice|move gigadrain|move destinybond
|
|move|p2a: Mismagius|Destiny Bond|p2a: Mismagius
|-singlemove|p2a: Mismagius|Destiny Bond
|move|p1a: Ludicolo|Giga Drain|p2a: Mismagius
|-damage|p2a: Mismagius|0 fnt
|-heal|p1a: Ludicolo|271\/364 brn|[from] drain|[of] p2a: Mismagius
|faint|p2a: Mismagius
|-activate|p2a: Mismagius|move: Destiny Bond
|faint|p1a: Ludicolo
|
|upkeep
|choice|switch 5|switch 2
|
|switch|p2a: Magmortar|Magmortar, M|273\/307
|switch|p1a: Audino|Audino-Mega, M|257\/410 brn
|turn|10
|choice|move wish|move fireblast
|
|move|p2a: Magmortar|Fire Blast|p1a: Audino|[miss]
|-miss|p2a: Magmortar|p1a: Audino
|move|p1a: Audino|Wish|p1a: Audino
|
|-damage|p1a: Audino|206\/410 brn|[from] brn
|upkeep
|turn|11
|choice|move healbell|move fireblast
|
|move|p2a: Magmortar|Fire Blast|p1a: Audino
|-damage|p1a: Audino|73\/410 brn
|move|p1a: Audino|Heal Bell|p1a: Audino
|-activate|p1a: Audino|move: Heal Bell
|-curestatus|p1a: Audino|brn|[msg]
|
|-heal|p1a: Audino|278\/410|[from] move: Wish|[wisher] Audino
|upkeep
|turn|12
|choice|move wish|switch 5
|
|switch|p2a: Audino|Audino, F|410\/410
|move|p1a: Audino|Wish|p1a: Audino
|
|upkeep
|turn|13
|choice|switch 3|move calmmind mega
|
|switch|p1a: Metang|Metang|324\/324
|detailschange|p2a: Audino|Audino-Mega, F
|-mega|p2a: Audino|Audino|Audinite
|move|p2a: Audino|Calm Mind|p2a: Audino
|-boost|p2a: Audino|spa|1
|-boost|p2a: Audino|spd|1
|
|upkeep
|turn|14
|choice|move meteormash|move dazzlinggleam
|
|move|p1a: Metang|Meteor Mash|p2a: Audino
|-supereffective|p2a: Audino
|-damage|p2a: Audino|258\/410
|move|p2a: Audino|Dazzling Gleam|p1a: Metang
|-resisted|p1a: Metang
|-damage|p1a: Metang|274\/324
|
|upkeep
|turn|15
|choice|move meteormash|switch 5
|
|switch|p2a: Magmortar|Magmortar, M|273\/307
|move|p1a: Metang|Meteor Mash|p2a: Magmortar
|-resisted|p2a: Magmortar
|-damage|p2a: Magmortar|186\/307
|
|upkeep
|turn|16
|choice|switch 3|move fireblast
|
|switch|p1a: Audino|Audino-Mega, M|278\/410
|move|p2a: Magmortar|Fire Blast|p1a: Audino
|-damage|p1a: Audino|154\/410
|
|upkeep
|turn|17
|choice|move wish|move earthquake
|
|move|p2a: Magmortar|Earthquake|p1a: Audino
|-damage|p1a: Audino|95\/410
|move|p1a: Audino|Wish|p1a: Audino
|
|upkeep
|turn|18
|choice|switch 4|move fireblast
|
|switch|p1a: Tauros|Tauros, M|291\/291
|-ability|p1a: Tauros|Intimidate|boost
|-unboost|p2a: Magmortar|atk|1
|move|p2a: Magmortar|Fire Blast|p1a: Tauros
|-crit|p1a: Tauros
|-damage|p1a: Tauros|0 fnt
|faint|p1a: Tauros
|
|upkeep
|choice|switch 2|
|
|switch|p1a: Manectric|Manectric, M|282\/282
|turn|19
|choice|move voltswitch|move earthquake
|
|move|p1a: Manectric|Volt Switch|p2a: Magmortar
|-damage|p2a: Magmortar|81\/307
|choice|switch 4|
|
|switch|p1a: Audino|Audino-Mega, M|95\/410
|move|p2a: Magmortar|Earthquake|p1a: Audino
|-crit|p1a: Audino
|-damage|p1a: Audino|6\/410
|
|upkeep
|turn|20
|choice|move toxic|move earthquake
|
|move|p2a: Magmortar|Earthquake|p1a: Audino
|-damage|p1a: Audino|0 fnt
|faint|p1a: Audino
|
|upkeep
|choice|switch 4|
|
|switch|p1a: Manectric|Manectric, M|282\/282
|turn|21
|choice|move thunderbolt|switch 5
|
|switch|p2a: Audino|Audino-Mega, F|258\/410
|move|p1a: Manectric|Thunderbolt|p2a: Audino
|-damage|p2a: Audino|150\/410
|
|upkeep
|turn|22
|choice|move voltswitch|move wish
|
|move|p1a: Manectric|Volt Switch|p2a: Audino
|-damage|p2a: Audino|56\/410
|choice|switch 3|
|
|switch|p1a: Metang|Metang|274\/324
|move|p2a: Audino|Wish|p2a: Audino
|
|upkeep
|turn|23
|choice|move meteormash|switch 5
|
|switch|p2a: Magmortar|Magmortar, M|81\/307
|move|p1a: Metang|Meteor Mash|p2a: Magmortar
|-resisted|p2a: Magmortar
|-damage|p2a: Magmortar|0 fnt
|faint|p2a: Magmortar
|
|upkeep
|choice||switch 6
|
|switch|p2a: H∅rick|Xatu, M, shiny|334\/334
|turn|24
|j|alola digglet
|choice|switch 6|move confuseray
|
|switch|p1a: Torkoal|Torkoal, M|344\/344
|move|p2a: H∅rick|Confuse Ray|p1a: Torkoal
|-start|p1a: Torkoal|confusion
|
|upkeep
|turn|25
|l|alola digglet
|choice|move lavaplume|move psychic
|
|move|p2a: H∅rick|Psychic|p1a: Torkoal
|-damage|p1a: Torkoal|203\/344
|-activate|p1a: Torkoal|confusion
|-damage|p1a: Torkoal|191\/344|[from] confusion
|
|upkeep
|turn|26
|choice|move lavaplume|move psychic
|
|move|p2a: H∅rick|Psychic|p1a: Torkoal
|-damage|p1a: Torkoal|52\/344
|-activate|p1a: Torkoal|confusion
|-damage|p1a: Torkoal|40\/344|[from] confusion
|
|upkeep
|turn|27
|choice|move lavaplume|move psychic
|
|move|p2a: H∅rick|Psychic|p1a: Torkoal
|-damage|p1a: Torkoal|0 fnt
|faint|p1a: Torkoal
|
|upkeep
|choice|switch 3|
|
|switch|p1a: Manectric|Manectric, M|282\/282
|turn|28
|choice|move thunderbolt|move confuseray
|
|move|p1a: Manectric|Thunderbolt|p2a: H∅rick
|-supereffective|p2a: H∅rick
|-damage|p2a: H∅rick|0 fnt
|faint|p2a: H∅rick
|
|upkeep
|choice||switch 4
|
|switch|p2a: Lapras|Lapras, F|431\/431
|turn|29
|choice|move thunderbolt|move hydropump
|
|move|p1a: Manectric|Thunderbolt|p2a: Lapras
|-supereffective|p2a: Lapras
|-damage|p2a: Lapras|131\/431
|move|p2a: Lapras|Hydro Pump|p1a: Manectric
|-damage|p1a: Manectric|53\/282
|
|-heal|p2a: Lapras|157\/431|[from] item: Leftovers
|upkeep
|turn|30
|j|yogibears
|choice|move thunderbolt|move icebeam
|
|move|p1a: Manectric|Thunderbolt|p2a: Lapras
|-supereffective|p2a: Lapras
|-damage|p2a: Lapras|0 fnt
|faint|p2a: Lapras
|
|upkeep
|choice||switch 5
|
|switch|p2a: Audino|Audino-Mega, F|56\/410
|turn|31
|choice|move thunderbolt|move dazzlinggleam
|
|move|p1a: Manectric|Thunderbolt|p2a: Audino
|-damage|p2a: Audino|0 fnt
|faint|p2a: Audino
|
|win|testeo05
|player|p1
|player|p2
|raw|testeo05's rating: 1386 &rarr; <strong>1401<\/strong><br \/>(+15 for winning)
|raw|R∅derick's rating: 1289 &rarr; <strong>1271<\/strong><br \/>(-18 for losing)</script>
</div>
<div class="battle-log battle-log-inline"><div class="inner"><div class="battle-options"></div><div class="inner"><div class="chat"><small>testeo05 joined.</small></div><div class="chat"><small>R∅derick joined.</small></div><div class=""><small>Format:</small> <br><strong>NU</strong></div><div class="rated"><strong>Rated battle</strong></div><div class=""><small><em>Sleep Clause Mod:</em> Limit one foe put to sleep</small></div><div class=""><small><em>Species Clause:</em> Limit one of each Pokémon</small></div><div class=""><small><em>OHKO Clause:</em> OHKO moves are banned</small></div><div class=""><small><em>Moody Clause:</em> Moody is banned</small></div><div class=""><small><em>Evasion Moves Clause:</em> Evasion moves are banned</small></div><div class=""><small><em>Endless Battle Clause:</em> Forcing endless battles is banned</small></div><div class=""><small><em>HP Percentage Mod:</em> HP is shown in percentages</small></div><div class=""><small><em>Swagger Clause:</em> Swagger is banned</small></div><div class=""><small><em>Baton Pass Clause:</em> Limit one Baton Passer, can't pass Spe and other stats simultaneously</small></div><div class="chat battle-history"><strong>testeo05's team:</strong> <em style="color:#445566;display:block;">Torkoal / Audino / Metang / Tauros / Ludicolo / Manectric</em></div><div class="chat battle-history"><strong>R∅derick's team:</strong> <em style="color:#445566;display:block;">Mismagius / Vileplume / Magmortar / Lapras / Audino / Xatu</em></div><div class="spacer battle-history"><br></div><div class="battle-history">Battle started between testeo05 and R∅derick!<br></div><div class="spacer battle-history"><br></div><div class="battle-history">Go! <strong>Manectric</strong>!<br></div><div class="spacer battle-history"><br></div><div class="battle-history">R∅derick sent out <strong>Mismagius</strong>!<br></div><div class="spacer battle-history"><br></div><h2 class="battle-history">Turn 1</h2><div class="spacer battle-history"><br></div><div class="battle-history">Manectric, come back!<br></div><div class="battle-history">Go! <strong>Audino</strong>!<br></div><div class="spacer battle-history"><br></div><div class="battle-history">The opposing Mismagius used <strong>Will-O-Wisp</strong>!<br></div><div class="battle-history"><small>Audino was burned!</small><br></div><div class="spacer battle-history"><br></div><div class="battle-history"><small>Audino was hurt by its burn!</small><br></div><div class="spacer battle-history"><br></div><h2 class="battle-history">Turn 2</h2><div class="spacer battle-history"><br></div><div class="battle-history"><small>Audino's Audinite is reacting to testeo05's Mega Bracelet!</small><br>Audino has Mega Evolved into Mega Audino!<br></div><div class="spacer battle-history"><br></div><div class="battle-history">The opposing Mismagius used <strong>Taunt</strong>!<br></div><div class="battle-history"><small>Audino fell for the taunt!</small><br></div><div class="spacer battle-history"><br></div><div class="battle-history">Audino can't use Heal Bell after the taunt!<br></div><div class="spacer battle-history"><br></div><div class="battle-history"><small>Audino was hurt by its burn!</small><br></div><div class="spacer battle-history"><br></div><h2 class="battle-history">Turn 3</h2><div class="spacer battle-history"><br></div><div class="battle-history">R∅derick withdrew Mismagius!<br></div><div class="battle-history">R∅derick sent out <strong>Magmortar</strong>!<br></div><div class="spacer battle-history"><br></div><div class="battle-history">Audino used <strong>Knock Off</strong>!<br></div><div class="battle-history"><small>(The opposing Magmortar lost <abbr title="−34/307">11.1%</abbr> of its health!)</small><br></div><div class="battle-history"><small>Audino knocked off the opposing Magmortar's Assault Vest!</small><br></div><div class="spacer battle-history"><br></div><div class="battle-history"><small>Audino was hurt by its burn!</small><br></div><div class="spacer battle-history"><br></div><h2 class="battle-history">Turn 4</h2><div class="spacer battle-history"><br></div><div class="battle-history">Audino, come back!<br></div><div class="battle-history">Go! <strong>Ludicolo</strong>!<br></div><div class="spacer battle-history"><br></div><div class="battle-history">The opposing Magmortar used <strong>Focus Blast</strong>!<br></div><div class="battle-history"><small>Ludicolo avoided the attack!</small><br></div><div class="spacer battle-history"><br></div><h2 class="battle-history">Turn 5</h2><div class="spacer battle-history"><br></div><div class="battle-history">R∅derick withdrew Magmortar!<br></div><div class="battle-history">R∅derick sent out <strong>Vileplume</strong>!<br></div><div class="spacer battle-history"><br></div><div class="battle-history">Ludicolo used <strong>Ice Beam</strong>!<br></div><div class="battle-history"><small>It's super effective!</small><br></div><div class="battle-history"><small>(The opposing Vileplume lost <abbr title="−190/354">53.7%</abbr> of its health!)</small><br></div><div class="spacer battle-history"><br></div><div class="battle-history"><small>The opposing Vileplume restored a little HP using its Black Sludge!</small><br></div><div class="spacer battle-history"><br></div><h2 class="battle-history">Turn 6</h2><div class="spacer battle-history"><br></div><div class="battle-history">Ludicolo used <strong>Ice Beam</strong>!<br></div><div class="battle-history"><small>It's super effective!</small><br></div><div class="battle-history"><small>(The opposing Vileplume lost <abbr title="−186/354">52.5%</abbr> of its health!)</small><br></div><div class="spacer battle-history"><br></div><div class="battle-history">The opposing Vileplume fainted!<br></div><div class="spacer battle-history"><br></div><div class="battle-history">R∅derick sent out <strong>Mismagius</strong>!<br></div><div class="spacer battle-history"><br></div><h2 class="battle-history">Turn 7</h2><div class="spacer battle-history"><br></div><div class="battle-history">The opposing Mismagius used <strong>Will-O-Wisp</strong>!<br></div><div class="battle-history"><small>Ludicolo was burned!</small><br></div><div class="spacer battle-history"><br></div><div class="battle-history">Ludicolo used <strong>Scald</strong>!<br></div><div class="battle-history"><small>(The opposing Mismagius lost <abbr title="−109/324">33.6%</abbr> of its health!)</small><br></div><div class="spacer battle-history"><br></div><div class="battle-history"><small>Ludicolo was hurt by its burn!</small><br></div><div class="spacer battle-history"><br></div><h2 class="battle-history">Turn 8</h2><div class="spacer battle-history"><br></div><div class="battle-history">The opposing Mismagius used <strong>Hex</strong>!<br></div><div class="battle-history"><small>(Ludicolo lost <abbr title="−111/364">30.5%</abbr> of its health!)</small><br></div><div class="spacer battle-history"><br></div><div class="battle-history">Ludicolo used <strong>Giga Drain</strong>!<br></div><div class="battle-history"><small>(The opposing Mismagius lost <abbr title="−109/324">33.6%</abbr> of its health!)</small><br></div><div class="battle-history"><small>The opposing Mismagius had its energy drained!</small><br></div><div class="spacer battle-history"><br></div><div class="battle-history"><small>Ludicolo was hurt by its burn!</small><br></div><div class="spacer battle-history"><br></div><h2 class="battle-history">Turn 9</h2><div class="spacer battle-history"><br></div><div class="battle-history">The opposing Mismagius used <strong>Destiny Bond</strong>!<br></div><div class="battle-history">The opposing Mismagius is hoping to take its attacker down with it!<br></div><div class="spacer battle-history"><br></div><div class="battle-history">Ludicolo used <strong>Giga Drain</strong>!<br></div><div class="battle-history"><small>(The opposing Mismagius lost <abbr title="−106/324">32.7%</abbr> of its health!)</small><br></div><div class="battle-history"><small>The opposing Mismagius had its energy drained!</small><br></div><div class="spacer battle-history"><br></div><div class="battle-history">The opposing Mismagius fainted!<br></div><div class="battle-history"><small>The opposing Mismagius took its attacker down with it!</small><br></div><div class="spacer battle-history"><br></div><div class="battle-history">Ludicolo fainted!<br></div><div class="spacer battle-history"><br></div><div class="battle-history">R∅derick sent out <strong>Magmortar</strong>!<br></div><div class="spacer battle-history"><br></div><div class="battle-history">Go! Audino (<strong>Audino-Mega</strong>)!<br></div><div class="spacer battle-history"><br></div><h2 class="battle-history">Turn 10</h2><div class="spacer battle-history"><br></div><div class="battle-history">The opposing Magmortar used <strong>Fire Blast</strong>!<br></div><div class="battle-history"><small>Audino avoided the attack!</small><br></div><div class="spacer battle-history"><br></div><div class="battle-history">Audino used <strong>Wish</strong>!<br></div><div class="spacer battle-history"><br></div><div class="battle-history"><small>Audino was hurt by its burn!</small><br></div><div class="spacer battle-history"><br></div><h2 class="battle-history">Turn 11</h2><div class="spacer battle-history"><br></div><div class="battle-history">The opposing Magmortar used <strong>Fire Blast</strong>!<br></div><div class="battle-history"><small>(Audino lost <abbr title="−133/410">32.4%</abbr> of its health!)</small><br></div><div class="spacer battle-history"><br></div><div class="battle-history">Audino used <strong>Heal Bell</strong>!<br></div><div class="battle-history"><small>A bell chimed!</small><br></div><div class="battle-history"><small>Audino's burn was healed.</small><br></div><div class="spacer battle-history"><br></div><div class="battle-history"><small>Audino's wish came true!</small><br></div><div class="spacer battle-history"><br></div><h2 class="battle-history">Turn 12</h2><div class="spacer battle-history"><br></div><div class="battle-history">R∅derick withdrew Magmortar!<br></div><div class="battle-history">R∅derick sent out <strong>Audino</strong>!<br></div><div class="spacer battle-history"><br></div><div class="battle-history">Audino used <strong>Wish</strong>!<br></div><div class="spacer battle-history"><br></div><h2 class="battle-history">Turn 13</h2><div class="spacer battle-history"><br></div><div class="battle-history">Audino, come back!<br></div><div class="battle-history">Go! <strong>Metang</strong>!<br></div><div class="spacer battle-history"><br></div><div class="battle-history"><small>The opposing Audino's Audinite is reacting to R∅derick's Mega Bracelet!</small><br>The opposing Audino has Mega Evolved into Mega Audino!<br></div><div class="spacer battle-history"><br></div><div class="battle-history">The opposing Audino used <strong>Calm Mind</strong>!<br></div><div class="battle-history"><small>The opposing Audino's Special Attack rose!</small><br></div><div class="battle-history"><small>The opposing Audino's Special Defense rose!</small><br></div><div class="spacer battle-history"><br></div><h2 class="battle-history">Turn 14</h2><div class="spacer battle-history"><br></div><div class="battle-history">Metang used <strong>Meteor Mash</strong>!<br></div><div class="battle-history"><small>It's super effective!</small><br></div><div class="battle-history"><small>(The opposing Audino lost <abbr title="−152/410">37.1%</abbr> of its health!)</small><br></div><div class="spacer battle-history"><br></div><div class="battle-history">The opposing Audino used <strong>Dazzling Gleam</strong>!<br></div><div class="battle-history"><small>It's not very effective...</small><br></div><div class="battle-history"><small>(Metang lost <abbr title="−50/324">15.4%</abbr> of its health!)</small><br></div><div class="spacer battle-history"><br></div><h2 class="battle-history">Turn 15</h2><div class="spacer battle-history"><br></div><div class="battle-history">R∅derick withdrew Audino!<br></div><div class="battle-history">R∅derick sent out <strong>Magmortar</strong>!<br></div><div class="spacer battle-history"><br></div><div class="battle-history">Metang used <strong>Meteor Mash</strong>!<br></div><div class="battle-history"><small>It's not very effective...</small><br></div><div class="battle-history"><small>(The opposing Magmortar lost <abbr title="−87/307">28.3%</abbr> of its health!)</small><br></div><div class="spacer battle-history"><br></div><h2 class="battle-history">Turn 16</h2><div class="spacer battle-history"><br></div><div class="battle-history">Metang, come back!<br></div><div class="battle-history">Go! Audino (<strong>Audino-Mega</strong>)!<br></div><div class="spacer battle-history"><br></div><div class="battle-history">The opposing Magmortar used <strong>Fire Blast</strong>!<br></div><div class="battle-history"><small>(Audino lost <abbr title="−124/410">30.2%</abbr> of its health!)</small><br></div><div class="spacer battle-history"><br></div><h2 class="battle-history">Turn 17</h2><div class="spacer battle-history"><br></div><div class="battle-history">The opposing Magmortar used <strong>Earthquake</strong>!<br></div><div class="battle-history"><small>(Audino lost <abbr title="−59/410">14.4%</abbr> of its health!)</small><br></div><div class="spacer battle-history"><br></div><div class="battle-history">Audino used <strong>Wish</strong>!<br></div><div class="spacer battle-history"><br></div><h2 class="battle-history">Turn 18</h2><div class="spacer battle-history"><br></div><div class="battle-history">Audino, come back!<br></div><div class="battle-history">Go! <strong>Tauros</strong>!<br></div><div class="battle-history"><small>[Tauros's Intimidate]</small><br></div><div class="battle-history"><small>The opposing Magmortar's Attack fell!</small><br></div><div class="spacer battle-history"><br></div><div class="battle-history">The opposing Magmortar used <strong>Fire Blast</strong>!<br></div><div class="battle-history"><small>A critical hit!</small><br></div><div class="battle-history"><small>(Tauros lost <abbr title="−291/291">100%</abbr> of its health!)</small><br></div><div class="spacer battle-history"><br></div><div class="battle-history">Tauros fainted!<br></div><div class="spacer battle-history"><br></div><div class="battle-history">Go! <strong>Manectric</strong>!<br></div><div class="spacer battle-history"><br></div><h2 class="battle-history">Turn 19</h2><div class="spacer battle-history"><br></div><div class="battle-history">Manectric used <strong>Volt Switch</strong>!<br></div><div class="battle-history"><small>(The opposing Magmortar lost <abbr title="−105/307">34.2%</abbr> of its health!)</small><br></div><div class="spacer battle-history"><br></div><div class="battle-history">Manectric went back to testeo05!<br></div><div class="battle-history">Go! Audino (<strong>Audino-Mega</strong>)!<br></div><div class="spacer battle-history"><br></div><div class="battle-history">The opposing Magmortar used <strong>Earthquake</strong>!<br></div><div class="battle-history"><small>A critical hit!</small><br></div><div class="battle-history"><small>(Audino lost <abbr title="−89/410">21.7%</abbr> of its health!)</small><br></div><div class="spacer battle-history"><br></div><h2 class="battle-history">Turn 20</h2><div class="spacer battle-history"><br></div><div class="battle-history">The opposing Magmortar used <strong>Earthquake</strong>!<br></div><div class="battle-history"><small>(Audino lost <abbr title="−6/410">1.5%</abbr> of its health!)</small><br></div><div class="spacer battle-history"><br></div><div class="battle-history">Audino fainted!<br></div><div class="spacer battle-history"><br></div><div class="battle-history">Go! <strong>Manectric</strong>!<br></div><div class="spacer battle-history"><br></div><h2 class="battle-history">Turn 21</h2><div class="spacer battle-history"><br></div><div class="battle-history">R∅derick withdrew Magmortar!<br></div><div class="battle-history">R∅derick sent out Audino (<strong>Audino-Mega</strong>)!<br></div><div class="spacer battle-history"><br></div><div class="battle-history">Manectric used <strong>Thunderbolt</strong>!<br></div><div class="battle-history"><small>(The opposing Audino lost <abbr title="−108/410">26.3%</abbr> of its health!)</small><br></div><div class="spacer battle-history"><br></div><h2 class="battle-history">Turn 22</h2><div class="spacer battle-history"><br></div><div class="battle-history">Manectric used <strong>Volt Switch</strong>!<br></div><div class="battle-history"><small>(The opposing Audino lost <abbr title="−94/410">22.9%</abbr> of its health!)</small><br></div><div class="spacer battle-history"><br></div><div class="battle-history">Manectric went back to testeo05!<br></div><div class="battle-history">Go! <strong>Metang</strong>!<br></div><div class="spacer battle-history"><br></div><div class="battle-history">The opposing Audino used <strong>Wish</strong>!<br></div><div class="spacer battle-history"><br></div><h2 class="battle-history">Turn 23</h2><div class="spacer battle-history"><br></div><div class="battle-history">R∅derick withdrew Audino!<br></div><div class="battle-history">R∅derick sent out <strong>Magmortar</strong>!<br></div><div class="spacer battle-history"><br></div><div class="battle-history">Metang used <strong>Meteor Mash</strong>!<br></div><div class="battle-history"><small>It's not very effective...</small><br></div><div class="battle-history"><small>(The opposing Magmortar lost <abbr title="−81/307">26.4%</abbr> of its health!)</small><br></div><div class="spacer battle-history"><br></div><div class="battle-history">The opposing Magmortar fainted!<br></div><div class="spacer battle-history"><br></div><div class="battle-history">R∅derick sent out H∅rick (<strong>Xatu</strong>)!<br></div><div class="spacer battle-history"><br></div><h2 class="battle-history">Turn 24</h2><div class="chat"><small>alola digglet joined.</small></div><div class="spacer battle-history"><br></div><div class="battle-history">Metang, come back!<br></div><div class="battle-history">Go! <strong>Torkoal</strong>!<br></div><div class="spacer battle-history"><br></div><div class="battle-history">The opposing H∅rick used <strong>Confuse Ray</strong>!<br></div><div class="battle-history"><small>Torkoal became confused!</small><br></div><div class="spacer battle-history"><br></div><h2 class="battle-history">Turn 25</h2><div class="chat"><small>alola digglet left.</small></div><div class="spacer battle-history"><br></div><div class="battle-history">The opposing H∅rick used <strong>Psychic</strong>!<br></div><div class="battle-history"><small>(Torkoal lost <abbr title="−141/344">41.0%</abbr> of its health!)</small><br></div><div class="spacer battle-history"><br></div><div class="battle-history"><small>Torkoal is confused!</small><br></div><div class="battle-history">It hurt itself in its confusion!<br></div><div class="spacer battle-history"><br></div><h2 class="battle-history">Turn 26</h2><div class="spacer battle-history"><br></div><div class="battle-history">The opposing H∅rick used <strong>Psychic</strong>!<br></div><div class="battle-history"><small>(Torkoal lost <abbr title="−139/344">40.4%</abbr> of its health!)</small><br></div><div class="spacer battle-history"><br></div><div class="battle-history"><small>Torkoal is confused!</small><br></div><div class="battle-history">It hurt itself in its confusion!<br></div><div class="spacer battle-history"><br></div><h2 class="battle-history">Turn 27</h2><div class="spacer battle-history"><br></div><div class="battle-history">The opposing H∅rick used <strong>Psychic</strong>!<br></div><div class="battle-history"><small>(Torkoal lost <abbr title="−40/344">11.6%</abbr> of its health!)</small><br></div><div class="spacer battle-history"><br></div><div class="battle-history">Torkoal fainted!<br></div><div class="spacer battle-history"><br></div><div class="battle-history">Go! <strong>Manectric</strong>!<br></div><div class="spacer battle-history"><br></div><h2 class="battle-history">Turn 28</h2><div class="spacer battle-history"><br></div><div class="battle-history">Manectric used <strong>Thunderbolt</strong>!<br></div><div class="battle-history"><small>It's super effective!</small><br></div><div class="battle-history"><small>(The opposing H∅rick lost <abbr title="−334/334">100%</abbr> of its health!)</small><br></div><div class="spacer battle-history"><br></div><div class="battle-history">The opposing H∅rick fainted!<br></div><div class="spacer battle-history"><br></div><div class="battle-history">R∅derick sent out <strong>Lapras</strong>!<br></div><div class="spacer battle-history"><br></div><h2 class="battle-history">Turn 29</h2><div class="spacer battle-history"><br></div><div class="battle-history">Manectric used <strong>Thunderbolt</strong>!<br></div><div class="battle-history"><small>It's super effective!</small><br></div><div class="battle-history"><small>(The opposing Lapras lost <abbr title="−300/431">69.6%</abbr> of its health!)</small><br></div><div class="spacer battle-history"><br></div><div class="battle-history">The opposing Lapras used <strong>Hydro Pump</strong>!<br></div><div class="battle-history"><small>(Manectric lost <abbr title="−229/282">81.2%</abbr> of its health!)</small><br></div><div class="spacer battle-history"><br></div><div class="battle-history"><small>The opposing Lapras restored a little HP using its Leftovers!</small><br></div><div class="spacer battle-history"><br></div><h2 class="battle-history">Turn 30</h2><div class="chat"><small>yogibears joined.</small></div><div class="spacer battle-history"><br></div><div class="battle-history">Manectric used <strong>Thunderbolt</strong>!<br></div><div class="battle-history"><small>It's super effective!</small><br></div><div class="battle-history"><small>(The opposing Lapras lost <abbr title="−157/431">36.4%</abbr> of its health!)</small><br></div><div class="spacer battle-history"><br></div><div class="battle-history">The opposing Lapras fainted!<br></div><div class="spacer battle-history"><br></div><div class="battle-history">R∅derick sent out Audino (<strong>Audino-Mega</strong>)!<br></div><div class="spacer battle-history"><br></div><h2 class="battle-history">Turn 31</h2><div class="spacer battle-history"><br></div><div class="battle-history">Manectric used <strong>Thunderbolt</strong>!<br></div><div class="battle-history"><small>(The opposing Audino lost <abbr title="−56/410">13.7%</abbr> of its health!)</small><br></div><div class="spacer battle-history"><br></div><div class="battle-history">The opposing Audino fainted!<br></div><div class="spacer battle-history"><br></div><div class="battle-history"><strong>testeo05</strong> won the battle!<br></div><div class="chat">testeo05's rating: 1386 → <strong>1401</strong><br>(+15 for winning)</div><div class="chat">R∅derick's rating: 1289 → <strong>1271</strong><br>(-18 for losing)</div></div><div class="inner-preempt"></div></div></div>
</div>
<script>
let daily = Math.floor(Date.now()/1000/60/60/24);document.write('<script src="https://play.pokemonshowdown.com/js/replay-embed.js?version'+daily+'"></'+'script>');
</script>
