<!DOCTYPE html>
<meta charset="utf-8" />
<!-- version 1 -->
<title>NU replay: dk vs. Hootie ツ</title>
<style>
html,body {font-family:Verdana, sans-serif;font-size:10pt;margin:0;padding:0;}body{padding:12px 0;} .battle-log {font-family:Verdana, sans-serif;font-size:10pt;} .battle-log-inline {border:1px solid #AAAAAA;background:#EEF2F5;color:black;max-width:640px;margin:0 auto 80px;padding-bottom:5px;} .battle-log .inner {padding:4px 8px 0px 8px;} .battle-log .inner-preempt {padding:0 8px 4px 8px;} .battle-log .inner-after {margin-top:0.5em;} .battle-log h2 {margin:0.5em -8px;padding:4px 8px;border:1px solid #AAAAAA;background:#E0E7EA;border-left:0;border-right:0;font-family:Verdana, sans-serif;font-size:13pt;} .battle-log .chat {vertical-align:middle;padding:3px 0 3px 0;font-size:8pt;} .battle-log .chat strong {color:#40576A;} .battle-log .chat em {padding:1px 4px 1px 3px;color:#000000;font-style:normal;} .chat.mine {background:rgba(0,0,0,0.05);margin-left:-8px;margin-right:-8px;padding-left:8px;padding-right:8px;} .spoiler {color:#BBBBBB;background:#BBBBBB;padding:0px 3px;} .spoiler:hover, .spoiler:active, .spoiler-shown {color:#000000;background:#E2E2E2;padding:0px 3px;} .spoiler a {color:#BBBBBB;} .spoiler:hover a, .spoiler:active a, .spoiler-shown a {color:#2288CC;} .chat code, .chat .spoiler:hover code, .chat .spoiler:active code, .chat .spoiler-shown code {border:1px solid #C0C0C0;background:#EEEEEE;color:black;padding:0 2px;} .chat .spoiler code {border:1px solid #CCCCCC;background:#CCCCCC;color:#CCCCCC;} .battle-log .rated {padding:3px 4px;} .battle-log .rated strong {color:white;background:#89A;padding:1px 4px;border-radius:4px;} .spacer {margin-top:0.5em;} .message-announce {background:#6688AA;color:white;padding:1px 4px 2px;} .message-announce a, .broadcast-green a, .broadcast-blue a, .broadcast-red a {color:#DDEEFF;} .broadcast-green {background-color:#559955;color:white;padding:2px 4px;} .broadcast-blue {background-color:#6688AA;color:white;padding:2px 4px;} .infobox {border:1px solid #6688AA;padding:2px 4px;} .infobox-limited {max-height:200px;overflow:auto;overflow-x:hidden;} .broadcast-red {background-color:#AA5544;color:white;padding:2px 4px;} .message-learn-canlearn {font-weight:bold;color:#228822;text-decoration:underline;} .message-learn-cannotlearn {font-weight:bold;color:#CC2222;text-decoration:underline;} .message-effect-weak {font-weight:bold;color:#CC2222;} .message-effect-resist {font-weight:bold;color:#6688AA;} .message-effect-immune {font-weight:bold;color:#666666;} .message-learn-list {margin-top:0;margin-bottom:0;} .message-throttle-notice, .message-error {color:#992222;} .message-overflow, .chat small.message-overflow {font-size:0pt;} .message-overflow::before {font-size:9pt;content:'...';} .subtle {color:#3A4A66;}
</style>
<div class="wrapper replay-wrapper" style="max-width:1180px;margin:0 auto">
<input type="hidden" name="replayid" value="smogtours-nu-260586" />
<div class="battle"></div><div class="battle-log"></div><div class="replay-controls"></div><div class="replay-controls-2"></div>
<h1 style="font-weight:normal;text-align:center"><strong>NU</strong><br /><a href="http://pokemonshowdown.com/users/dk" class="subtle" target="_blank">dk</a> vs. <a href="http://pokemonshowdown.com/users/hootie" class="subtle" target="_blank">Hootie ツ</a></h1>
<script type="text/plain" class="battle-log-data">|J|dk
|J|Hootie ツ
|player|p1|dk|55
|player|p2|Hootie ツ|#hootie
|gametype|singles
|gen|6
|tier|NU
|seed|40552,28080,44854,37943
|rule|Sleep Clause Mod: Limit one foe put to sleep
|rule|Species Clause: Limit one of each Pokémon
|rule|OHKO Clause: OHKO moves are banned
|rule|Moody Clause: Moody is banned
|rule|Evasion Moves Clause: Evasion moves are banned
|rule|Endless Battle Clause: Forcing endless battles is banned
|rule|HP Percentage Mod: HP is shown in percentages
|clearpoke
|poke|p1|Swellow, M|item
|poke|p1|Hitmonchan, M|item
|poke|p1|Shiftry, M|item
|poke|p1|Omastar, F|item
|poke|p1|Lanturn, M|item
|poke|p1|Musharna, F|item
|poke|p2|Vanilluxe, M|item
|poke|p2|Hitmonchan, M|item
|poke|p2|Rhydon, F|item
|poke|p2|Lilligant, F|item
|poke|p2|Garbodor, F|item
|poke|p2|Mesprit|item
|rule|Swagger Clause: Swagger is banned
|rule|Baton Pass Clause: Limit one Baton Passer, can't pass Spe and other stats simultaneously
|teampreview
|J|Empo
|L|Empo
|c|☆dk|hf
|c|☆Hootie ツ|same
|choice|team 5, team 2, team 3, team 4, team 1, team 6|team 1, team 2, team 3, team 4, team 5, team 6
|
|start
|switch|p1a: Lanturn|Lanturn, M|401\/401
|switch|p2a: Vanilluxe|Vanilluxe, M|283\/283
|turn|1
|J|egalvanc
|choice|move voltswitch|move freezedry
|
|move|p2a: Vanilluxe|Freeze-Dry|p1a: Lanturn
|-supereffective|p1a: Lanturn
|-damage|p1a: Lanturn|153\/401
|move|p1a: Lanturn|Volt Switch|p2a: Vanilluxe
|-damage|p2a: Vanilluxe|207\/283
|L|egalvanc
|c|☆dk|!learn vanilluxe, ice shard
|html|<div class="infobox">In Gen 7, Vanilluxe <span class="message-learn-canlearn">can<\/span> learn Ice Shard only when obtained from:<ul class="message-learn-list"><li>gen 5 dream world<li>gen 5 egg: glalie, snorunt<li>gen 6 egg<li>gen 7 egg<\/ul><\/div>
|c|☆dk|fuck
|choice|switch 6|
|
|switch|p1a: Musharna|Musharna, F|433\/433
|
|upkeep
|turn|2
|choice|move calmmind|switch 3
|
|switch|p2a: Rhydon|Rhydon, F|414\/414
|move|p1a: Musharna|Calm Mind|p1a: Musharna
|-boost|p1a: Musharna|spa|1
|-boost|p1a: Musharna|spd|1
|
|upkeep
|turn|3
|choice|switch 2|move megahorn
|
|switch|p1a: Hitmonchan|Hitmonchan, M|239\/239
|move|p2a: Rhydon|Megahorn|p1a: Hitmonchan
|-resisted|p1a: Hitmonchan
|-damage|p1a: Hitmonchan|159\/239
|
|upkeep
|turn|4
|J|Ninjacalibur
|choice|switch 2|switch 5
|
|switch|p1a: Musharna|Musharna, F|433\/433
|switch|p2a: Garbodor|Garbodor, F|364\/364
|
|upkeep
|turn|5
|L|Ninjacalibur
|choice|move psyshock|switch 5
|
|switch|p2a: Rhydon|Rhydon, F|414\/414
|move|p1a: Musharna|Psyshock|p2a: Rhydon
|-crit|p2a: Rhydon
|-damage|p2a: Rhydon|326\/414
|
|upkeep
|turn|6
|choice|move psyshock|move earthquake
|
|move|p2a: Rhydon|Earthquake|p1a: Musharna
|-damage|p1a: Musharna|294\/433
|move|p1a: Musharna|Psyshock|p2a: Rhydon
|-damage|p2a: Rhydon|268\/414
|
|-heal|p1a: Musharna|321\/433|[from] item: Leftovers
|upkeep
|turn|7
|choice|switch 4|move stealthrock
|
|switch|p1a: Omastar|Omastar, F|343\/343
|move|p2a: Rhydon|Stealth Rock|p1a: Omastar
|-sidestart|p1: dk|move: Stealth Rock
|
|upkeep
|turn|8
|choice|move stealthrock|switch 3
|
|switch|p2a: Vanilluxe|Vanilluxe, M|207\/283
|move|p1a: Omastar|Stealth Rock|p2a: Vanilluxe
|-sidestart|p2: Hootie ツ|move: Stealth Rock
|
|upkeep
|turn|9
|choice|switch 6|move freezedry
|
|switch|p1a: Lanturn|Lanturn, M|153\/401
|-damage|p1a: Lanturn|103\/401|[from] Stealth Rock
|move|p2a: Vanilluxe|Freeze-Dry|p1a: Lanturn
|-supereffective|p1a: Lanturn
|-damage|p1a: Lanturn|0 fnt
|faint|p1a: Lanturn
|
|upkeep
|choice|switch 2|
|
|switch|p1a: Hitmonchan|Hitmonchan, M|159\/239
|-damage|p1a: Hitmonchan|145\/239|[from] Stealth Rock
|turn|10
|choice|move rapidspin|switch 6
|
|switch|p2a: Mesprit|Mesprit|301\/301
|-damage|p2a: Mesprit|264\/301|[from] Stealth Rock
|move|p1a: Hitmonchan|Rapid Spin|p2a: Mesprit
|-damage|p2a: Mesprit|235\/301
|-sideend|p1: dk|Stealth Rock|[from] move: Rapid Spin|[of] p1a: Hitmonchan
|-damage|p1a: Hitmonchan|122\/239|[from] item: Life Orb
|
|upkeep
|turn|11
|c|☆dk|this should be scarf mesprit
|choice|switch 4|move psychic
|
|switch|p1a: Musharna|Musharna, F|321\/433
|move|p2a: Mesprit|Psychic|p1a: Musharna
|-resisted|p1a: Musharna
|-damage|p1a: Musharna|245\/433
|
|-heal|p1a: Musharna|272\/433|[from] item: Leftovers
|upkeep
|turn|12
|choice|move moonlight|switch 3
|
|switch|p2a: Rhydon|Rhydon, F|268\/414
|-damage|p2a: Rhydon|243\/414|[from] Stealth Rock
|move|p1a: Musharna|Moonlight|p1a: Musharna
|-heal|p1a: Musharna|433\/433
|
|upkeep
|turn|13
|choice|switch 4|move earthquake
|
|switch|p1a: Hitmonchan|Hitmonchan, M|122\/239
|move|p2a: Rhydon|Earthquake|p1a: Hitmonchan
|-damage|p1a: Hitmonchan|0 fnt
|faint|p1a: Hitmonchan
|
|upkeep
|choice|switch 3|
|
|switch|p1a: Shiftry|Shiftry, M|319\/319
|turn|14
|choice|move leafstorm|switch 2
|
|switch|p2a: Hitmonchan|Hitmonchan, M|291\/291
|-damage|p2a: Hitmonchan|273\/291|[from] Stealth Rock
|move|p1a: Shiftry|Leaf Storm|p2a: Hitmonchan
|-damage|p2a: Hitmonchan|151\/291
|-unboost|p1a: Shiftry|spa|2
|-damage|p1a: Shiftry|288\/319|[from] item: Life Orb
|
|upkeep
|turn|15
|choice|switch 4|move rapidspin
|
|switch|p1a: Musharna|Musharna, F|433\/433
|move|p2a: Hitmonchan|Rapid Spin|p1a: Musharna
|-damage|p1a: Musharna|414\/433
|-sideend|p2: Hootie ツ|Stealth Rock|[from] move: Rapid Spin|[of] p2a: Hitmonchan
|
|-heal|p1a: Musharna|433\/433|[from] item: Leftovers
|upkeep
|turn|16
|choice|switch 4|switch 2
|
|switch|p2a: Rhydon|Rhydon, F|243\/414
|switch|p1a: Shiftry|Shiftry, M|288\/319
|
|upkeep
|turn|17
|choice|move leafstorm|switch 2
|
|switch|p2a: Hitmonchan|Hitmonchan, M|151\/291
|move|p1a: Shiftry|Leaf Storm|p2a: Hitmonchan
|-damage|p2a: Hitmonchan|46\/291
|-unboost|p1a: Shiftry|spa|2
|-damage|p1a: Shiftry|257\/319|[from] item: Life Orb
|
|upkeep
|turn|18
|choice|move suckerpunch|move machpunch
|
|move|p1a: Shiftry|Sucker Punch|p2a: Hitmonchan
|-resisted|p2a: Hitmonchan
|-damage|p2a: Hitmonchan|0 fnt
|-damage|p1a: Shiftry|226\/319|[from] item: Life Orb
|faint|p2a: Hitmonchan
|
|upkeep
|choice||switch 5
|
|switch|p2a: Garbodor|Garbodor, F|364\/364
|turn|19
|choice|switch 4|move toxicspikes
|
|switch|p1a: Musharna|Musharna, F|433\/433
|move|p2a: Garbodor|Toxic Spikes|p1a: Musharna
|-sidestart|p1: dk|move: Toxic Spikes
|
|upkeep
|turn|20
|choice|switch 6|move toxicspikes
|
|switch|p1a: Omastar|Omastar, F|343\/343
|-status|p1a: Omastar|psn
|move|p2a: Garbodor|Toxic Spikes|p1a: Omastar
|-sidestart|p1: dk|move: Toxic Spikes
|
|-damage|p1a: Omastar|301\/343 psn|[from] psn
|upkeep
|turn|21
|choice|move stealthrock|move seedbomb
|
|move|p2a: Garbodor|Seed Bomb|p1a: Omastar
|-supereffective|p1a: Omastar
|-damage|p1a: Omastar|157\/343 psn
|move|p1a: Omastar|Stealth Rock|p2a: Garbodor
|-sidestart|p2: Hootie ツ|move: Stealth Rock
|
|-damage|p1a: Omastar|115\/343 psn|[from] psn
|upkeep
|turn|22
|choice|move scald|move seedbomb
|
|move|p2a: Garbodor|Seed Bomb|p1a: Omastar
|-supereffective|p1a: Omastar
|-damage|p1a: Omastar|0 fnt
|faint|p1a: Omastar
|
|upkeep
|c|☆dk|!calc
|html|<div class="infobox">Pok&eacute;mon Showdown! damage calculator. (Courtesy of Honko)<br \/>- <a href="https:\/\/pokemonshowdown.com\/damagecalc\/">Damage Calculator<\/a><\/div>
|choice|switch 6|
|
|switch|p1a: Musharna|Musharna, F|433\/433
|-status|p1a: Musharna|tox
|turn|23
|choice|move psyshock|switch 3
|
|switch|p2a: Mesprit|Mesprit|235\/301
|-damage|p2a: Mesprit|198\/301|[from] Stealth Rock
|move|p1a: Musharna|Psyshock|p2a: Mesprit
|-resisted|p2a: Mesprit
|-damage|p2a: Mesprit|147\/301
|
|-damage|p1a: Musharna|406\/433 tox|[from] psn
|upkeep
|turn|24
|choice|move psyshock|move healingwish
|
|move|p2a: Mesprit|Healing Wish|p2a: Mesprit
|faint|p2a: Mesprit
|move|p1a: Musharna|Psyshock|p2: Mesprit|[notarget]
|-notarget
|
|-heal|p1a: Musharna|433\/433 tox|[from] item: Leftovers
|-damage|p1a: Musharna|379\/433 tox|[from] psn
|upkeep
|choice||switch 2
|
|switch|p2a: Rhydon|Rhydon, F|243\/414
|-heal|p2a: Rhydon|414\/414|[from] move: Healing Wish
|-damage|p2a: Rhydon|389\/414|[from] Stealth Rock
|turn|25
|choice|move barrier|move megahorn
|
|move|p2a: Rhydon|Megahorn|p1a: Musharna
|-supereffective|p1a: Musharna
|-damage|p1a: Musharna|183\/433 tox
|move|p1a: Musharna|Barrier|p1a: Musharna
|-boost|p1a: Musharna|def|2
|
|-heal|p1a: Musharna|210\/433 tox|[from] item: Leftovers
|-damage|p1a: Musharna|129\/433 tox|[from] psn
|upkeep
|turn|26
|choice|move psyshock|move stealthrock
|
|move|p2a: Rhydon|Stealth Rock|p1a: Musharna
|-sidestart|p1: dk|move: Stealth Rock
|move|p1a: Musharna|Psyshock|p2a: Rhydon
|-damage|p2a: Rhydon|332\/414
|
|-heal|p1a: Musharna|156\/433 tox|[from] item: Leftovers
|-damage|p1a: Musharna|48\/433 tox|[from] psn
|upkeep
|turn|27
|choice|move psyshock|move megahorn
|
|move|p2a: Rhydon|Megahorn|p1a: Musharna
|-supereffective|p1a: Musharna
|-damage|p1a: Musharna|0 fnt
|faint|p1a: Musharna
|
|upkeep
|choice|switch 4|
|
|switch|p1a: Shiftry|Shiftry, M|226\/319
|-status|p1a: Shiftry|tox
|-damage|p1a: Shiftry|187\/319 tox|[from] Stealth Rock
|turn|28
|choice|move knockoff|switch 4
|
|switch|p2a: Lilligant|Lilligant, F|279\/279
|-damage|p2a: Lilligant|245\/279|[from] Stealth Rock
|move|p1a: Shiftry|Knock Off|p2a: Lilligant
|-damage|p2a: Lilligant|0 fnt
|-enditem|p2a: Lilligant|Life Orb|[from] move: Knock Off|[of] p1a: Shiftry
|-damage|p1a: Shiftry|156\/319 tox|[from] item: Life Orb
|faint|p2a: Lilligant
|
|-damage|p1a: Shiftry|137\/319 tox|[from] psn
|upkeep
|choice||switch 3
|
|switch|p2a: Garbodor|Garbodor, F|364\/364
|-damage|p2a: Garbodor|319\/364|[from] Stealth Rock
|turn|29
|c|☆dk|gg
|choice|move explosion|move gunkshot
|
|move|p1a: Shiftry|Explosion|p2a: Garbodor
|-crit|p2a: Garbodor
|-damage|p2a: Garbodor|0 fnt
|faint|p1a: Shiftry
|faint|p2a: Garbodor
|
|upkeep
|c|☆Hootie ツ|gg
|choice|switch 5|switch 6
|
|switch|p1a: Swellow|Swellow, M|262\/262
|switch|p2a: Vanilluxe|Vanilluxe, M|207\/283
|-damage|p1a: Swellow|197\/262|[from] Stealth Rock
|-damage|p2a: Vanilluxe|137\/283|[from] Stealth Rock
|turn|30
|choice|move boomburst|move iceshard
|
|move|p2a: Vanilluxe|Ice Shard|p1a: Swellow
|-supereffective|p1a: Swellow
|-damage|p1a: Swellow|23\/262
|move|p1a: Swellow|Boomburst|p2a: Vanilluxe
|-damage|p2a: Vanilluxe|0 fnt
|faint|p2a: Vanilluxe
|
|upkeep
|choice||switch 4
|
|switch|p2a: Rhydon|Rhydon, F|332\/414
|-damage|p2a: Rhydon|307\/414|[from] Stealth Rock
|turn|31
|choice|move boomburst|move megahorn
|
|move|p1a: Swellow|Boomburst|p2a: Rhydon
|-resisted|p2a: Rhydon
|-damage|p2a: Rhydon|223\/414
|move|p2a: Rhydon|Megahorn|p1a: Swellow
|-resisted|p1a: Swellow
|-damage|p1a: Swellow|0 fnt
|faint|p1a: Swellow
|
|win|Hootie ツ</script>
</div>
<div class="battle-log battle-log-inline"><div class="inner"><div class="battle-options"></div><div class="inner"><div class=""><small>Format:</small> <br><strong>NU</strong></div><div class=""><small><em>Sleep Clause Mod:</em> Limit one foe put to sleep</small></div><div class=""><small><em>Species Clause:</em> Limit one of each Pokémon</small></div><div class=""><small><em>OHKO Clause:</em> OHKO moves are banned</small></div><div class=""><small><em>Moody Clause:</em> Moody is banned</small></div><div class=""><small><em>Evasion Moves Clause:</em> Evasion moves are banned</small></div><div class=""><small><em>Endless Battle Clause:</em> Forcing endless battles is banned</small></div><div class=""><small><em>HP Percentage Mod:</em> HP is shown in percentages</small></div><div class=""><small><em>Swagger Clause:</em> Swagger is banned</small></div><div class=""><small><em>Baton Pass Clause:</em> Limit one Baton Passer, can't pass Spe and other stats simultaneously</small></div><div class="chat battle-history"><strong>dk's team:</strong> <em style="color:#445566;display:block;">Swellow / Hitmonchan / Shiftry / Omastar / Lanturn / Musharna</em></div><div class="chat battle-history"><strong>Hootie ツ's team:</strong> <em style="color:#445566;display:block;">Vanilluxe / Hitmonchan / Rhydon / Lilligant / Garbodor / Mesprit</em></div><div class="chat chatmessage-dk"><strong style="color:hsl(90,77%,34.414717296587455%)"><small>☆</small><span class="username" data-name="dk">dk</span>:</strong> <em>hf</em></div><div class="chat chatmessage-hootie"><strong style="color:hsl(1,61%,49.127057396527476%)"><small>☆</small><span class="username" data-name="Hootie ツ">Hootie ツ</span>:</strong> <em>same</em></div><div class="spacer battle-history"><br></div><div class="battle-history">Battle started between dk and Hootie ツ!<br></div><div class="spacer battle-history"><br></div><div class="battle-history">Go! <strong>Lanturn</strong>!<br></div><div class="spacer battle-history"><br></div><div class="battle-history">Hootie ツ sent out <strong>Vanilluxe</strong>!<br></div><div class="spacer battle-history"><br></div><h2 class="battle-history">Turn 1</h2><div class="spacer battle-history"><br></div><div class="battle-history">The opposing Vanilluxe used <strong>Freeze-Dry</strong>!<br></div><div class="battle-history"><small>It's super effective!</small><br></div><div class="battle-history"><small>(Lanturn lost <abbr title="−248/401">61.8%</abbr> of its health!)</small><br></div><div class="spacer battle-history"><br></div><div class="battle-history">Lanturn used <strong>Volt Switch</strong>!<br></div><div class="battle-history"><small>(The opposing Vanilluxe lost <abbr title="−76/283">26.9%</abbr> of its health!)</small><br></div><div class="chat chatmessage-dk"><strong style="color:hsl(90,77%,34.414717296587455%)"><small>☆</small><span class="username" data-name="dk">dk</span>:</strong> <em>!learn vanilluxe, ice shard</em></div><div class="chat"><div class="infobox">In Gen 7, Vanilluxe <span class="message-learn-canlearn">can</span> learn Ice Shard only when obtained from:<ul class="message-learn-list"><li>gen 5 dream world</li><li>gen 5 egg: glalie, snorunt</li><li>gen 6 egg</li><li>gen 7 egg</li></ul></div></div><div class="chat chatmessage-dk"><strong style="color:hsl(90,77%,34.414717296587455%)"><small>☆</small><span class="username" data-name="dk">dk</span>:</strong> <em>fuck</em></div><div class="spacer battle-history"><br></div><div class="battle-history">Lanturn went back to dk!<br></div><div class="battle-history">Go! <strong>Musharna</strong>!<br></div><div class="spacer battle-history"><br></div><h2 class="battle-history">Turn 2</h2><div class="spacer battle-history"><br></div><div class="battle-history">Hootie ツ withdrew Vanilluxe!<br></div><div class="battle-history">Hootie ツ sent out <strong>Rhydon</strong>!<br></div><div class="spacer battle-history"><br></div><div class="battle-history">Musharna used <strong>Calm Mind</strong>!<br></div><div class="battle-history"><small>Musharna's Special Attack rose!</small><br></div><div class="battle-history"><small>Musharna's Special Defense rose!</small><br></div><div class="spacer battle-history"><br></div><h2 class="battle-history">Turn 3</h2><div class="spacer battle-history"><br></div><div class="battle-history">Musharna, come back!<br></div><div class="battle-history">Go! <strong>Hitmonchan</strong>!<br></div><div class="spacer battle-history"><br></div><div class="battle-history">The opposing Rhydon used <strong>Megahorn</strong>!<br></div><div class="battle-history"><small>It's not very effective...</small><br></div><div class="battle-history"><small>(Hitmonchan lost <abbr title="−80/239">33.5%</abbr> of its health!)</small><br></div><div class="spacer battle-history"><br></div><h2 class="battle-history">Turn 4</h2><div class="spacer battle-history"><br></div><div class="battle-history">Hitmonchan, come back!<br></div><div class="battle-history">Go! <strong>Musharna</strong>!<br></div><div class="spacer battle-history"><br></div><div class="battle-history">Hootie ツ withdrew Rhydon!<br></div><div class="battle-history">Hootie ツ sent out <strong>Garbodor</strong>!<br></div><div class="spacer battle-history"><br></div><h2 class="battle-history">Turn 5</h2><div class="spacer battle-history"><br></div><div class="battle-history">Hootie ツ withdrew Garbodor!<br></div><div class="battle-history">Hootie ツ sent out <strong>Rhydon</strong>!<br></div><div class="spacer battle-history"><br></div><div class="battle-history">Musharna used <strong>Psyshock</strong>!<br></div><div class="battle-history"><small>A critical hit!</small><br></div><div class="battle-history"><small>(The opposing Rhydon lost <abbr title="−88/414">21.3%</abbr> of its health!)</small><br></div><div class="spacer battle-history"><br></div><h2 class="battle-history">Turn 6</h2><div class="spacer battle-history"><br></div><div class="battle-history">The opposing Rhydon used <strong>Earthquake</strong>!<br></div><div class="battle-history"><small>(Musharna lost <abbr title="−139/433">32.1%</abbr> of its health!)</small><br></div><div class="spacer battle-history"><br></div><div class="battle-history">Musharna used <strong>Psyshock</strong>!<br></div><div class="battle-history"><small>(The opposing Rhydon lost <abbr title="−58/414">14.0%</abbr> of its health!)</small><br></div><div class="spacer battle-history"><br></div><div class="battle-history"><small>Musharna restored a little HP using its Leftovers!</small><br></div><div class="spacer battle-history"><br></div><h2 class="battle-history">Turn 7</h2><div class="spacer battle-history"><br></div><div class="battle-history">Musharna, come back!<br></div><div class="battle-history">Go! <strong>Omastar</strong>!<br></div><div class="spacer battle-history"><br></div><div class="battle-history">The opposing Rhydon used <strong>Stealth Rock</strong>!<br></div><div class="battle-history"><small>Pointed stones float in the air around your team!</small><br></div><div class="spacer battle-history"><br></div><h2 class="battle-history">Turn 8</h2><div class="spacer battle-history"><br></div><div class="battle-history">Hootie ツ withdrew Rhydon!<br></div><div class="battle-history">Hootie ツ sent out <strong>Vanilluxe</strong>!<br></div><div class="spacer battle-history"><br></div><div class="battle-history">Omastar used <strong>Stealth Rock</strong>!<br></div><div class="battle-history"><small>Pointed stones float in the air around the opposing team!</small><br></div><div class="spacer battle-history"><br></div><h2 class="battle-history">Turn 9</h2><div class="spacer battle-history"><br></div><div class="battle-history">Omastar, come back!<br></div><div class="battle-history">Go! <strong>Lanturn</strong>!<br></div><div class="battle-history"><small>Pointed stones dug into Lanturn!</small><br></div><div class="spacer battle-history"><br></div><div class="battle-history">The opposing Vanilluxe used <strong>Freeze-Dry</strong>!<br></div><div class="battle-history"><small>It's super effective!</small><br></div><div class="battle-history"><small>(Lanturn lost <abbr title="−103/401">25.7%</abbr> of its health!)</small><br></div><div class="spacer battle-history"><br></div><div class="battle-history">Lanturn fainted!<br></div><div class="spacer battle-history"><br></div><div class="battle-history">Go! <strong>Hitmonchan</strong>!<br></div><div class="battle-history"><small>Pointed stones dug into Hitmonchan!</small><br></div><div class="spacer battle-history"><br></div><h2 class="battle-history">Turn 10</h2><div class="spacer battle-history"><br></div><div class="battle-history">Hootie ツ withdrew Vanilluxe!<br></div><div class="battle-history">Hootie ツ sent out <strong>Mesprit</strong>!<br></div><div class="battle-history"><small>Pointed stones dug into the opposing Mesprit!</small><br></div><div class="spacer battle-history"><br></div><div class="battle-history">Hitmonchan used <strong>Rapid Spin</strong>!<br></div><div class="battle-history"><small>(The opposing Mesprit lost <abbr title="−29/301">9.6%</abbr> of its health!)</small><br></div><div class="battle-history"><small>The pointed stones disappeared from around your team!</small><br></div><div class="battle-history"><small>Hitmonchan lost some of its HP!</small><br></div><div class="spacer battle-history"><br></div><h2 class="battle-history">Turn 11</h2><div class="chat chatmessage-dk"><strong style="color:hsl(90,77%,34.414717296587455%)"><small>☆</small><span class="username" data-name="dk">dk</span>:</strong> <em>this should be scarf mesprit</em></div><div class="spacer battle-history"><br></div><div class="battle-history">Hitmonchan, come back!<br></div><div class="battle-history">Go! <strong>Musharna</strong>!<br></div><div class="spacer battle-history"><br></div><div class="battle-history">The opposing Mesprit used <strong>Psychic</strong>!<br></div><div class="battle-history"><small>It's not very effective...</small><br></div><div class="battle-history"><small>(Musharna lost <abbr title="−76/433">17.6%</abbr> of its health!)</small><br></div><div class="spacer battle-history"><br></div><div class="battle-history"><small>Musharna restored a little HP using its Leftovers!</small><br></div><div class="spacer battle-history"><br></div><h2 class="battle-history">Turn 12</h2><div class="spacer battle-history"><br></div><div class="battle-history">Hootie ツ withdrew Mesprit!<br></div><div class="battle-history">Hootie ツ sent out <strong>Rhydon</strong>!<br></div><div class="battle-history"><small>Pointed stones dug into the opposing Rhydon!</small><br></div><div class="spacer battle-history"><br></div><div class="battle-history">Musharna used <strong>Moonlight</strong>!<br></div><div class="battle-history"><small>Musharna restored its HP.</small><br></div><div class="spacer battle-history"><br></div><h2 class="battle-history">Turn 13</h2><div class="spacer battle-history"><br></div><div class="battle-history">Musharna, come back!<br></div><div class="battle-history">Go! <strong>Hitmonchan</strong>!<br></div><div class="spacer battle-history"><br></div><div class="battle-history">The opposing Rhydon used <strong>Earthquake</strong>!<br></div><div class="battle-history"><small>(Hitmonchan lost <abbr title="−122/239">51.0%</abbr> of its health!)</small><br></div><div class="spacer battle-history"><br></div><div class="battle-history">Hitmonchan fainted!<br></div><div class="spacer battle-history"><br></div><div class="battle-history">Go! <strong>Shiftry</strong>!<br></div><div class="spacer battle-history"><br></div><h2 class="battle-history">Turn 14</h2><div class="spacer battle-history"><br></div><div class="battle-history">Hootie ツ withdrew Rhydon!<br></div><div class="battle-history">Hootie ツ sent out <strong>Hitmonchan</strong>!<br></div><div class="battle-history"><small>Pointed stones dug into the opposing Hitmonchan!</small><br></div><div class="spacer battle-history"><br></div><div class="battle-history">Shiftry used <strong>Leaf Storm</strong>!<br></div><div class="battle-history"><small>(The opposing Hitmonchan lost <abbr title="−122/291">41.9%</abbr> of its health!)</small><br></div><div class="battle-history"><small>Shiftry's Special Attack fell harshly!</small><br></div><div class="battle-history"><small>Shiftry lost some of its HP!</small><br></div><div class="spacer battle-history"><br></div><h2 class="battle-history">Turn 15</h2><div class="spacer battle-history"><br></div><div class="battle-history">Shiftry, come back!<br></div><div class="battle-history">Go! <strong>Musharna</strong>!<br></div><div class="spacer battle-history"><br></div><div class="battle-history">The opposing Hitmonchan used <strong>Rapid Spin</strong>!<br></div><div class="battle-history"><small>(Musharna lost <abbr title="−19/433">4.4%</abbr> of its health!)</small><br></div><div class="battle-history"><small>The pointed stones disappeared from around the opposing team!</small><br></div><div class="spacer battle-history"><br></div><div class="battle-history"><small>Musharna restored a little HP using its Leftovers!</small><br></div><div class="spacer battle-history"><br></div><h2 class="battle-history">Turn 16</h2><div class="spacer battle-history"><br></div><div class="battle-history">Hootie ツ withdrew Hitmonchan!<br></div><div class="battle-history">Hootie ツ sent out <strong>Rhydon</strong>!<br></div><div class="spacer battle-history"><br></div><div class="battle-history">Musharna, come back!<br></div><div class="battle-history">Go! <strong>Shiftry</strong>!<br></div><div class="spacer battle-history"><br></div><h2 class="battle-history">Turn 17</h2><div class="spacer battle-history"><br></div><div class="battle-history">Hootie ツ withdrew Rhydon!<br></div><div class="battle-history">Hootie ツ sent out <strong>Hitmonchan</strong>!<br></div><div class="spacer battle-history"><br></div><div class="battle-history">Shiftry used <strong>Leaf Storm</strong>!<br></div><div class="battle-history"><small>(The opposing Hitmonchan lost <abbr title="−105/291">36.1%</abbr> of its health!)</small><br></div><div class="battle-history"><small>Shiftry's Special Attack fell harshly!</small><br></div><div class="battle-history"><small>Shiftry lost some of its HP!</small><br></div><div class="spacer battle-history"><br></div><h2 class="battle-history">Turn 18</h2><div class="spacer battle-history"><br></div><div class="battle-history">Shiftry used <strong>Sucker Punch</strong>!<br></div><div class="battle-history"><small>It's not very effective...</small><br></div><div class="battle-history"><small>(The opposing Hitmonchan lost <abbr title="−46/291">15.8%</abbr> of its health!)</small><br></div><div class="battle-history"><small>Shiftry lost some of its HP!</small><br></div><div class="spacer battle-history"><br></div><div class="battle-history">The opposing Hitmonchan fainted!<br></div><div class="spacer battle-history"><br></div><div class="battle-history">Hootie ツ sent out <strong>Garbodor</strong>!<br></div><div class="spacer battle-history"><br></div><h2 class="battle-history">Turn 19</h2><div class="spacer battle-history"><br></div><div class="battle-history">Shiftry, come back!<br></div><div class="battle-history">Go! <strong>Musharna</strong>!<br></div><div class="spacer battle-history"><br></div><div class="battle-history">The opposing Garbodor used <strong>Toxic Spikes</strong>!<br></div><div class="battle-history"><small>Poison spikes were scattered on the ground all around your team!</small><br></div><div class="spacer battle-history"><br></div><h2 class="battle-history">Turn 20</h2><div class="spacer battle-history"><br></div><div class="battle-history">Musharna, come back!<br></div><div class="battle-history">Go! <strong>Omastar</strong>!<br></div><div class="battle-history"><small>Omastar was poisoned!</small><br></div><div class="spacer battle-history"><br></div><div class="battle-history">The opposing Garbodor used <strong>Toxic Spikes</strong>!<br></div><div class="battle-history"><small>Poison spikes were scattered on the ground all around your team!</small><br></div><div class="spacer battle-history"><br></div><div class="battle-history"><small>Omastar was hurt by poison!</small><br></div><div class="spacer battle-history"><br></div><h2 class="battle-history">Turn 21</h2><div class="spacer battle-history"><br></div><div class="battle-history">The opposing Garbodor used <strong>Seed Bomb</strong>!<br></div><div class="battle-history"><small>It's super effective!</small><br></div><div class="battle-history"><small>(Omastar lost <abbr title="−144/343">42.0%</abbr> of its health!)</small><br></div><div class="spacer battle-history"><br></div><div class="battle-history">Omastar used <strong>Stealth Rock</strong>!<br></div><div class="battle-history"><small>Pointed stones float in the air around the opposing team!</small><br></div><div class="spacer battle-history"><br></div><div class="battle-history"><small>Omastar was hurt by poison!</small><br></div><div class="spacer battle-history"><br></div><h2 class="battle-history">Turn 22</h2><div class="spacer battle-history"><br></div><div class="battle-history">The opposing Garbodor used <strong>Seed Bomb</strong>!<br></div><div class="battle-history"><small>It's super effective!</small><br></div><div class="battle-history"><small>(Omastar lost <abbr title="−115/343">33.5%</abbr> of its health!)</small><br></div><div class="spacer battle-history"><br></div><div class="battle-history">Omastar fainted!<br></div><div class="chat chatmessage-dk"><strong style="color:hsl(90,77%,34.414717296587455%)"><small>☆</small><span class="username" data-name="dk">dk</span>:</strong> <em>!calc</em></div><div class="chat"><div class="infobox">Pokémon Showdown! damage calculator. (Courtesy of Honko)<br>- <a href="https://pokemonshowdown.com/damagecalc/" target="_blank" rel="noopener">Damage Calculator</a></div></div><div class="spacer battle-history"><br></div><div class="battle-history">Go! <strong>Musharna</strong>!<br></div><div class="battle-history"><small>Musharna was badly poisoned!</small><br></div><div class="spacer battle-history"><br></div><h2 class="battle-history">Turn 23</h2><div class="spacer battle-history"><br></div><div class="battle-history">Hootie ツ withdrew Garbodor!<br></div><div class="battle-history">Hootie ツ sent out <strong>Mesprit</strong>!<br></div><div class="battle-history"><small>Pointed stones dug into the opposing Mesprit!</small><br></div><div class="spacer battle-history"><br></div><div class="battle-history">Musharna used <strong>Psyshock</strong>!<br></div><div class="battle-history"><small>It's not very effective...</small><br></div><div class="battle-history"><small>(The opposing Mesprit lost <abbr title="−51/301">16.9%</abbr> of its health!)</small><br></div><div class="spacer battle-history"><br></div><div class="battle-history"><small>Musharna was hurt by poison!</small><br></div><div class="spacer battle-history"><br></div><h2 class="battle-history">Turn 24</h2><div class="spacer battle-history"><br></div><div class="battle-history">The opposing Mesprit used <strong>Healing Wish</strong>!<br></div><div class="spacer battle-history"><br></div><div class="battle-history">The opposing Mesprit fainted!<br></div><div class="battle-history">Musharna used <strong>Psyshock</strong>!<br></div><div class="battle-history"><small>But there was no target...</small><br></div><div class="spacer battle-history"><br></div><div class="battle-history"><small>Musharna restored a little HP using its Leftovers!</small><br></div><div class="battle-history"><small>Musharna was hurt by poison!</small><br></div><div class="spacer battle-history"><br></div><div class="battle-history">Hootie ツ sent out <strong>Rhydon</strong>!<br></div><div class="battle-history"><small>The healing wish came true for the opposing Rhydon!</small><br></div><div class="battle-history"><small>Pointed stones dug into the opposing Rhydon!</small><br></div><div class="spacer battle-history"><br></div><h2 class="battle-history">Turn 25</h2><div class="spacer battle-history"><br></div><div class="battle-history">The opposing Rhydon used <strong>Megahorn</strong>!<br></div><div class="battle-history"><small>It's super effective!</small><br></div><div class="battle-history"><small>(Musharna lost <abbr title="−196/433">45.3%</abbr> of its health!)</small><br></div><div class="spacer battle-history"><br></div><div class="battle-history">Musharna used <strong>Barrier</strong>!<br></div><div class="battle-history"><small>Musharna's Defense rose sharply!</small><br></div><div class="spacer battle-history"><br></div><div class="battle-history"><small>Musharna restored a little HP using its Leftovers!</small><br></div><div class="battle-history"><small>Musharna was hurt by poison!</small><br></div><div class="spacer battle-history"><br></div><h2 class="battle-history">Turn 26</h2><div class="spacer battle-history"><br></div><div class="battle-history">The opposing Rhydon used <strong>Stealth Rock</strong>!<br></div><div class="battle-history"><small>Pointed stones float in the air around your team!</small><br></div><div class="spacer battle-history"><br></div><div class="battle-history">Musharna used <strong>Psyshock</strong>!<br></div><div class="battle-history"><small>(The opposing Rhydon lost <abbr title="−57/414">13.8%</abbr> of its health!)</small><br></div><div class="spacer battle-history"><br></div><div class="battle-history"><small>Musharna restored a little HP using its Leftovers!</small><br></div><div class="battle-history"><small>Musharna was hurt by poison!</small><br></div><div class="spacer battle-history"><br></div><h2 class="battle-history">Turn 27</h2><div class="spacer battle-history"><br></div><div class="battle-history">The opposing Rhydon used <strong>Megahorn</strong>!<br></div><div class="battle-history"><small>It's super effective!</small><br></div><div class="battle-history"><small>(Musharna lost <abbr title="−48/433">11.1%</abbr> of its health!)</small><br></div><div class="spacer battle-history"><br></div><div class="battle-history">Musharna fainted!<br></div><div class="spacer battle-history"><br></div><div class="battle-history">Go! <strong>Shiftry</strong>!<br></div><div class="battle-history"><small>Shiftry was badly poisoned!</small><br></div><div class="battle-history"><small>Pointed stones dug into Shiftry!</small><br></div><div class="spacer battle-history"><br></div><h2 class="battle-history">Turn 28</h2><div class="spacer battle-history"><br></div><div class="battle-history">Hootie ツ withdrew Rhydon!<br></div><div class="battle-history">Hootie ツ sent out <strong>Lilligant</strong>!<br></div><div class="battle-history"><small>Pointed stones dug into the opposing Lilligant!</small><br></div><div class="spacer battle-history"><br></div><div class="battle-history">Shiftry used <strong>Knock Off</strong>!<br></div><div class="battle-history"><small>(The opposing Lilligant lost <abbr title="−245/279">87.8%</abbr> of its health!)</small><br></div><div class="battle-history"><small>Shiftry knocked off the opposing Lilligant's Life Orb!</small><br></div><div class="battle-history"><small>Shiftry lost some of its HP!</small><br></div><div class="spacer battle-history"><br></div><div class="battle-history">The opposing Lilligant fainted!<br></div><div class="spacer battle-history"><br></div><div class="battle-history"><small>Shiftry was hurt by poison!</small><br></div><div class="spacer battle-history"><br></div><div class="battle-history">Hootie ツ sent out <strong>Garbodor</strong>!<br></div><div class="battle-history"><small>Pointed stones dug into the opposing Garbodor!</small><br></div><div class="spacer battle-history"><br></div><h2 class="battle-history">Turn 29</h2><div class="chat chatmessage-dk"><strong style="color:hsl(90,77%,34.414717296587455%)"><small>☆</small><span class="username" data-name="dk">dk</span>:</strong> <em>gg</em></div><div class="spacer battle-history"><br></div><div class="battle-history">Shiftry used <strong>Explosion</strong>!<br></div><div class="battle-history"><small>A critical hit!</small><br></div><div class="battle-history"><small>(The opposing Garbodor lost <abbr title="−319/364">87.6%</abbr> of its health!)</small><br></div><div class="spacer battle-history"><br></div><div class="battle-history">Shiftry fainted!<br></div><div class="battle-history">The opposing Garbodor fainted!<br></div><div class="chat chatmessage-hootie"><strong style="color:hsl(1,61%,49.127057396527476%)"><small>☆</small><span class="username" data-name="Hootie ツ">Hootie ツ</span>:</strong> <em>gg</em></div><div class="spacer battle-history"><br></div><div class="battle-history">Go! <strong>Swellow</strong>!<br></div><div class="spacer battle-history"><br></div><div class="battle-history">Hootie ツ sent out <strong>Vanilluxe</strong>!<br></div><div class="battle-history"><small>Pointed stones dug into Swellow!</small><br></div><div class="battle-history"><small>Pointed stones dug into the opposing Vanilluxe!</small><br></div><div class="spacer battle-history"><br></div><h2 class="battle-history">Turn 30</h2><div class="spacer battle-history"><br></div><div class="battle-history">The opposing Vanilluxe used <strong>Ice Shard</strong>!<br></div><div class="battle-history"><small>It's super effective!</small><br></div><div class="battle-history"><small>(Swellow lost <abbr title="−174/262">66.4%</abbr> of its health!)</small><br></div><div class="spacer battle-history"><br></div><div class="battle-history">Swellow used <strong>Boomburst</strong>!<br></div><div class="battle-history"><small>(The opposing Vanilluxe lost <abbr title="−137/283">48.4%</abbr> of its health!)</small><br></div><div class="spacer battle-history"><br></div><div class="battle-history">The opposing Vanilluxe fainted!<br></div><div class="spacer battle-history"><br></div><div class="battle-history">Hootie ツ sent out <strong>Rhydon</strong>!<br></div><div class="battle-history"><small>Pointed stones dug into the opposing Rhydon!</small><br></div><div class="spacer battle-history"><br></div><h2 class="battle-history">Turn 31</h2><div class="spacer battle-history"><br></div><div class="battle-history">Swellow used <strong>Boomburst</strong>!<br></div><div class="battle-history"><small>It's not very effective...</small><br></div><div class="battle-history"><small>(The opposing Rhydon lost <abbr title="−84/414">20.3%</abbr> of its health!)</small><br></div><div class="spacer battle-history"><br></div><div class="battle-history">The opposing Rhydon used <strong>Megahorn</strong>!<br></div><div class="battle-history"><small>It's not very effective...</small><br></div><div class="battle-history"><small>(Swellow lost <abbr title="−23/262">8.8%</abbr> of its health!)</small><br></div><div class="spacer battle-history"><br></div><div class="battle-history">Swellow fainted!<br></div><div class="spacer battle-history"><br></div><div class="battle-history"><strong>Hootie ツ</strong> won the battle!<br></div></div><div class="inner-preempt"></div></div></div>
</div>
<script>
let daily = Math.floor(Date.now()/1000/60/60/24);document.write('<script src="https://play.pokemonshowdown.com/js/replay-embed.js?version'+daily+'"></'+'script>');
</script>
