<!DOCTYPE html>
<meta charset="utf-8" />
<!-- version 1 -->
<title>NU replay: Oni Genji vs. FeelingKingKToday</title>
<style>
html,body {font-family:Verdana, sans-serif;font-size:10pt;margin:0;padding:0;}body{padding:12px 0;} .battle-log {font-family:Verdana, sans-serif;font-size:10pt;} .battle-log-inline {border:1px solid #AAAAAA;background:#EEF2F5;color:black;max-width:640px;margin:0 auto 80px;padding-bottom:5px;} .battle-log .inner {padding:4px 8px 0px 8px;} .battle-log .inner-preempt {padding:0 8px 4px 8px;} .battle-log .inner-after {margin-top:0.5em;} .battle-log h2 {margin:0.5em -8px;padding:4px 8px;border:1px solid #AAAAAA;background:#E0E7EA;border-left:0;border-right:0;font-family:Verdana, sans-serif;font-size:13pt;} .battle-log .chat {vertical-align:middle;padding:3px 0 3px 0;font-size:8pt;} .battle-log .chat strong {color:#40576A;} .battle-log .chat em {padding:1px 4px 1px 3px;color:#000000;font-style:normal;} .chat.mine {background:rgba(0,0,0,0.05);margin-left:-8px;margin-right:-8px;padding-left:8px;padding-right:8px;} .spoiler {color:#BBBBBB;background:#BBBBBB;padding:0px 3px;} .spoiler:hover, .spoiler:active, .spoiler-shown {color:#000000;background:#E2E2E2;padding:0px 3px;} .spoiler a {color:#BBBBBB;} .spoiler:hover a, .spoiler:active a, .spoiler-shown a {color:#2288CC;} .chat code, .chat .spoiler:hover code, .chat .spoiler:active code, .chat .spoiler-shown code {border:1px solid #C0C0C0;background:#EEEEEE;color:black;padding:0 2px;} .chat .spoiler code {border:1px solid #CCCCCC;background:#CCCCCC;color:#CCCCCC;} .battle-log .rated {padding:3px 4px;} .battle-log .rated strong {color:white;background:#89A;padding:1px 4px;border-radius:4px;} .spacer {margin-top:0.5em;} .message-announce {background:#6688AA;color:white;padding:1px 4px 2px;} .message-announce a, .broadcast-green a, .broadcast-blue a, .broadcast-red a {color:#DDEEFF;} .broadcast-green {background-color:#559955;color:white;padding:2px 4px;} .broadcast-blue {background-color:#6688AA;color:white;padding:2px 4px;} .infobox {border:1px solid #6688AA;padding:2px 4px;} .infobox-limited {max-height:200px;overflow:auto;overflow-x:hidden;} .broadcast-red {background-color:#AA5544;color:white;padding:2px 4px;} .message-learn-canlearn {font-weight:bold;color:#228822;text-decoration:underline;} .message-learn-cannotlearn {font-weight:bold;color:#CC2222;text-decoration:underline;} .message-effect-weak {font-weight:bold;color:#CC2222;} .message-effect-resist {font-weight:bold;color:#6688AA;} .message-effect-immune {font-weight:bold;color:#666666;} .message-learn-list {margin-top:0;margin-bottom:0;} .message-throttle-notice, .message-error {color:#992222;} .message-overflow, .chat small.message-overflow {font-size:0pt;} .message-overflow::before {font-size:9pt;content:'...';} .subtle {color:#3A4A66;}
</style>
<div class="wrapper replay-wrapper" style="max-width:1180px;margin:0 auto">
<input type="hidden" name="replayid" value="nu-525507926" />
<div class="battle"></div><div class="battle-log"></div><div class="replay-controls"></div><div class="replay-controls-2"></div>
<h1 style="font-weight:normal;text-align:center"><strong>NU</strong><br /><a href="http://pokemonshowdown.com/users/onigenji" class="subtle" target="_blank">Oni Genji</a> vs. <a href="http://pokemonshowdown.com/users/feelingkingktoday" class="subtle" target="_blank">FeelingKingKToday</a></h1>
<script type="text/plain" class="battle-log-data">|j|Oni Genji
|j|FeelingKingKToday
|player|p1|Oni Genji|274
|player|p2|FeelingKingKToday|1
|gametype|singles
|gen|6
|tier|NU
|rated
|seed|64585,46911,23100,9697
|rule|Sleep Clause Mod: Limit one foe put to sleep
|rule|Species Clause: Limit one of each Pokémon
|rule|OHKO Clause: OHKO moves are banned
|rule|Moody Clause: Moody is banned
|rule|Evasion Moves Clause: Evasion moves are banned
|rule|Endless Battle Clause: Forcing endless battles is banned
|rule|HP Percentage Mod: HP is shown in percentages
|clearpoke
|poke|p1|Liepard, F, shiny|item
|poke|p1|Weezing, M|item
|poke|p1|Audino, M|item
|poke|p1|Pyroar, F|item
|poke|p1|Lanturn, F|item
|poke|p1|Hitmonchan, M|item
|poke|p2|Samurott, F|item
|poke|p2|Vileplume, F|item
|poke|p2|Scyther, M|item
|poke|p2|Rhydon, M|item
|poke|p2|Throh, M|item
|poke|p2|Skuntank, M|item
|rule|Swagger Clause: Swagger is banned
|rule|Baton Pass Clause: Limit one Baton Passer, can't pass Spe and other stats simultaneously
|teampreview
|c|★FeelingKingKToday|glhf
|choice|team 2, team 1, team 3, team 4, team 5, team 6|team 4, team 2, team 3, team 1, team 5, team 6
|
|start
|switch|p1a: James|Weezing, M|277\/277
|switch|p2a: Rhydon|Rhydon, M|414\/414
|turn|1
|choice|move willowisp|move stealthrock
|
|move|p1a: James|Will-O-Wisp|p2a: Rhydon
|-status|p2a: Rhydon|brn
|move|p2a: Rhydon|Stealth Rock|p1a: James
|-sidestart|p1: Oni Genji|move: Stealth Rock
|
|-damage|p2a: Rhydon|363\/414 brn|[from] brn
|upkeep
|turn|2
|choice|switch 6|switch 2
|
|switch|p1a: Muhammad Ali|Hitmonchan, M|241\/241
|-damage|p1a: Muhammad Ali|226\/241|[from] Stealth Rock
|switch|p2a: Vileplume|Vileplume, F|342\/342
|
|upkeep
|turn|3
|choice|move icepunch|move gigadrain
|
|move|p1a: Muhammad Ali|Ice Punch|p2a: Vileplume
|-supereffective|p2a: Vileplume
|-damage|p2a: Vileplume|79\/342
|-damage|p1a: Muhammad Ali|202\/241|[from] item: Life Orb
|move|p2a: Vileplume|Giga Drain|p1a: Muhammad Ali
|-damage|p1a: Muhammad Ali|84\/241
|-heal|p2a: Vileplume|138\/342|[from] drain|[of] p1a: Muhammad Ali
|
|-heal|p2a: Vileplume|159\/342|[from] item: Black Sludge
|upkeep
|turn|4
|choice|move icepunch|switch 5
|
|switch|p2a: Throh|Throh, M|444\/444
|move|p1a: Muhammad Ali|Ice Punch|p2a: Throh
|-damage|p2a: Throh|306\/444
|-damage|p1a: Muhammad Ali|60\/241|[from] item: Life Orb
|
|-heal|p2a: Throh|333\/444|[from] item: Leftovers
|upkeep
|turn|5
|choice|move rapidspin|move knockoff
|
|move|p1a: Muhammad Ali|Rapid Spin|p2a: Throh
|-damage|p2a: Throh|301\/444
|-sideend|p1: Oni Genji|Stealth Rock|[from] move: Rapid Spin|[of] p1a: Muhammad Ali
|-damage|p1a: Muhammad Ali|36\/241|[from] item: Life Orb
|move|p2a: Throh|Knock Off|p1a: Muhammad Ali
|-resisted|p1a: Muhammad Ali
|-damage|p1a: Muhammad Ali|0 fnt
|-enditem|p1a: Muhammad Ali|Life Orb|[from] move: Knock Off|[of] p2a: Throh
|faint|p1a: Muhammad Ali
|
|-heal|p2a: Throh|328\/444|[from] item: Leftovers
|upkeep
|choice|switch 6|
|
|switch|p1a: James|Weezing, M|277\/277
|turn|6
|choice|move sludgebomb|move knockoff
|
|move|p1a: James|Sludge Bomb|p2a: Throh
|-damage|p2a: Throh|256\/444
|-status|p2a: Throh|psn
|move|p2a: Throh|Knock Off|p1a: James
|-damage|p1a: James|196\/277
|-enditem|p1a: James|Black Sludge|[from] move: Knock Off|[of] p2a: Throh
|
|-heal|p2a: Throh|283\/444 psn|[from] item: Leftovers
|-damage|p2a: Throh|228\/444 psn|[from] psn
|upkeep
|turn|7
|choice|move sludgebomb|move circlethrow
|
|move|p1a: James|Sludge Bomb|p2a: Throh
|-damage|p2a: Throh|156\/444 psn
|move|p2a: Throh|Circle Throw|p1a: James
|-resisted|p1a: James
|-damage|p1a: James|157\/277
|drag|p1a: Itazura|Liepard, F, shiny|269\/269
|
|-heal|p2a: Throh|183\/444 psn|[from] item: Leftovers
|-damage|p2a: Throh|128\/444 psn|[from] psn
|upkeep
|turn|8
|choice|move uturn|move rest
|
|move|p1a: Itazura|U-turn|p2a: Throh
|-resisted|p2a: Throh
|-damage|p2a: Throh|88\/444 psn
|choice|switch 2|
|
|switch|p1a: James|Weezing, M|157\/277
|move|p2a: Throh|Rest|p2a: Throh
|-status|p2a: Throh|slp
|-heal|p2a: Throh|444\/444 slp|[silent]
|-status|p2a: Throh|slp|[from] move: Rest
|
|upkeep
|turn|9
|choice|switch 4|move sleeptalk
|
|switch|p1a: Lion-O|Pyroar, F|313\/313
|-ability|p1a: Lion-O|Unnerve|p2: FeelingKingKToday
|cant|p2a: Throh|slp
|move|p2a: Throh|Sleep Talk|p2a: Throh
|move|p2a: Throh|Knock Off|p1a: Lion-O|[from]Sleep Talk
|-damage|p1a: Lion-O|168\/313
|-enditem|p1a: Lion-O|Choice Specs|[from] move: Knock Off|[of] p2a: Throh
|
|upkeep
|turn|10
|choice|move fireblast|move sleeptalk
|
|move|p1a: Lion-O|Fire Blast|p2a: Throh
|-damage|p2a: Throh|312\/444 slp
|cant|p2a: Throh|slp
|move|p2a: Throh|Sleep Talk|p2a: Throh
|move|p2a: Throh|Knock Off|p1a: Lion-O|[from]Sleep Talk
|-damage|p1a: Lion-O|75\/313
|
|-heal|p2a: Throh|339\/444 slp|[from] item: Leftovers
|upkeep
|turn|11
|choice|switch 3|move circlethrow
|
|switch|p1a: Mercy|Audino, M|410\/410
|-curestatus|p2a: Throh|slp|[msg]
|move|p2a: Throh|Circle Throw|p1a: Mercy
|-supereffective|p1a: Mercy
|-damage|p1a: Mercy|258\/410
|drag|p1a: James|Weezing, M|157\/277
|
|-heal|p2a: Throh|366\/444|[from] item: Leftovers
|upkeep
|turn|12
|choice|move toxicspikes|move circlethrow
|
|move|p1a: James|Toxic Spikes|p2a: Throh
|-sidestart|p2: FeelingKingKToday|move: Toxic Spikes
|move|p2a: Throh|Circle Throw|p1a: James
|-resisted|p1a: James
|-damage|p1a: James|132\/277
|drag|p1a: Mercy|Audino, M|258\/410
|
|-heal|p2a: Throh|393\/444|[from] item: Leftovers
|upkeep
|turn|13
|choice|move dazzlinggleam mega|move circlethrow
|
|detailschange|p1a: Mercy|Audino-Mega, M
|-mega|p1a: Mercy|Audino|Audinite
|move|p1a: Mercy|Dazzling Gleam|p2a: Throh
|-supereffective|p2a: Throh
|-damage|p2a: Throh|277\/444
|move|p2a: Throh|Circle Throw|p1a: Mercy
|-damage|p1a: Mercy|207\/410
|drag|p1a: Lion-O|Pyroar, F|75\/313
|-ability|p1a: Lion-O|Unnerve|p2: FeelingKingKToday
|
|-heal|p2a: Throh|304\/444|[from] item: Leftovers
|upkeep
|turn|14
|choice|move fireblast|move rest
|
|move|p1a: Lion-O|Fire Blast|p2a: Throh
|-damage|p2a: Throh|166\/444
|move|p2a: Throh|Rest|p2a: Throh
|-status|p2a: Throh|slp
|-heal|p2a: Throh|444\/444 slp|[silent]
|-status|p2a: Throh|slp|[from] move: Rest
|
|upkeep
|turn|15
|choice|switch 4|move sleeptalk
|
|switch|p1a: James|Weezing, M|132\/277
|cant|p2a: Throh|slp
|move|p2a: Throh|Sleep Talk|p2a: Throh
|move|p2a: Throh|Rest|p2a: Throh|[from]Sleep Talk
|-fail|p2a: Throh
|
|upkeep
|turn|16
|choice|move painsplit|move sleeptalk
|
|move|p1a: James|Pain Split|p2a: Throh
|-sethp|p2a: Throh|288\/444 slp|p1a: James|277\/277|[from] move: Pain Split
|cant|p2a: Throh|slp
|move|p2a: Throh|Sleep Talk|p2a: Throh
|move|p2a: Throh|Knock Off|p1a: James|[from]Sleep Talk
|-damage|p1a: James|220\/277
|
|-heal|p2a: Throh|315\/444 slp|[from] item: Leftovers
|upkeep
|turn|17
|choice|move sludgebomb|move circlethrow
|
|move|p1a: James|Sludge Bomb|p2a: Throh
|-damage|p2a: Throh|237\/444 slp
|-curestatus|p2a: Throh|slp|[msg]
|move|p2a: Throh|Circle Throw|p1a: James
|-resisted|p1a: James
|-damage|p1a: James|194\/277
|drag|p1a: Moving Lanturn|Lanturn, F|391\/391
|
|-heal|p2a: Throh|264\/444|[from] item: Leftovers
|upkeep
|turn|18
|choice|move voltswitch|move knockoff
|
|move|p1a: Moving Lanturn|Volt Switch|p2a: Throh
|-damage|p2a: Throh|183\/444
|choice|switch 5|
|
|switch|p1a: James|Weezing, M|194\/277
|move|p2a: Throh|Knock Off|p1a: James
|-damage|p1a: James|155\/277
|
|-heal|p2a: Throh|210\/444|[from] item: Leftovers
|upkeep
|turn|19
|choice|move willowisp|move circlethrow
|
|move|p1a: James|Will-O-Wisp|p2a: Throh
|-status|p2a: Throh|brn
|move|p2a: Throh|Circle Throw|p1a: James
|-resisted|p1a: James
|-damage|p1a: James|117\/277
|drag|p1a: Mercy|Audino-Mega, M|207\/410
|
|-heal|p2a: Throh|237\/444 brn|[from] item: Leftovers
|-damage|p2a: Throh|182\/444 brn|[from] brn
|upkeep
|turn|20
|choice|move wish|move rest
|
|move|p1a: Mercy|Wish|p1a: Mercy
|move|p2a: Throh|Rest|p2a: Throh
|-status|p2a: Throh|slp
|-heal|p2a: Throh|444\/444 slp|[silent]
|-status|p2a: Throh|slp|[from] move: Rest
|
|upkeep
|turn|21
|choice|switch 4|move knockoff
|
|switch|p1a: Lion-O|Pyroar, F|75\/313
|-ability|p1a: Lion-O|Unnerve|p2: FeelingKingKToday
|cant|p2a: Throh|slp
|
|-heal|p1a: Lion-O|280\/313|[from] move: Wish|[wisher] Mercy
|upkeep
|turn|22
|choice|switch 2|move sleeptalk
|
|switch|p1a: Itazura|Liepard, F, shiny|269\/269
|cant|p2a: Throh|slp
|move|p2a: Throh|Sleep Talk|p2a: Throh
|move|p2a: Throh|Circle Throw|p1a: Itazura|[from]Sleep Talk
|-supereffective|p1a: Itazura
|-damage|p1a: Itazura|0 fnt
|faint|p1a: Itazura
|
|upkeep
|choice|switch 4|
|
|switch|p1a: Mercy|Audino-Mega, M|207\/410
|turn|23
|choice|move dazzlinggleam|move circlethrow
|
|move|p1a: Mercy|Dazzling Gleam|p2a: Throh
|-supereffective|p2a: Throh
|-damage|p2a: Throh|316\/444 slp
|-curestatus|p2a: Throh|slp|[msg]
|move|p2a: Throh|Circle Throw|p1a: Mercy
|-damage|p1a: Mercy|149\/410
|drag|p1a: Lion-O|Pyroar, F|280\/313
|-ability|p1a: Lion-O|Unnerve|p2: FeelingKingKToday
|
|-heal|p2a: Throh|343\/444|[from] item: Leftovers
|upkeep
|turn|24
|choice|move hypervoice|move circlethrow
|
|move|p1a: Lion-O|Hyper Voice|p2a: Throh
|-damage|p2a: Throh|220\/444
|move|p2a: Throh|Circle Throw|p1a: Lion-O
|-supereffective|p1a: Lion-O
|-damage|p1a: Lion-O|86\/313
|drag|p1a: Moving Lanturn|Lanturn, F|391\/391
|
|-heal|p2a: Throh|247\/444|[from] item: Leftovers
|upkeep
|turn|25
|choice|move scald|move knockoff
|
|move|p1a: Moving Lanturn|Scald|p2a: Throh
|-damage|p2a: Throh|160\/444
|-status|p2a: Throh|brn
|move|p2a: Throh|Knock Off|p1a: Moving Lanturn
|-damage|p1a: Moving Lanturn|217\/391
|-enditem|p1a: Moving Lanturn|Assault Vest|[from] move: Knock Off|[of] p2a: Throh
|
|-heal|p2a: Throh|187\/444 brn|[from] item: Leftovers
|-damage|p2a: Throh|132\/444 brn|[from] brn
|upkeep
|turn|26
|choice|move scald|move rest
|
|move|p1a: Moving Lanturn|Scald|p2a: Throh
|-damage|p2a: Throh|42\/444 brn
|move|p2a: Throh|Rest|p2a: Throh
|-status|p2a: Throh|slp
|-heal|p2a: Throh|444\/444 slp|[silent]
|-status|p2a: Throh|slp|[from] move: Rest
|
|upkeep
|turn|27
|choice|move voltswitch|move sleeptalk
|
|move|p1a: Moving Lanturn|Volt Switch|p2a: Throh
|-damage|p2a: Throh|371\/444 slp
|-message|Oni Genji forfeited.
|
|win|FeelingKingKToday
|player|p1
|player|p2
|l|Oni Genji
|raw|Oni Genji's rating: 1000 &rarr; <strong>1000<\/strong><br \/>(+0 for losing)
|raw|FeelingKingKToday's rating: 1185 &rarr; <strong>1198<\/strong><br \/>(+13 for winning)</script>
</div>
<div class="battle-log battle-log-inline"><div class="inner"><div class="battle-options"></div><div class="inner"><div class="chat"><small>Oni Genji joined.</small></div><div class="chat"><small>FeelingKingKToday joined.</small></div><div class=""><small>Format:</small> <br><strong>NU</strong></div><div class="rated"><strong>Rated battle</strong></div><div class=""><small><em>Sleep Clause Mod:</em> Limit one foe put to sleep</small></div><div class=""><small><em>Species Clause:</em> Limit one of each Pokémon</small></div><div class=""><small><em>OHKO Clause:</em> OHKO moves are banned</small></div><div class=""><small><em>Moody Clause:</em> Moody is banned</small></div><div class=""><small><em>Evasion Moves Clause:</em> Evasion moves are banned</small></div><div class=""><small><em>Endless Battle Clause:</em> Forcing endless battles is banned</small></div><div class=""><small><em>HP Percentage Mod:</em> HP is shown in percentages</small></div><div class=""><small><em>Swagger Clause:</em> Swagger is banned</small></div><div class=""><small><em>Baton Pass Clause:</em> Limit one Baton Passer, can't pass Spe and other stats simultaneously</small></div><div class="chat battle-history"><strong>Oni Genji's team:</strong> <em style="color:#445566;display:block;">Liepard / Weezing / Audino / Pyroar / Lanturn / Hitmonchan</em></div><div class="chat battle-history"><strong>FeelingKingKToday's team:</strong> <em style="color:#445566;display:block;">Samurott / Vileplume / Scyther / Rhydon / Throh / Skuntank</em></div><div class="chat chatmessage-feelingkingktoday"><strong style="color:hsl(312,61%,48%)"><small>★</small><span class="username" data-name="FeelingKingKToday">FeelingKingKToday</span>:</strong> <em>glhf</em></div><div class="spacer battle-history"><br></div><div class="battle-history">Battle started between Oni Genji and FeelingKingKToday!<br></div><div class="spacer battle-history"><br></div><div class="battle-history">Go! James (<strong>Weezing</strong>)!<br></div><div class="spacer battle-history"><br></div><div class="battle-history">FeelingKingKToday sent out <strong>Rhydon</strong>!<br></div><div class="spacer battle-history"><br></div><h2 class="battle-history">Turn 1</h2><div class="spacer battle-history"><br></div><div class="battle-history">James used <strong>Will-O-Wisp</strong>!<br></div><div class="battle-history"><small>The opposing Rhydon was burned!</small><br></div><div class="spacer battle-history"><br></div><div class="battle-history">The opposing Rhydon used <strong>Stealth Rock</strong>!<br></div><div class="battle-history"><small>Pointed stones float in the air around your team!</small><br></div><div class="spacer battle-history"><br></div><div class="battle-history"><small>The opposing Rhydon was hurt by its burn!</small><br></div><div class="spacer battle-history"><br></div><h2 class="battle-history">Turn 2</h2><div class="spacer battle-history"><br></div><div class="battle-history">James, come back!<br></div><div class="battle-history">Go! Muhammad Ali (<strong>Hitmonchan</strong>)!<br></div><div class="battle-history"><small>Pointed stones dug into Muhammad Ali!</small><br></div><div class="spacer battle-history"><br></div><div class="battle-history">FeelingKingKToday withdrew Rhydon!<br></div><div class="battle-history">FeelingKingKToday sent out <strong>Vileplume</strong>!<br></div><div class="spacer battle-history"><br></div><h2 class="battle-history">Turn 3</h2><div class="spacer battle-history"><br></div><div class="battle-history">Muhammad Ali used <strong>Ice Punch</strong>!<br></div><div class="battle-history"><small>It's super effective!</small><br></div><div class="battle-history"><small>(The opposing Vileplume lost <abbr title="−263/342">76.9%</abbr> of its health!)</small><br></div><div class="battle-history"><small>Muhammad Ali lost some of its HP!</small><br></div><div class="spacer battle-history"><br></div><div class="battle-history">The opposing Vileplume used <strong>Giga Drain</strong>!<br></div><div class="battle-history"><small>(Muhammad Ali lost <abbr title="−118/241">49.0%</abbr> of its health!)</small><br></div><div class="battle-history"><small>Muhammad Ali had its energy drained!</small><br></div><div class="spacer battle-history"><br></div><div class="battle-history"><small>The opposing Vileplume restored a little HP using its Black Sludge!</small><br></div><div class="spacer battle-history"><br></div><h2 class="battle-history">Turn 4</h2><div class="spacer battle-history"><br></div><div class="battle-history">FeelingKingKToday withdrew Vileplume!<br></div><div class="battle-history">FeelingKingKToday sent out <strong>Throh</strong>!<br></div><div class="spacer battle-history"><br></div><div class="battle-history">Muhammad Ali used <strong>Ice Punch</strong>!<br></div><div class="battle-history"><small>(The opposing Throh lost <abbr title="−138/444">31.1%</abbr> of its health!)</small><br></div><div class="battle-history"><small>Muhammad Ali lost some of its HP!</small><br></div><div class="spacer battle-history"><br></div><div class="battle-history"><small>The opposing Throh restored a little HP using its Leftovers!</small><br></div><div class="spacer battle-history"><br></div><h2 class="battle-history">Turn 5</h2><div class="spacer battle-history"><br></div><div class="battle-history">Muhammad Ali used <strong>Rapid Spin</strong>!<br></div><div class="battle-history"><small>(The opposing Throh lost <abbr title="−32/444">7.2%</abbr> of its health!)</small><br></div><div class="battle-history"><small>The pointed stones disappeared from around your team!</small><br></div><div class="battle-history"><small>Muhammad Ali lost some of its HP!</small><br></div><div class="spacer battle-history"><br></div><div class="battle-history">The opposing Throh used <strong>Knock Off</strong>!<br></div><div class="battle-history"><small>It's not very effective...</small><br></div><div class="battle-history"><small>(Muhammad Ali lost <abbr title="−36/241">14.9%</abbr> of its health!)</small><br></div><div class="battle-history"><small>The opposing Throh knocked off Muhammad Ali's Life Orb!</small><br></div><div class="spacer battle-history"><br></div><div class="battle-history">Muhammad Ali fainted!<br></div><div class="spacer battle-history"><br></div><div class="battle-history"><small>The opposing Throh restored a little HP using its Leftovers!</small><br></div><div class="spacer battle-history"><br></div><div class="battle-history">Go! James (<strong>Weezing</strong>)!<br></div><div class="spacer battle-history"><br></div><h2 class="battle-history">Turn 6</h2><div class="spacer battle-history"><br></div><div class="battle-history">James used <strong>Sludge Bomb</strong>!<br></div><div class="battle-history"><small>(The opposing Throh lost <abbr title="−72/444">16.2%</abbr> of its health!)</small><br></div><div class="battle-history"><small>The opposing Throh was poisoned!</small><br></div><div class="spacer battle-history"><br></div><div class="battle-history">The opposing Throh used <strong>Knock Off</strong>!<br></div><div class="battle-history"><small>(James lost <abbr title="−81/277">29.2%</abbr> of its health!)</small><br></div><div class="battle-history"><small>The opposing Throh knocked off James's Black Sludge!</small><br></div><div class="spacer battle-history"><br></div><div class="battle-history"><small>The opposing Throh restored a little HP using its Leftovers!</small><br></div><div class="battle-history"><small>The opposing Throh was hurt by poison!</small><br></div><div class="spacer battle-history"><br></div><h2 class="battle-history">Turn 7</h2><div class="spacer battle-history"><br></div><div class="battle-history">James used <strong>Sludge Bomb</strong>!<br></div><div class="battle-history"><small>(The opposing Throh lost <abbr title="−72/444">16.2%</abbr> of its health!)</small><br></div><div class="spacer battle-history"><br></div><div class="battle-history">The opposing Throh used <strong>Circle Throw</strong>!<br></div><div class="battle-history"><small>It's not very effective...</small><br></div><div class="battle-history"><small>(James lost <abbr title="−39/277">14.1%</abbr> of its health!)</small><br></div><div class="spacer battle-history"><br></div><div class="battle-history">Itazura (<strong>Liepard</strong>) was dragged out!<br></div><div class="spacer battle-history"><br></div><div class="battle-history"><small>The opposing Throh restored a little HP using its Leftovers!</small><br></div><div class="battle-history"><small>The opposing Throh was hurt by poison!</small><br></div><div class="spacer battle-history"><br></div><h2 class="battle-history">Turn 8</h2><div class="spacer battle-history"><br></div><div class="battle-history">Itazura used <strong>U-turn</strong>!<br></div><div class="battle-history"><small>It's not very effective...</small><br></div><div class="battle-history"><small>(The opposing Throh lost <abbr title="−40/444">9.0%</abbr> of its health!)</small><br></div><div class="spacer battle-history"><br></div><div class="battle-history">Itazura went back to Oni Genji!<br></div><div class="battle-history">Go! James (<strong>Weezing</strong>)!<br></div><div class="spacer battle-history"><br></div><div class="battle-history">The opposing Throh used <strong>Rest</strong>!<br></div><div class="battle-history"><small>The opposing Throh fell asleep!</small><br></div><div class="battle-history"><small>The opposing Throh slept and became healthy!</small><br></div><div class="spacer battle-history"><br></div><h2 class="battle-history">Turn 9</h2><div class="spacer battle-history"><br></div><div class="battle-history">James, come back!<br></div><div class="battle-history">Go! Lion-O (<strong>Pyroar</strong>)!<br></div><div class="battle-history"><small>[Lion-O's Unnerve]</small><br><small>The opposing team is too nervous to eat Berries!</small><br></div><div class="spacer battle-history"><br></div><div class="battle-history">The opposing Throh is fast asleep.<br></div><div class="spacer battle-history"><br></div><div class="battle-history">The opposing Throh used <strong>Sleep Talk</strong>!<br></div><div class="spacer battle-history"><br></div><div class="battle-history">The opposing Throh used <strong>Knock Off</strong>!<br></div><div class="battle-history"><small>(Lion-O lost <abbr title="−145/313">46.3%</abbr> of its health!)</small><br></div><div class="battle-history"><small>The opposing Throh knocked off Lion-O's Choice Specs!</small><br></div><div class="spacer battle-history"><br></div><h2 class="battle-history">Turn 10</h2><div class="spacer battle-history"><br></div><div class="battle-history">Lion-O used <strong>Fire Blast</strong>!<br></div><div class="battle-history"><small>(The opposing Throh lost <abbr title="−132/444">29.7%</abbr> of its health!)</small><br></div><div class="spacer battle-history"><br></div><div class="battle-history">The opposing Throh is fast asleep.<br></div><div class="spacer battle-history"><br></div><div class="battle-history">The opposing Throh used <strong>Sleep Talk</strong>!<br></div><div class="spacer battle-history"><br></div><div class="battle-history">The opposing Throh used <strong>Knock Off</strong>!<br></div><div class="battle-history"><small>(Lion-O lost <abbr title="−93/313">29.7%</abbr> of its health!)</small><br></div><div class="spacer battle-history"><br></div><div class="battle-history"><small>The opposing Throh restored a little HP using its Leftovers!</small><br></div><div class="spacer battle-history"><br></div><h2 class="battle-history">Turn 11</h2><div class="spacer battle-history"><br></div><div class="battle-history">Lion-O, come back!<br></div><div class="battle-history">Go! Mercy (<strong>Audino</strong>)!<br></div><div class="battle-history"><small>The opposing Throh woke up!</small><br></div><div class="spacer battle-history"><br></div><div class="battle-history">The opposing Throh used <strong>Circle Throw</strong>!<br></div><div class="battle-history"><small>It's super effective!</small><br></div><div class="battle-history"><small>(Mercy lost <abbr title="−152/410">37.1%</abbr> of its health!)</small><br></div><div class="spacer battle-history"><br></div><div class="battle-history">James (<strong>Weezing</strong>) was dragged out!<br></div><div class="spacer battle-history"><br></div><div class="battle-history"><small>The opposing Throh restored a little HP using its Leftovers!</small><br></div><div class="spacer battle-history"><br></div><h2 class="battle-history">Turn 12</h2><div class="spacer battle-history"><br></div><div class="battle-history">James used <strong>Toxic Spikes</strong>!<br></div><div class="battle-history"><small>Poison spikes were scattered on the ground all around the opposing team!</small><br></div><div class="spacer battle-history"><br></div><div class="battle-history">The opposing Throh used <strong>Circle Throw</strong>!<br></div><div class="battle-history"><small>It's not very effective...</small><br></div><div class="battle-history"><small>(James lost <abbr title="−25/277">9.0%</abbr> of its health!)</small><br></div><div class="spacer battle-history"><br></div><div class="battle-history">Mercy (<strong>Audino</strong>) was dragged out!<br></div><div class="spacer battle-history"><br></div><div class="battle-history"><small>The opposing Throh restored a little HP using its Leftovers!</small><br></div><div class="spacer battle-history"><br></div><h2 class="battle-history">Turn 13</h2><div class="spacer battle-history"><br></div><div class="battle-history"><small>Mercy's Audinite is reacting to Oni Genji's Mega Bracelet!</small><br>Mercy has Mega Evolved into Mega Audino!<br></div><div class="spacer battle-history"><br></div><div class="battle-history">Mercy used <strong>Dazzling Gleam</strong>!<br></div><div class="battle-history"><small>It's super effective!</small><br></div><div class="battle-history"><small>(The opposing Throh lost <abbr title="−116/444">26.1%</abbr> of its health!)</small><br></div><div class="spacer battle-history"><br></div><div class="battle-history">The opposing Throh used <strong>Circle Throw</strong>!<br></div><div class="battle-history"><small>(Mercy lost <abbr title="−51/410">12.4%</abbr> of its health!)</small><br></div><div class="spacer battle-history"><br></div><div class="battle-history">Lion-O (<strong>Pyroar</strong>) was dragged out!<br></div><div class="battle-history"><small>[Lion-O's Unnerve]</small><br><small>The opposing team is too nervous to eat Berries!</small><br></div><div class="spacer battle-history"><br></div><div class="battle-history"><small>The opposing Throh restored a little HP using its Leftovers!</small><br></div><div class="spacer battle-history"><br></div><h2 class="battle-history">Turn 14</h2><div class="spacer battle-history"><br></div><div class="battle-history">Lion-O used <strong>Fire Blast</strong>!<br></div><div class="battle-history"><small>(The opposing Throh lost <abbr title="−138/444">31.1%</abbr> of its health!)</small><br></div><div class="spacer battle-history"><br></div><div class="battle-history">The opposing Throh used <strong>Rest</strong>!<br></div><div class="battle-history"><small>The opposing Throh fell asleep!</small><br></div><div class="battle-history"><small>The opposing Throh slept and became healthy!</small><br></div><div class="spacer battle-history"><br></div><h2 class="battle-history">Turn 15</h2><div class="spacer battle-history"><br></div><div class="battle-history">Lion-O, come back!<br></div><div class="battle-history">Go! James (<strong>Weezing</strong>)!<br></div><div class="spacer battle-history"><br></div><div class="battle-history">The opposing Throh is fast asleep.<br></div><div class="spacer battle-history"><br></div><div class="battle-history">The opposing Throh used <strong>Sleep Talk</strong>!<br></div><div class="spacer battle-history"><br></div><div class="battle-history">The opposing Throh used <strong>Rest</strong>!<br></div><div class="battle-history"><small>But it failed!</small><br></div><div class="spacer battle-history"><br></div><h2 class="battle-history">Turn 16</h2><div class="spacer battle-history"><br></div><div class="battle-history">James used <strong>Pain Split</strong>!<br></div><div class="battle-history"><small>The battlers shared their pain!</small><br></div><div class="spacer battle-history"><br></div><div class="battle-history">The opposing Throh is fast asleep.<br></div><div class="spacer battle-history"><br></div><div class="battle-history">The opposing Throh used <strong>Sleep Talk</strong>!<br></div><div class="spacer battle-history"><br></div><div class="battle-history">The opposing Throh used <strong>Knock Off</strong>!<br></div><div class="battle-history"><small>(James lost <abbr title="−57/277">20.6%</abbr> of its health!)</small><br></div><div class="spacer battle-history"><br></div><div class="battle-history"><small>The opposing Throh restored a little HP using its Leftovers!</small><br></div><div class="spacer battle-history"><br></div><h2 class="battle-history">Turn 17</h2><div class="spacer battle-history"><br></div><div class="battle-history">James used <strong>Sludge Bomb</strong>!<br></div><div class="battle-history"><small>(The opposing Throh lost <abbr title="−78/444">17.6%</abbr> of its health!)</small><br></div><div class="battle-history"><small>The opposing Throh woke up!</small><br></div><div class="spacer battle-history"><br></div><div class="battle-history">The opposing Throh used <strong>Circle Throw</strong>!<br></div><div class="battle-history"><small>It's not very effective...</small><br></div><div class="battle-history"><small>(James lost <abbr title="−26/277">9.4%</abbr> of its health!)</small><br></div><div class="spacer battle-history"><br></div><div class="battle-history">Moving Lanturn (<strong>Lanturn</strong>) was dragged out!<br></div><div class="spacer battle-history"><br></div><div class="battle-history"><small>The opposing Throh restored a little HP using its Leftovers!</small><br></div><div class="spacer battle-history"><br></div><h2 class="battle-history">Turn 18</h2><div class="spacer battle-history"><br></div><div class="battle-history">Moving Lanturn used <strong>Volt Switch</strong>!<br></div><div class="battle-history"><small>(The opposing Throh lost <abbr title="−81/444">18.2%</abbr> of its health!)</small><br></div><div class="spacer battle-history"><br></div><div class="battle-history">Moving Lanturn went back to Oni Genji!<br></div><div class="battle-history">Go! James (<strong>Weezing</strong>)!<br></div><div class="spacer battle-history"><br></div><div class="battle-history">The opposing Throh used <strong>Knock Off</strong>!<br></div><div class="battle-history"><small>(James lost <abbr title="−39/277">14.1%</abbr> of its health!)</small><br></div><div class="spacer battle-history"><br></div><div class="battle-history"><small>The opposing Throh restored a little HP using its Leftovers!</small><br></div><div class="spacer battle-history"><br></div><h2 class="battle-history">Turn 19</h2><div class="spacer battle-history"><br></div><div class="battle-history">James used <strong>Will-O-Wisp</strong>!<br></div><div class="battle-history"><small>The opposing Throh was burned!</small><br></div><div class="spacer battle-history"><br></div><div class="battle-history">The opposing Throh used <strong>Circle Throw</strong>!<br></div><div class="battle-history"><small>It's not very effective...</small><br></div><div class="battle-history"><small>(James lost <abbr title="−38/277">13.7%</abbr> of its health!)</small><br></div><div class="spacer battle-history"><br></div><div class="battle-history">Mercy (<strong>Audino-Mega</strong>) was dragged out!<br></div><div class="spacer battle-history"><br></div><div class="battle-history"><small>The opposing Throh restored a little HP using its Leftovers!</small><br></div><div class="battle-history"><small>The opposing Throh was hurt by its burn!</small><br></div><div class="spacer battle-history"><br></div><h2 class="battle-history">Turn 20</h2><div class="spacer battle-history"><br></div><div class="battle-history">Mercy used <strong>Wish</strong>!<br></div><div class="spacer battle-history"><br></div><div class="battle-history">The opposing Throh used <strong>Rest</strong>!<br></div><div class="battle-history"><small>The opposing Throh fell asleep!</small><br></div><div class="battle-history"><small>The opposing Throh slept and became healthy!</small><br></div><div class="spacer battle-history"><br></div><h2 class="battle-history">Turn 21</h2><div class="spacer battle-history"><br></div><div class="battle-history">Mercy, come back!<br></div><div class="battle-history">Go! Lion-O (<strong>Pyroar</strong>)!<br></div><div class="battle-history"><small>[Lion-O's Unnerve]</small><br><small>The opposing team is too nervous to eat Berries!</small><br></div><div class="spacer battle-history"><br></div><div class="battle-history">The opposing Throh is fast asleep.<br></div><div class="spacer battle-history"><br></div><div class="battle-history"><small>Mercy's wish came true!</small><br></div><div class="spacer battle-history"><br></div><h2 class="battle-history">Turn 22</h2><div class="spacer battle-history"><br></div><div class="battle-history">Lion-O, come back!<br></div><div class="battle-history">Go! Itazura (<strong>Liepard</strong>)!<br></div><div class="spacer battle-history"><br></div><div class="battle-history">The opposing Throh is fast asleep.<br></div><div class="spacer battle-history"><br></div><div class="battle-history">The opposing Throh used <strong>Sleep Talk</strong>!<br></div><div class="spacer battle-history"><br></div><div class="battle-history">The opposing Throh used <strong>Circle Throw</strong>!<br></div><div class="battle-history"><small>It's super effective!</small><br></div><div class="battle-history"><small>(Itazura lost <abbr title="−269/269">100%</abbr> of its health!)</small><br></div><div class="spacer battle-history"><br></div><div class="battle-history">Itazura fainted!<br></div><div class="spacer battle-history"><br></div><div class="battle-history">Go! Mercy (<strong>Audino-Mega</strong>)!<br></div><div class="spacer battle-history"><br></div><h2 class="battle-history">Turn 23</h2><div class="spacer battle-history"><br></div><div class="battle-history">Mercy used <strong>Dazzling Gleam</strong>!<br></div><div class="battle-history"><small>It's super effective!</small><br></div><div class="battle-history"><small>(The opposing Throh lost <abbr title="−128/444">28.8%</abbr> of its health!)</small><br></div><div class="battle-history"><small>The opposing Throh woke up!</small><br></div><div class="spacer battle-history"><br></div><div class="battle-history">The opposing Throh used <strong>Circle Throw</strong>!<br></div><div class="battle-history"><small>(Mercy lost <abbr title="−58/410">14.1%</abbr> of its health!)</small><br></div><div class="spacer battle-history"><br></div><div class="battle-history">Lion-O (<strong>Pyroar</strong>) was dragged out!<br></div><div class="battle-history"><small>[Lion-O's Unnerve]</small><br><small>The opposing team is too nervous to eat Berries!</small><br></div><div class="spacer battle-history"><br></div><div class="battle-history"><small>The opposing Throh restored a little HP using its Leftovers!</small><br></div><div class="spacer battle-history"><br></div><h2 class="battle-history">Turn 24</h2><div class="spacer battle-history"><br></div><div class="battle-history">Lion-O used <strong>Hyper Voice</strong>!<br></div><div class="battle-history"><small>(The opposing Throh lost <abbr title="−123/444">27.7%</abbr> of its health!)</small><br></div><div class="spacer battle-history"><br></div><div class="battle-history">The opposing Throh used <strong>Circle Throw</strong>!<br></div><div class="battle-history"><small>It's super effective!</small><br></div><div class="battle-history"><small>(Lion-O lost <abbr title="−194/313">62.0%</abbr> of its health!)</small><br></div><div class="spacer battle-history"><br></div><div class="battle-history">Moving Lanturn (<strong>Lanturn</strong>) was dragged out!<br></div><div class="spacer battle-history"><br></div><div class="battle-history"><small>The opposing Throh restored a little HP using its Leftovers!</small><br></div><div class="spacer battle-history"><br></div><h2 class="battle-history">Turn 25</h2><div class="spacer battle-history"><br></div><div class="battle-history">Moving Lanturn used <strong>Scald</strong>!<br></div><div class="battle-history"><small>(The opposing Throh lost <abbr title="−87/444">19.6%</abbr> of its health!)</small><br></div><div class="battle-history"><small>The opposing Throh was burned!</small><br></div><div class="spacer battle-history"><br></div><div class="battle-history">The opposing Throh used <strong>Knock Off</strong>!<br></div><div class="battle-history"><small>(Moving Lanturn lost <abbr title="−174/391">44.5%</abbr> of its health!)</small><br></div><div class="battle-history"><small>The opposing Throh knocked off Moving Lanturn's Assault Vest!</small><br></div><div class="spacer battle-history"><br></div><div class="battle-history"><small>The opposing Throh restored a little HP using its Leftovers!</small><br></div><div class="battle-history"><small>The opposing Throh was hurt by its burn!</small><br></div><div class="spacer battle-history"><br></div><h2 class="battle-history">Turn 26</h2><div class="spacer battle-history"><br></div><div class="battle-history">Moving Lanturn used <strong>Scald</strong>!<br></div><div class="battle-history"><small>(The opposing Throh lost <abbr title="−90/444">20.3%</abbr> of its health!)</small><br></div><div class="spacer battle-history"><br></div><div class="battle-history">The opposing Throh used <strong>Rest</strong>!<br></div><div class="battle-history"><small>The opposing Throh fell asleep!</small><br></div><div class="battle-history"><small>The opposing Throh slept and became healthy!</small><br></div><div class="spacer battle-history"><br></div><h2 class="battle-history">Turn 27</h2><div class="spacer battle-history"><br></div><div class="battle-history">Moving Lanturn used <strong>Volt Switch</strong>!<br></div><div class="battle-history"><small>(The opposing Throh lost <abbr title="−73/444">16.4%</abbr> of its health!)</small><br></div><div class="battle-history"><small>Oni Genji forfeited.</small><br></div><div class="spacer battle-history"><br></div><div class="battle-history"><strong>FeelingKingKToday</strong> won the battle!<br></div><div class="chat"><small>Oni Genji left.</small></div><div class="chat">Oni Genji's rating: 1000 → <strong>1000</strong><br>(+0 for losing)</div><div class="chat">FeelingKingKToday's rating: 1185 → <strong>1198</strong><br>(+13 for winning)</div></div><div class="inner-preempt"></div></div></div>
</div>
<script>
let daily = Math.floor(Date.now()/1000/60/60/24);document.write('<script src="https://play.pokemonshowdown.com/js/replay-embed.js?version'+daily+'"></'+'script>');
</script>
