<!DOCTYPE html>
<meta charset="utf-8" />
<!-- version 1 -->
<title>NU replay: Ryota Mitarai vs. Shadestep</title>
<style>
html,body {font-family:Verdana, sans-serif;font-size:10pt;margin:0;padding:0;}body{padding:12px 0;} .battle-log {font-family:Verdana, sans-serif;font-size:10pt;} .battle-log-inline {border:1px solid #AAAAAA;background:#EEF2F5;color:black;max-width:640px;margin:0 auto 80px;padding-bottom:5px;} .battle-log .inner {padding:4px 8px 0px 8px;} .battle-log .inner-preempt {padding:0 8px 4px 8px;} .battle-log .inner-after {margin-top:0.5em;} .battle-log h2 {margin:0.5em -8px;padding:4px 8px;border:1px solid #AAAAAA;background:#E0E7EA;border-left:0;border-right:0;font-family:Verdana, sans-serif;font-size:13pt;} .battle-log .chat {vertical-align:middle;padding:3px 0 3px 0;font-size:8pt;} .battle-log .chat strong {color:#40576A;} .battle-log .chat em {padding:1px 4px 1px 3px;color:#000000;font-style:normal;} .chat.mine {background:rgba(0,0,0,0.05);margin-left:-8px;margin-right:-8px;padding-left:8px;padding-right:8px;} .spoiler {color:#BBBBBB;background:#BBBBBB;padding:0px 3px;} .spoiler:hover, .spoiler:active, .spoiler-shown {color:#000000;background:#E2E2E2;padding:0px 3px;} .spoiler a {color:#BBBBBB;} .spoiler:hover a, .spoiler:active a, .spoiler-shown a {color:#2288CC;} .chat code, .chat .spoiler:hover code, .chat .spoiler:active code, .chat .spoiler-shown code {border:1px solid #C0C0C0;background:#EEEEEE;color:black;padding:0 2px;} .chat .spoiler code {border:1px solid #CCCCCC;background:#CCCCCC;color:#CCCCCC;} .battle-log .rated {padding:3px 4px;} .battle-log .rated strong {color:white;background:#89A;padding:1px 4px;border-radius:4px;} .spacer {margin-top:0.5em;} .message-announce {background:#6688AA;color:white;padding:1px 4px 2px;} .message-announce a, .broadcast-green a, .broadcast-blue a, .broadcast-red a {color:#DDEEFF;} .broadcast-green {background-color:#559955;color:white;padding:2px 4px;} .broadcast-blue {background-color:#6688AA;color:white;padding:2px 4px;} .infobox {border:1px solid #6688AA;padding:2px 4px;} .infobox-limited {max-height:200px;overflow:auto;overflow-x:hidden;} .broadcast-red {background-color:#AA5544;color:white;padding:2px 4px;} .message-learn-canlearn {font-weight:bold;color:#228822;text-decoration:underline;} .message-learn-cannotlearn {font-weight:bold;color:#CC2222;text-decoration:underline;} .message-effect-weak {font-weight:bold;color:#CC2222;} .message-effect-resist {font-weight:bold;color:#6688AA;} .message-effect-immune {font-weight:bold;color:#666666;} .message-learn-list {margin-top:0;margin-bottom:0;} .message-throttle-notice, .message-error {color:#992222;} .message-overflow, .chat small.message-overflow {font-size:0pt;} .message-overflow::before {font-size:9pt;content:'...';} .subtle {color:#3A4A66;}
</style>
<div class="wrapper replay-wrapper" style="max-width:1180px;margin:0 auto">
<input type="hidden" name="replayid" value="nu-578166146" />
<div class="battle"></div><div class="battle-log"></div><div class="replay-controls"></div><div class="replay-controls-2"></div>
<h1 style="font-weight:normal;text-align:center"><strong>NU</strong><br /><a href="http://pokemonshowdown.com/users/ryotamitarai" class="subtle" target="_blank">Ryota Mitarai</a> vs. <a href="http://pokemonshowdown.com/users/shadestep" class="subtle" target="_blank">Shadestep</a></h1>
<script type="text/plain" class="battle-log-data">|j|Ryota Mitarai
|j|Shadestep
|player|p1|Ryota Mitarai|277
|teamsize|p1|6
|player|p2|Shadestep|237
|teamsize|p2|6
|gametype|singles
|gen|6
|tier|NU
|seed|24041,36103,33831,52114
|rule|Sleep Clause Mod: Limit one foe put to sleep
|rule|Species Clause: Limit one of each Pokémon
|rule|OHKO Clause: OHKO moves are banned
|rule|Moody Clause: Moody is banned
|rule|Evasion Moves Clause: Evasion moves are banned
|rule|Endless Battle Clause: Forcing endless battles is banned
|rule|HP Percentage Mod: HP is shown in percentages
|clearpoke
|poke|p1|Zangoose, M|item
|poke|p1|Garbodor, F|item
|poke|p1|Lilligant, F|item
|poke|p1|Rhydon, M|item
|poke|p1|Mismagius, M|item
|poke|p1|Samurott, M|item
|poke|p2|Regice|item
|poke|p2|Mesprit|item
|poke|p2|Shiftry, F|item
|poke|p2|Rhydon, F|item
|poke|p2|Mantine, M|item
|poke|p2|Tauros, M|item
|rule|Swagger Clause: Swagger is banned
|rule|Baton Pass Clause: Limit one Baton Passer, can't pass Spe and other stats simultaneously
|teampreview
|j|lucianvega
|j|Totodile Squad
|c|+lucianvega|regice the GOD
|choice|team 2, team 1, team 3, team 4, team 5, team 6|team 1, team 2, team 3, team 4, team 5, team 6
|
|start
|switch|p1a: Garbodor|Garbodor, F|364\/364
|switch|p2a: Regice|Regice|351\/351
|turn|1
|choice|move spikes|move thunderwave
|
|move|p1a: Garbodor|Spikes|p2a: Regice
|-sidestart|p2: Shadestep|Spikes
|move|p2a: Regice|Thunder Wave|p1a: Garbodor
|-status|p1a: Garbodor|par
|
|upkeep
|turn|2
|choice|move spikes|switch 2
|
|switch|p2a: Mesprit|Mesprit|301\/301
|move|p1a: Garbodor|Spikes|p2a: Mesprit
|-sidestart|p2: Shadestep|Spikes
|
|upkeep
|turn|3
|choice|move spikes|move calmmind
|
|move|p2a: Mesprit|Calm Mind|p2a: Mesprit
|-boost|p2a: Mesprit|spa|1
|-boost|p2a: Mesprit|spd|1
|move|p1a: Garbodor|Spikes|p2a: Mesprit
|-sidestart|p2: Shadestep|Spikes
|
|upkeep
|turn|4
|choice|switch 5|move psychic
|
|switch|p1a: Mismagius|Mismagius, M|324\/324
|move|p2a: Mesprit|Psychic|p1a: Mismagius
|-damage|p1a: Mismagius|137\/324
|
|upkeep
|turn|5
|choice|move thunderwave|move psychic
|
|move|p1a: Mismagius|Thunder Wave|p2a: Mesprit
|-status|p2a: Mesprit|par
|move|p2a: Mesprit|Psychic|p1a: Mismagius
|-damage|p1a: Mismagius|0 fnt
|faint|p1a: Mismagius
|
|upkeep
|choice|switch 6|
|
|switch|p1a: Samurott|Samurott, M|331\/331
|turn|6
|choice|move megahorn|switch 5
|
|switch|p2a: Mantine|Mantine, M|333\/333
|move|p1a: Samurott|Megahorn|p2a: Mantine
|-resisted|p2a: Mantine
|-damage|p2a: Mantine|264\/333
|
|-heal|p2a: Mantine|284\/333|[from] item: Leftovers
|upkeep
|turn|7
|choice|switch 3|move defog
|
|switch|p1a: Lilligant|Lilligant, F|281\/281
|move|p2a: Mantine|Defog|p1a: Lilligant
|-unboost|p1a: Lilligant|evasion|1
|-sideend|p2: Shadestep|spikes|[from] move: Defog|[of] p2a: Mantine
|
|-heal|p2a: Mantine|304\/333|[from] item: Leftovers
|upkeep
|turn|8
|j|marilli
|choice|move quiverdance|move toxic
|
|move|p1a: Lilligant|Quiver Dance|p1a: Lilligant
|-boost|p1a: Lilligant|spa|1
|-boost|p1a: Lilligant|spd|1
|-boost|p1a: Lilligant|spe|1
|move|p2a: Mantine|Toxic|p1a: Lilligant
|-status|p1a: Lilligant|tox
|
|-heal|p2a: Mantine|324\/333|[from] item: Leftovers
|-damage|p1a: Lilligant|264\/281 tox|[from] psn
|upkeep
|turn|9
|choice|move quiverdance|switch 2
|
|switch|p2a: Regice|Regice|351\/351
|move|p1a: Lilligant|Quiver Dance|p1a: Lilligant
|-boost|p1a: Lilligant|spa|1
|-boost|p1a: Lilligant|spd|1
|-boost|p1a: Lilligant|spe|1
|
|-damage|p1a: Lilligant|230\/281 tox|[from] psn
|upkeep
|turn|10
|j|haxxpasgg
|choice|move sleeppowder|move icebeam
|
|move|p1a: Lilligant|Sleep Powder|p2a: Regice
|-status|p2a: Regice|slp
|cant|p2a: Regice|slp
|
|-damage|p1a: Lilligant|179\/281 tox|[from] psn
|upkeep
|turn|11
|choice|move hiddenpower|move icebeam
|
|move|p1a: Lilligant|Hidden Power|p2a: Regice
|-supereffective|p2a: Regice
|-damage|p2a: Regice|161\/351 slp
|-damage|p1a: Lilligant|151\/281 tox|[from] item: Life Orb
|cant|p2a: Regice|slp
|
|-heal|p2a: Regice|182\/351 slp|[from] item: Leftovers
|-damage|p1a: Lilligant|83\/281 tox|[from] psn
|upkeep
|turn|12
|choice|move hiddenpower|move icebeam
|
|move|p1a: Lilligant|Hidden Power|p2a: Regice
|-supereffective|p2a: Regice
|-damage|p2a: Regice|13\/351 slp
|-damage|p1a: Lilligant|55\/281 tox|[from] item: Life Orb
|cant|p2a: Regice|slp
|
|-heal|p2a: Regice|34\/351 slp|[from] item: Leftovers
|-damage|p1a: Lilligant|0 fnt|[from] psn
|upkeep
|faint|p1a: Lilligant
|choice|switch 2|
|
|switch|p1a: Zangoose|Zangoose, M|287\/287
|turn|13
|choice|move facade|move icebeam
|
|move|p1a: Zangoose|Facade|p2a: Regice
|-damage|p2a: Regice|0 fnt
|faint|p2a: Regice
|
|-status|p1a: Zangoose|tox|[from] item: Toxic Orb
|upkeep
|choice||switch 4
|
|switch|p2a: Rhydon|Rhydon, F|411\/411
|turn|14
|choice|move swordsdance|move stealthrock
|
|move|p1a: Zangoose|Swords Dance|p1a: Zangoose
|-boost|p1a: Zangoose|atk|2
|move|p2a: Rhydon|Stealth Rock|p1a: Zangoose
|-sidestart|p1: Ryota Mitarai|move: Stealth Rock
|
|-damage|p1a: Zangoose|270\/287 tox|[from] psn
|upkeep
|turn|15
|choice|move closecombat|move earthquake
|
|move|p1a: Zangoose|Close Combat|p2a: Rhydon
|-supereffective|p2a: Rhydon
|-damage|p2a: Rhydon|0 fnt
|-unboost|p1a: Zangoose|def|1
|-unboost|p1a: Zangoose|spd|1
|faint|p2a: Rhydon
|
|-damage|p1a: Zangoose|236\/287 tox|[from] psn
|upkeep
|choice||switch 3
|
|switch|p2a: Shiftry|Shiftry, F|321\/321
|turn|16
|choice|move facade|move suckerpunch
|
|move|p2a: Shiftry|Sucker Punch|p1a: Zangoose
|-damage|p1a: Zangoose|0 fnt
|faint|p1a: Zangoose
|
|upkeep
|j|elypsol
|choice|switch 5|
|
|switch|p1a: Garbodor|Garbodor, F|364\/364 par
|-damage|p1a: Garbodor|319\/364 par|[from] stealthrock
|turn|17
|choice|move gunkshot|switch 2
|
|switch|p2a: Mantine|Mantine, M|324\/333
|move|p1a: Garbodor|Gunk Shot|p2a: Mantine
|-damage|p2a: Mantine|180\/333
|
|-heal|p2a: Mantine|200\/333|[from] item: Leftovers
|upkeep
|turn|18
|choice|move gunkshot|move scald
|
|move|p2a: Mantine|Scald|p1a: Garbodor
|-damage|p1a: Garbodor|226\/364 par
|move|p1a: Garbodor|Gunk Shot|p2a: Mantine
|-damage|p2a: Mantine|56\/333
|-status|p2a: Mantine|psn
|
|-heal|p2a: Mantine|76\/333 psn|[from] item: Leftovers
|-damage|p2a: Mantine|35\/333 psn|[from] psn
|upkeep
|turn|19
|choice|move gunkshot|move scald
|
|move|p2a: Mantine|Scald|p1a: Garbodor
|-damage|p1a: Garbodor|130\/364 par
|cant|p1a: Garbodor|par
|
|-heal|p2a: Mantine|55\/333 psn|[from] item: Leftovers
|-damage|p2a: Mantine|14\/333 psn|[from] psn
|upkeep
|turn|20
|choice|move gunkshot|move scald
|
|move|p2a: Mantine|Scald|p1a: Garbodor
|-damage|p1a: Garbodor|31\/364 par
|move|p1a: Garbodor|Gunk Shot|p2a: Mantine
|-damage|p2a: Mantine|0 fnt
|faint|p2a: Mantine
|
|upkeep
|choice||switch 6
|
|switch|p2a: Tauros|Tauros, M|291\/291
|-ability|p2a: Tauros|Intimidate|boost
|-unboost|p1a: Garbodor|atk|1
|turn|21
|choice|move spikes|move earthquake
|
|move|p2a: Tauros|Earthquake|p1a: Garbodor
|-supereffective|p1a: Garbodor
|-damage|p1a: Garbodor|0 fnt
|faint|p1a: Garbodor
|
|upkeep
|choice|switch 4|
|
|switch|p1a: Rhydon|Rhydon, M|351\/351
|-damage|p1a: Rhydon|330\/351|[from] stealthrock
|turn|22
|choice|move rockpolish|switch 2
|
|switch|p2a: Shiftry|Shiftry, F|321\/321
|move|p1a: Rhydon|Rock Polish|p1a: Rhydon
|-boost|p1a: Rhydon|spe|2
|
|upkeep
|turn|23
|choice|move stoneedge|move seedbomb
|
|move|p1a: Rhydon|Stone Edge|p2a: Shiftry
|-damage|p2a: Shiftry|41\/321
|move|p2a: Shiftry|Seed Bomb|p1a: Rhydon
|-supereffective|p1a: Rhydon
|-damage|p1a: Rhydon|66\/351
|
|upkeep
|turn|24
|choice|move swordsdance|move suckerpunch
|
|move|p2a: Shiftry|Sucker Punch|p1a: Rhydon|[still]
|-fail|p2a: Shiftry
|move|p1a: Rhydon|Swords Dance|p1a: Rhydon
|-boost|p1a: Rhydon|atk|2
|
|upkeep
|turn|25
|choice|move rockpolish|move suckerpunch
|
|move|p2a: Shiftry|Sucker Punch|p1a: Rhydon|[still]
|-fail|p2a: Shiftry
|move|p1a: Rhydon|Rock Polish|p1a: Rhydon
|-boost|p1a: Rhydon|spe|2
|
|upkeep
|turn|26
|choice|move earthquake|move suckerpunch
|
|move|p2a: Shiftry|Sucker Punch|p1a: Rhydon
|-crit|p1a: Rhydon
|-damage|p1a: Rhydon|0 fnt
|faint|p1a: Rhydon
|
|upkeep
|choice|switch 3|
|
|switch|p1a: Samurott|Samurott, M|331\/331
|-damage|p1a: Samurott|290\/331|[from] stealthrock
|turn|27
|choice|move aquajet|move seedbomb
|
|move|p1a: Samurott|Aqua Jet|p2a: Shiftry
|-resisted|p2a: Shiftry
|-damage|p2a: Shiftry|0 fnt
|faint|p2a: Shiftry
|
|upkeep
|choice||switch 2
|
|switch|p2a: Tauros|Tauros, M|291\/291
|-ability|p2a: Tauros|Intimidate|boost
|-unboost|p1a: Samurott|atk|1
|turn|28
|choice|move swordsdance|move doubleedge
|
|move|p2a: Tauros|Double-Edge|p1a: Samurott
|-damage|p1a: Samurott|91\/331
|-damage|p2a: Tauros|225\/291|[from] Recoil|[of] p1a: Samurott
|move|p1a: Samurott|Swords Dance|p1a: Samurott
|-boost|p1a: Samurott|atk|2
|
|upkeep
|turn|29
|choice|move aquajet|move doubleedge
|
|move|p1a: Samurott|Aqua Jet|p2a: Tauros
|-damage|p2a: Tauros|68\/291
|move|p2a: Tauros|Double-Edge|p1a: Samurott
|-damage|p1a: Samurott|0 fnt
|-damage|p2a: Tauros|38\/291|[from] Recoil|[of] p1a: Samurott
|faint|p1a: Samurott
|
|win|Shadestep
|c|☆Ryota Mitarai|gg
|c|☆Shadestep|gg
|l|haxxpasgg
|l|Ryota Mitarai
|l|Shadestep
|l|Totodile Squad
|j|erisia</script>
</div>
<div class="battle-log battle-log-inline"><div class="inner"><div class="battle-options"></div><div class="inner"><div class="chat"><small>Ryota Mitarai joined.</small></div><div class="chat"><small>Shadestep joined.</small></div><div class=""><small>Format:</small> <br><strong>NU</strong></div><div class=""><small><em>Sleep Clause Mod:</em> Limit one foe put to sleep</small></div><div class=""><small><em>Species Clause:</em> Limit one of each Pokémon</small></div><div class=""><small><em>OHKO Clause:</em> OHKO moves are banned</small></div><div class=""><small><em>Moody Clause:</em> Moody is banned</small></div><div class=""><small><em>Evasion Moves Clause:</em> Evasion moves are banned</small></div><div class=""><small><em>Endless Battle Clause:</em> Forcing endless battles is banned</small></div><div class=""><small><em>HP Percentage Mod:</em> HP is shown in percentages</small></div><div class=""><small><em>Swagger Clause:</em> Swagger is banned</small></div><div class=""><small><em>Baton Pass Clause:</em> Limit one Baton Passer, can't pass Spe and other stats simultaneously</small></div><div class="chat battle-history"><strong>Ryota Mitarai's team:</strong> <em style="color:#445566;display:block;">Zangoose / Garbodor / Lilligant / Rhydon / Mismagius / Samurott</em></div><div class="chat battle-history"><strong>Shadestep's team:</strong> <em style="color:#445566;display:block;">Regice / Mesprit / Shiftry / Rhydon / Mantine / Tauros</em></div><div class="chat"><small>lucianvega joined.</small></div><div class="chat"><small>Totodile Squad joined.</small></div><div class="chat chatmessage-lucianvega"><strong style="color:hsl(158,75%,37.25155031857375%)"><small>+</small><span class="username" data-name="lucianvega">lucianvega</span>:</strong> <em>regice the GOD</em></div><div class="spacer battle-history"><br></div><div class="battle-history">Battle started between Ryota Mitarai and Shadestep!<br></div><div class="spacer battle-history"><br></div><div class="battle-history">Go! <strong>Garbodor</strong>!<br></div><div class="spacer battle-history"><br></div><div class="battle-history">Shadestep sent out <strong>Regice</strong>!<br></div><div class="spacer battle-history"><br></div><h2 class="battle-history">Turn 1</h2><div class="spacer battle-history"><br></div><div class="battle-history">Garbodor used <strong>Spikes</strong>!<br></div><div class="battle-history"><small>Spikes were scattered on the ground all around the opposing team!</small><br></div><div class="spacer battle-history"><br></div><div class="battle-history">The opposing Regice used <strong>Thunder Wave</strong>!<br></div><div class="battle-history"><small>Garbodor is paralyzed! It may be unable to move!</small><br></div><div class="spacer battle-history"><br></div><h2 class="battle-history">Turn 2</h2><div class="spacer battle-history"><br></div><div class="battle-history">Shadestep withdrew Regice!<br></div><div class="battle-history">Shadestep sent out <strong>Mesprit</strong>!<br></div><div class="spacer battle-history"><br></div><div class="battle-history">Garbodor used <strong>Spikes</strong>!<br></div><div class="battle-history"><small>Spikes were scattered on the ground all around the opposing team!</small><br></div><div class="spacer battle-history"><br></div><h2 class="battle-history">Turn 3</h2><div class="spacer battle-history"><br></div><div class="battle-history">The opposing Mesprit used <strong>Calm Mind</strong>!<br></div><div class="battle-history"><small>The opposing Mesprit's Special Attack rose!</small><br></div><div class="battle-history"><small>The opposing Mesprit's Special Defense rose!</small><br></div><div class="spacer battle-history"><br></div><div class="battle-history">Garbodor used <strong>Spikes</strong>!<br></div><div class="battle-history"><small>Spikes were scattered on the ground all around the opposing team!</small><br></div><div class="spacer battle-history"><br></div><h2 class="battle-history">Turn 4</h2><div class="spacer battle-history"><br></div><div class="battle-history">Garbodor, come back!<br></div><div class="battle-history">Go! <strong>Mismagius</strong>!<br></div><div class="spacer battle-history"><br></div><div class="battle-history">The opposing Mesprit used <strong>Psychic</strong>!<br></div><div class="battle-history"><small>(Mismagius lost <abbr title="−187/324">57.7%</abbr> of its health!)</small><br></div><div class="spacer battle-history"><br></div><h2 class="battle-history">Turn 5</h2><div class="spacer battle-history"><br></div><div class="battle-history">Mismagius used <strong>Thunder Wave</strong>!<br></div><div class="battle-history"><small>The opposing Mesprit is paralyzed! It may be unable to move!</small><br></div><div class="spacer battle-history"><br></div><div class="battle-history">The opposing Mesprit used <strong>Psychic</strong>!<br></div><div class="battle-history"><small>(Mismagius lost <abbr title="−137/324">42.3%</abbr> of its health!)</small><br></div><div class="spacer battle-history"><br></div><div class="battle-history">Mismagius fainted!<br></div><div class="spacer battle-history"><br></div><div class="battle-history">Go! <strong>Samurott</strong>!<br></div><div class="spacer battle-history"><br></div><h2 class="battle-history">Turn 6</h2><div class="spacer battle-history"><br></div><div class="battle-history">Shadestep withdrew Mesprit!<br></div><div class="battle-history">Shadestep sent out <strong>Mantine</strong>!<br></div><div class="spacer battle-history"><br></div><div class="battle-history">Samurott used <strong>Megahorn</strong>!<br></div><div class="battle-history"><small>It's not very effective...</small><br></div><div class="battle-history"><small>(The opposing Mantine lost <abbr title="−69/333">20.7%</abbr> of its health!)</small><br></div><div class="spacer battle-history"><br></div><div class="battle-history"><small>The opposing Mantine restored a little HP using its Leftovers!</small><br></div><div class="spacer battle-history"><br></div><h2 class="battle-history">Turn 7</h2><div class="spacer battle-history"><br></div><div class="battle-history">Samurott, come back!<br></div><div class="battle-history">Go! <strong>Lilligant</strong>!<br></div><div class="spacer battle-history"><br></div><div class="battle-history">The opposing Mantine used <strong>Defog</strong>!<br></div><div class="battle-history"><small>Lilligant's evasiveness fell!</small><br></div><div class="battle-history"><small>The spikes disappeared from the ground around the opposing team!</small><br></div><div class="spacer battle-history"><br></div><div class="battle-history"><small>The opposing Mantine restored a little HP using its Leftovers!</small><br></div><div class="spacer battle-history"><br></div><h2 class="battle-history">Turn 8</h2><div class="chat"><small>marilli joined.</small></div><div class="spacer battle-history"><br></div><div class="battle-history">Lilligant used <strong>Quiver Dance</strong>!<br></div><div class="battle-history"><small>Lilligant's Special Attack rose!</small><br></div><div class="battle-history"><small>Lilligant's Special Defense rose!</small><br></div><div class="battle-history"><small>Lilligant's Speed rose!</small><br></div><div class="spacer battle-history"><br></div><div class="battle-history">The opposing Mantine used <strong>Toxic</strong>!<br></div><div class="battle-history"><small>Lilligant was badly poisoned!</small><br></div><div class="spacer battle-history"><br></div><div class="battle-history"><small>The opposing Mantine restored a little HP using its Leftovers!</small><br></div><div class="battle-history"><small>Lilligant was hurt by poison!</small><br></div><div class="spacer battle-history"><br></div><h2 class="battle-history">Turn 9</h2><div class="spacer battle-history"><br></div><div class="battle-history">Shadestep withdrew Mantine!<br></div><div class="battle-history">Shadestep sent out <strong>Regice</strong>!<br></div><div class="spacer battle-history"><br></div><div class="battle-history">Lilligant used <strong>Quiver Dance</strong>!<br></div><div class="battle-history"><small>Lilligant's Special Attack rose!</small><br></div><div class="battle-history"><small>Lilligant's Special Defense rose!</small><br></div><div class="battle-history"><small>Lilligant's Speed rose!</small><br></div><div class="spacer battle-history"><br></div><div class="battle-history"><small>Lilligant was hurt by poison!</small><br></div><div class="spacer battle-history"><br></div><h2 class="battle-history">Turn 10</h2><div class="chat"><small>haxxpasgg joined.</small></div><div class="spacer battle-history"><br></div><div class="battle-history">Lilligant used <strong>Sleep Powder</strong>!<br></div><div class="battle-history"><small>The opposing Regice fell asleep!</small><br></div><div class="spacer battle-history"><br></div><div class="battle-history">The opposing Regice is fast asleep.<br></div><div class="spacer battle-history"><br></div><div class="battle-history"><small>Lilligant was hurt by poison!</small><br></div><div class="spacer battle-history"><br></div><h2 class="battle-history">Turn 11</h2><div class="spacer battle-history"><br></div><div class="battle-history">Lilligant used <strong>Hidden Power</strong>!<br></div><div class="battle-history"><small>It's super effective!</small><br></div><div class="battle-history"><small>(The opposing Regice lost <abbr title="−190/351">54.1%</abbr> of its health!)</small><br></div><div class="battle-history"><small>Lilligant lost some of its HP!</small><br></div><div class="spacer battle-history"><br></div><div class="battle-history">The opposing Regice is fast asleep.<br></div><div class="spacer battle-history"><br></div><div class="battle-history"><small>The opposing Regice restored a little HP using its Leftovers!</small><br></div><div class="battle-history"><small>Lilligant was hurt by poison!</small><br></div><div class="spacer battle-history"><br></div><h2 class="battle-history">Turn 12</h2><div class="spacer battle-history"><br></div><div class="battle-history">Lilligant used <strong>Hidden Power</strong>!<br></div><div class="battle-history"><small>It's super effective!</small><br></div><div class="battle-history"><small>(The opposing Regice lost <abbr title="−169/351">48.1%</abbr> of its health!)</small><br></div><div class="battle-history"><small>Lilligant lost some of its HP!</small><br></div><div class="spacer battle-history"><br></div><div class="battle-history">The opposing Regice is fast asleep.<br></div><div class="spacer battle-history"><br></div><div class="battle-history"><small>The opposing Regice restored a little HP using its Leftovers!</small><br></div><div class="battle-history"><small>Lilligant was hurt by poison!</small><br></div><div class="spacer battle-history"><br></div><div class="battle-history">Lilligant fainted!<br></div><div class="spacer battle-history"><br></div><div class="battle-history">Go! <strong>Zangoose</strong>!<br></div><div class="spacer battle-history"><br></div><h2 class="battle-history">Turn 13</h2><div class="spacer battle-history"><br></div><div class="battle-history">Zangoose used <strong>Facade</strong>!<br></div><div class="battle-history"><small>(The opposing Regice lost <abbr title="−34/351">9.7%</abbr> of its health!)</small><br></div><div class="spacer battle-history"><br></div><div class="battle-history">The opposing Regice fainted!<br></div><div class="spacer battle-history"><br></div><div class="battle-history"><small>Zangoose was badly poisoned!</small><br></div><div class="spacer battle-history"><br></div><div class="battle-history">Shadestep sent out <strong>Rhydon</strong>!<br></div><div class="spacer battle-history"><br></div><h2 class="battle-history">Turn 14</h2><div class="spacer battle-history"><br></div><div class="battle-history">Zangoose used <strong>Swords Dance</strong>!<br></div><div class="battle-history"><small>Zangoose's Attack rose sharply!</small><br></div><div class="spacer battle-history"><br></div><div class="battle-history">The opposing Rhydon used <strong>Stealth Rock</strong>!<br></div><div class="battle-history"><small>Pointed stones float in the air around your team!</small><br></div><div class="spacer battle-history"><br></div><div class="battle-history"><small>Zangoose was hurt by poison!</small><br></div><div class="spacer battle-history"><br></div><h2 class="battle-history">Turn 15</h2><div class="spacer battle-history"><br></div><div class="battle-history">Zangoose used <strong>Close Combat</strong>!<br></div><div class="battle-history"><small>It's super effective!</small><br></div><div class="battle-history"><small>(The opposing Rhydon lost <abbr title="−411/411">100%</abbr> of its health!)</small><br></div><div class="battle-history"><small>Zangoose's Defense fell!</small><br></div><div class="battle-history"><small>Zangoose's Special Defense fell!</small><br></div><div class="spacer battle-history"><br></div><div class="battle-history">The opposing Rhydon fainted!<br></div><div class="spacer battle-history"><br></div><div class="battle-history"><small>Zangoose was hurt by poison!</small><br></div><div class="spacer battle-history"><br></div><div class="battle-history">Shadestep sent out <strong>Shiftry</strong>!<br></div><div class="spacer battle-history"><br></div><h2 class="battle-history">Turn 16</h2><div class="spacer battle-history"><br></div><div class="battle-history">The opposing Shiftry used <strong>Sucker Punch</strong>!<br></div><div class="battle-history"><small>(Zangoose lost <abbr title="−236/287">82.2%</abbr> of its health!)</small><br></div><div class="spacer battle-history"><br></div><div class="battle-history">Zangoose fainted!<br></div><div class="chat"><small>elypsol joined.</small></div><div class="spacer battle-history"><br></div><div class="battle-history">Go! <strong>Garbodor</strong>!<br></div><div class="battle-history"><small>Pointed stones dug into Garbodor!</small><br></div><div class="spacer battle-history"><br></div><h2 class="battle-history">Turn 17</h2><div class="spacer battle-history"><br></div><div class="battle-history">Shadestep withdrew Shiftry!<br></div><div class="battle-history">Shadestep sent out <strong>Mantine</strong>!<br></div><div class="spacer battle-history"><br></div><div class="battle-history">Garbodor used <strong>Gunk Shot</strong>!<br></div><div class="battle-history"><small>(The opposing Mantine lost <abbr title="−144/333">43.2%</abbr> of its health!)</small><br></div><div class="spacer battle-history"><br></div><div class="battle-history"><small>The opposing Mantine restored a little HP using its Leftovers!</small><br></div><div class="spacer battle-history"><br></div><h2 class="battle-history">Turn 18</h2><div class="spacer battle-history"><br></div><div class="battle-history">The opposing Mantine used <strong>Scald</strong>!<br></div><div class="battle-history"><small>(Garbodor lost <abbr title="−93/364">25.5%</abbr> of its health!)</small><br></div><div class="spacer battle-history"><br></div><div class="battle-history">Garbodor used <strong>Gunk Shot</strong>!<br></div><div class="battle-history"><small>(The opposing Mantine lost <abbr title="−144/333">43.2%</abbr> of its health!)</small><br></div><div class="battle-history"><small>The opposing Mantine was poisoned!</small><br></div><div class="spacer battle-history"><br></div><div class="battle-history"><small>The opposing Mantine restored a little HP using its Leftovers!</small><br></div><div class="battle-history"><small>The opposing Mantine was hurt by poison!</small><br></div><div class="spacer battle-history"><br></div><h2 class="battle-history">Turn 19</h2><div class="spacer battle-history"><br></div><div class="battle-history">The opposing Mantine used <strong>Scald</strong>!<br></div><div class="battle-history"><small>(Garbodor lost <abbr title="−96/364">26.4%</abbr> of its health!)</small><br></div><div class="spacer battle-history"><br></div><div class="battle-history">Garbodor is paralyzed! It can't move!<br></div><div class="spacer battle-history"><br></div><div class="battle-history"><small>The opposing Mantine restored a little HP using its Leftovers!</small><br></div><div class="battle-history"><small>The opposing Mantine was hurt by poison!</small><br></div><div class="spacer battle-history"><br></div><h2 class="battle-history">Turn 20</h2><div class="spacer battle-history"><br></div><div class="battle-history">The opposing Mantine used <strong>Scald</strong>!<br></div><div class="battle-history"><small>(Garbodor lost <abbr title="−99/364">27.2%</abbr> of its health!)</small><br></div><div class="spacer battle-history"><br></div><div class="battle-history">Garbodor used <strong>Gunk Shot</strong>!<br></div><div class="battle-history"><small>(The opposing Mantine lost <abbr title="−14/333">4.2%</abbr> of its health!)</small><br></div><div class="spacer battle-history"><br></div><div class="battle-history">The opposing Mantine fainted!<br></div><div class="spacer battle-history"><br></div><div class="battle-history">Shadestep sent out <strong>Tauros</strong>!<br></div><div class="battle-history"><small>[The opposing Tauros's Intimidate]</small><br></div><div class="battle-history"><small>Garbodor's Attack fell!</small><br></div><div class="spacer battle-history"><br></div><h2 class="battle-history">Turn 21</h2><div class="spacer battle-history"><br></div><div class="battle-history">The opposing Tauros used <strong>Earthquake</strong>!<br></div><div class="battle-history"><small>It's super effective!</small><br></div><div class="battle-history"><small>(Garbodor lost <abbr title="−31/364">8.5%</abbr> of its health!)</small><br></div><div class="spacer battle-history"><br></div><div class="battle-history">Garbodor fainted!<br></div><div class="spacer battle-history"><br></div><div class="battle-history">Go! <strong>Rhydon</strong>!<br></div><div class="battle-history"><small>Pointed stones dug into Rhydon!</small><br></div><div class="spacer battle-history"><br></div><h2 class="battle-history">Turn 22</h2><div class="spacer battle-history"><br></div><div class="battle-history">Shadestep withdrew Tauros!<br></div><div class="battle-history">Shadestep sent out <strong>Shiftry</strong>!<br></div><div class="spacer battle-history"><br></div><div class="battle-history">Rhydon used <strong>Rock Polish</strong>!<br></div><div class="battle-history"><small>Rhydon's Speed rose sharply!</small><br></div><div class="spacer battle-history"><br></div><h2 class="battle-history">Turn 23</h2><div class="spacer battle-history"><br></div><div class="battle-history">Rhydon used <strong>Stone Edge</strong>!<br></div><div class="battle-history"><small>(The opposing Shiftry lost <abbr title="−280/321">87.2%</abbr> of its health!)</small><br></div><div class="spacer battle-history"><br></div><div class="battle-history">The opposing Shiftry used <strong>Seed Bomb</strong>!<br></div><div class="battle-history"><small>It's super effective!</small><br></div><div class="battle-history"><small>(Rhydon lost <abbr title="−264/351">75.2%</abbr> of its health!)</small><br></div><div class="spacer battle-history"><br></div><h2 class="battle-history">Turn 24</h2><div class="spacer battle-history"><br></div><div class="battle-history">The opposing Shiftry used <strong>Sucker Punch</strong>!<br></div><div class="battle-history"><small>But it failed!</small><br></div><div class="spacer battle-history"><br></div><div class="battle-history">Rhydon used <strong>Swords Dance</strong>!<br></div><div class="battle-history"><small>Rhydon's Attack rose sharply!</small><br></div><div class="spacer battle-history"><br></div><h2 class="battle-history">Turn 25</h2><div class="spacer battle-history"><br></div><div class="battle-history">The opposing Shiftry used <strong>Sucker Punch</strong>!<br></div><div class="battle-history"><small>But it failed!</small><br></div><div class="spacer battle-history"><br></div><div class="battle-history">Rhydon used <strong>Rock Polish</strong>!<br></div><div class="battle-history"><small>Rhydon's Speed rose sharply!</small><br></div><div class="spacer battle-history"><br></div><h2 class="battle-history">Turn 26</h2><div class="spacer battle-history"><br></div><div class="battle-history">The opposing Shiftry used <strong>Sucker Punch</strong>!<br></div><div class="battle-history"><small>A critical hit!</small><br></div><div class="battle-history"><small>(Rhydon lost <abbr title="−66/351">18.8%</abbr> of its health!)</small><br></div><div class="spacer battle-history"><br></div><div class="battle-history">Rhydon fainted!<br></div><div class="spacer battle-history"><br></div><div class="battle-history">Go! <strong>Samurott</strong>!<br></div><div class="battle-history"><small>Pointed stones dug into Samurott!</small><br></div><div class="spacer battle-history"><br></div><h2 class="battle-history">Turn 27</h2><div class="spacer battle-history"><br></div><div class="battle-history">Samurott used <strong>Aqua Jet</strong>!<br></div><div class="battle-history"><small>It's not very effective...</small><br></div><div class="battle-history"><small>(The opposing Shiftry lost <abbr title="−41/321">12.8%</abbr> of its health!)</small><br></div><div class="spacer battle-history"><br></div><div class="battle-history">The opposing Shiftry fainted!<br></div><div class="spacer battle-history"><br></div><div class="battle-history">Shadestep sent out <strong>Tauros</strong>!<br></div><div class="battle-history"><small>[The opposing Tauros's Intimidate]</small><br></div><div class="battle-history"><small>Samurott's Attack fell!</small><br></div><div class="spacer battle-history"><br></div><h2 class="battle-history">Turn 28</h2><div class="spacer battle-history"><br></div><div class="battle-history">The opposing Tauros used <strong>Double-Edge</strong>!<br></div><div class="battle-history"><small>(Samurott lost <abbr title="−199/331">60.1%</abbr> of its health!)</small><br></div><div class="battle-history"><small>The opposing Tauros is damaged by the recoil!</small><br></div><div class="spacer battle-history"><br></div><div class="battle-history">Samurott used <strong>Swords Dance</strong>!<br></div><div class="battle-history"><small>Samurott's Attack rose sharply!</small><br></div><div class="spacer battle-history"><br></div><h2 class="battle-history">Turn 29</h2><div class="spacer battle-history"><br></div><div class="battle-history">Samurott used <strong>Aqua Jet</strong>!<br></div><div class="battle-history"><small>(The opposing Tauros lost <abbr title="−157/291">54.0%</abbr> of its health!)</small><br></div><div class="spacer battle-history"><br></div><div class="battle-history">The opposing Tauros used <strong>Double-Edge</strong>!<br></div><div class="battle-history"><small>(Samurott lost <abbr title="−91/331">27.5%</abbr> of its health!)</small><br></div><div class="battle-history"><small>The opposing Tauros is damaged by the recoil!</small><br></div><div class="spacer battle-history"><br></div><div class="battle-history">Samurott fainted!<br></div><div class="spacer battle-history"><br></div><div class="battle-history"><strong>Shadestep</strong> won the battle!<br></div><div class="chat chatmessage-ryotamitarai"><strong style="color:hsl(259,84%,56.631884336802884%)"><small>☆</small><span class="username" data-name="Ryota Mitarai">Ryota Mitarai</span>:</strong> <em>gg</em></div><div class="chat chatmessage-shadestep"><strong style="color:hsl(348,69%,49.13556749513967%)"><small>☆</small><span class="username" data-name="Shadestep">Shadestep</span>:</strong> <em>gg</em></div><div class="chat"><small>haxxpasgg left.</small></div><div class="chat"><small>Ryota Mitarai left.</small></div><div class="chat"><small>Shadestep left.</small></div><div class="chat"><small>Totodile Squad left.</small></div><div class="chat"><small>erisia joined.</small></div></div><div class="inner-preempt"></div></div></div>
</div>
<script>
let daily = Math.floor(Date.now()/1000/60/60/24);document.write('<script src="https://play.pokemonshowdown.com/js/replay-embed.js?version'+daily+'"></'+'script>');
</script>
