<!DOCTYPE html>
<meta charset="utf-8" />
<!-- version 1 -->
<title>NU replay: LCezasfuck vs. AcMarsh</title>
<style>
html,body {font-family:Verdana, sans-serif;font-size:10pt;margin:0;padding:0;}body{padding:12px 0;} .battle-log {font-family:Verdana, sans-serif;font-size:10pt;} .battle-log-inline {border:1px solid #AAAAAA;background:#EEF2F5;color:black;max-width:640px;margin:0 auto 80px;padding-bottom:5px;} .battle-log .inner {padding:4px 8px 0px 8px;} .battle-log .inner-preempt {padding:0 8px 4px 8px;} .battle-log .inner-after {margin-top:0.5em;} .battle-log h2 {margin:0.5em -8px;padding:4px 8px;border:1px solid #AAAAAA;background:#E0E7EA;border-left:0;border-right:0;font-family:Verdana, sans-serif;font-size:13pt;} .battle-log .chat {vertical-align:middle;padding:3px 0 3px 0;font-size:8pt;} .battle-log .chat strong {color:#40576A;} .battle-log .chat em {padding:1px 4px 1px 3px;color:#000000;font-style:normal;} .chat.mine {background:rgba(0,0,0,0.05);margin-left:-8px;margin-right:-8px;padding-left:8px;padding-right:8px;} .spoiler {color:#BBBBBB;background:#BBBBBB;padding:0px 3px;} .spoiler:hover, .spoiler:active, .spoiler-shown {color:#000000;background:#E2E2E2;padding:0px 3px;} .spoiler a {color:#BBBBBB;} .spoiler:hover a, .spoiler:active a, .spoiler-shown a {color:#2288CC;} .chat code, .chat .spoiler:hover code, .chat .spoiler:active code, .chat .spoiler-shown code {border:1px solid #C0C0C0;background:#EEEEEE;color:black;padding:0 2px;} .chat .spoiler code {border:1px solid #CCCCCC;background:#CCCCCC;color:#CCCCCC;} .battle-log .rated {padding:3px 4px;} .battle-log .rated strong {color:white;background:#89A;padding:1px 4px;border-radius:4px;} .spacer {margin-top:0.5em;} .message-announce {background:#6688AA;color:white;padding:1px 4px 2px;} .message-announce a, .broadcast-green a, .broadcast-blue a, .broadcast-red a {color:#DDEEFF;} .broadcast-green {background-color:#559955;color:white;padding:2px 4px;} .broadcast-blue {background-color:#6688AA;color:white;padding:2px 4px;} .infobox {border:1px solid #6688AA;padding:2px 4px;} .infobox-limited {max-height:200px;overflow:auto;overflow-x:hidden;} .broadcast-red {background-color:#AA5544;color:white;padding:2px 4px;} .message-learn-canlearn {font-weight:bold;color:#228822;text-decoration:underline;} .message-learn-cannotlearn {font-weight:bold;color:#CC2222;text-decoration:underline;} .message-effect-weak {font-weight:bold;color:#CC2222;} .message-effect-resist {font-weight:bold;color:#6688AA;} .message-effect-immune {font-weight:bold;color:#666666;} .message-learn-list {margin-top:0;margin-bottom:0;} .message-throttle-notice, .message-error {color:#992222;} .message-overflow, .chat small.message-overflow {font-size:0pt;} .message-overflow::before {font-size:9pt;content:'...';} .subtle {color:#3A4A66;}
</style>
<div class="wrapper replay-wrapper" style="max-width:1180px;margin:0 auto">
<input type="hidden" name="replayid" value="nu-521518157" />
<div class="battle"></div><div class="battle-log"></div><div class="replay-controls"></div><div class="replay-controls-2"></div>
<h1 style="font-weight:normal;text-align:center"><strong>NU</strong><br /><a href="http://pokemonshowdown.com/users/lcezasfuck" class="subtle" target="_blank">LCezasfuck</a> vs. <a href="http://pokemonshowdown.com/users/acmarsh" class="subtle" target="_blank">AcMarsh</a></h1>
<script type="text/plain" class="battle-log-data">|j|LCezasfuck
|j|AcMarsh
|player|p1|LCezasfuck|184
|player|p2|AcMarsh|144
|gametype|singles
|gen|6
|tier|NU
|rated
|seed|15362,45855,48542,61405
|rule|Sleep Clause Mod: Limit one foe put to sleep
|rule|Species Clause: Limit one of each Pokémon
|rule|OHKO Clause: OHKO moves are banned
|rule|Moody Clause: Moody is banned
|rule|Evasion Moves Clause: Evasion moves are banned
|rule|Endless Battle Clause: Forcing endless battles is banned
|rule|HP Percentage Mod: HP is shown in percentages
|clearpoke
|poke|p1|Pelipper, F|item
|poke|p1|Ferroseed, F|item
|poke|p1|Miltank, F|item
|poke|p1|Scyther, F|item
|poke|p1|Swellow, F|item
|poke|p1|Misdreavus, M|item
|poke|p2|Mismagius, F|item
|poke|p2|Zebstrika, M|item
|poke|p2|Xatu, M|item
|poke|p2|Steelix, M, shiny|item
|poke|p2|Cryogonal, shiny|item
|poke|p2|Audino, F|item
|rule|Swagger Clause: Swagger is banned
|rule|Baton Pass Clause: Limit one Baton Passer, can't pass Spe and other stats simultaneously
|teampreview
|choice|team 5, team 2, team 3, team 4, team 1, team 6|team 6, team 2, team 3, team 4, team 5, team 1
|
|start
|switch|p1a: Swellow|Swellow, F|261\/261
|switch|p2a: Raine|Audino, F|410\/410
|turn|1
|choice|move uturn|move dazzlinggleam mega
|
|detailschange|p2a: Raine|Audino-Mega, F
|-mega|p2a: Raine|Audino|Audinite
|move|p1a: Swellow|U-turn|p2a: Raine
|-resisted|p2a: Raine
|-damage|p2a: Raine|396\/410
|choice|switch 6|
|
|switch|p1a: Misdreavus|Misdreavus, M|324\/324
|move|p2a: Raine|Dazzling Gleam|p1a: Misdreavus
|-damage|p1a: Misdreavus|279\/324
|
|upkeep
|turn|2
|choice|switch 4|switch 2
|
|switch|p1a: Scyther|Scyther, F|281\/281
|switch|p2a: Noïshe|Zebstrika, M|291\/291
|
|upkeep
|turn|3
|choice|switch 3|move pursuit
|
|-activate|p1a: Scyther|move: Pursuit
|move|p2a: Noïshe|Pursuit|p1a: Scyther|[from]Pursuit
|-damage|p1a: Scyther|198\/281
|-damage|p2a: Noïshe|262\/291|[from] item: Life Orb
|switch|p1a: Miltank|Miltank, F|394\/394
|
|upkeep
|turn|4
|choice|move bodyslam|move voltswitch
|
|move|p2a: Noïshe|Volt Switch|p1a: Miltank
|-damage|p1a: Miltank|304\/394
|-damage|p2a: Noïshe|233\/291|[from] item: Life Orb
|choice||switch 6
|
|switch|p2a: Rita|Mismagius, F|261\/261
|move|p1a: Miltank|Body Slam|p2a: Rita
|-immune|p2a: Rita|[msg]
|
|-heal|p1a: Miltank|328\/394|[from] item: Leftovers
|upkeep
|turn|5
|choice|move stealthrock|switch 4
|
|switch|p2a: Flynn|Steelix, M, shiny|292\/292
|move|p1a: Miltank|Stealth Rock|p2a: Flynn
|-sidestart|p2: AcMarsh|move: Stealth Rock
|
|-heal|p1a: Miltank|352\/394|[from] item: Leftovers
|upkeep
|turn|6
|choice|switch 5|move stealthrock
|
|switch|p1a: Pelipper|Pelipper, F|324\/324
|move|p2a: Flynn|Stealth Rock|p1a: Pelipper
|-sidestart|p1: LCezasfuck|move: Stealth Rock
|
|upkeep
|turn|7
|choice|move scald|switch 2
|
|switch|p2a: Raine|Audino-Mega, F|396\/410
|-damage|p2a: Raine|345\/410|[from] Stealth Rock
|move|p1a: Pelipper|Scald|p2a: Raine
|-damage|p2a: Raine|275\/410
|-status|p2a: Raine|brn
|
|-damage|p2a: Raine|224\/410 brn|[from] brn
|upkeep
|turn|8
|choice|move defog|move wish
|
|move|p1a: Pelipper|Defog|p2a: Raine
|-unboost|p2a: Raine|evasion|1
|-sideend|p2: AcMarsh|Stealth Rock|[from] move: Defog|[of] p2a: Raine
|-sideend|p1: LCezasfuck|Stealth Rock|[from] move: Defog|[of] p1a: Pelipper
|move|p2a: Raine|Wish|p2a: Raine
|
|-damage|p2a: Raine|173\/410 brn|[from] brn
|upkeep
|turn|9
|choice|switch 4|move healbell
|
|switch|p1a: Misdreavus|Misdreavus, M|279\/324
|move|p2a: Raine|Heal Bell|p2a: Raine
|-activate|p2a: Raine|move: Heal Bell
|-curestatus|p2a: Raine|brn|[msg]
|
|-heal|p2a: Raine|378\/410|[from] move: Wish|[wisher] Raine
|upkeep
|turn|10
|choice|move willowisp|switch 5
|
|switch|p2a: Grey|Cryogonal, shiny|344\/344
|move|p1a: Misdreavus|Will-O-Wisp|p2a: Grey
|-status|p2a: Grey|brn
|
|-damage|p2a: Grey|301\/344 brn|[from] brn
|upkeep
|turn|11
|choice|move confuseray|move knockoff
|
|move|p2a: Grey|Knock Off|p1a: Misdreavus
|-supereffective|p1a: Misdreavus
|-damage|p1a: Misdreavus|243\/324
|-enditem|p1a: Misdreavus|Eviolite|[from] move: Knock Off|[of] p2a: Grey
|move|p1a: Misdreavus|Confuse Ray|p2a: Grey
|-start|p2a: Grey|confusion
|
|-heal|p2a: Grey|322\/344 brn|[from] item: Leftovers
|-damage|p2a: Grey|279\/344 brn|[from] brn
|upkeep
|turn|12
|c|★LCezasfuck|.....
|c|★LCezasfuck|WTF
|choice|switch 5|switch 5
|
|switch|p2a: Raine|Audino-Mega, F|378\/410
|switch|p1a: Miltank|Miltank, F|352\/394
|
|-heal|p1a: Miltank|376\/394|[from] item: Leftovers
|upkeep
|turn|13
|choice|move stealthrock|switch 3
|
|switch|p2a: Genis|Xatu, M|334\/334
|move|p1a: Miltank|Stealth Rock|p2a: Genis
|move|p2a: Genis|Stealth Rock|p1a: Miltank|[from]Magic Bounce
|-sidestart|p1: LCezasfuck|move: Stealth Rock
|
|-heal|p1a: Miltank|394\/394|[from] item: Leftovers
|upkeep
|turn|14
|choice|move bodyslam|move thunderwave
|
|move|p2a: Genis|Thunder Wave|p1a: Miltank
|-status|p1a: Miltank|par
|cant|p1a: Miltank|par
|
|upkeep
|turn|15
|choice|move stealthrock|move uturn
|
|move|p2a: Genis|U-turn|p1a: Miltank
|-damage|p1a: Miltank|357\/394 par
|choice||switch 3
|
|switch|p2a: Raine|Audino-Mega, F|378\/410
|move|p1a: Miltank|Stealth Rock|p2a: Raine
|-sidestart|p2: AcMarsh|move: Stealth Rock
|
|-heal|p1a: Miltank|381\/394 par|[from] item: Leftovers
|upkeep
|turn|16
|choice|move bodyslam|move healbell
|
|move|p2a: Raine|Heal Bell|p2a: Raine
|-activate|p2a: Raine|move: Heal Bell
|-curestatus|p2: Grey|brn|[msg]
|move|p1a: Miltank|Body Slam|p2a: Raine
|-damage|p2a: Raine|327\/410
|
|-heal|p1a: Miltank|394\/394 par|[from] item: Leftovers
|upkeep
|turn|17
|choice|switch 4|switch 2
|
|switch|p2a: Flynn|Steelix, M, shiny|292\/292
|-damage|p2a: Flynn|283\/292|[from] Stealth Rock
|switch|p1a: Pelipper|Pelipper, F|324\/324
|-damage|p1a: Pelipper|243\/324|[from] Stealth Rock
|
|-heal|p1a: Pelipper|263\/324|[from] item: Leftovers
|-heal|p2a: Flynn|292\/292|[from] item: Leftovers
|upkeep
|turn|18
|choice|move scald|move toxic
|
|move|p1a: Pelipper|Scald|p2a: Flynn
|-supereffective|p2a: Flynn
|-damage|p2a: Flynn|136\/292
|-status|p2a: Flynn|brn
|move|p2a: Flynn|Toxic|p1a: Pelipper
|-status|p1a: Pelipper|tox
|
|-heal|p1a: Pelipper|283\/324 tox|[from] item: Leftovers
|-heal|p2a: Flynn|154\/292 brn|[from] item: Leftovers
|-damage|p1a: Pelipper|263\/324 tox|[from] psn
|-damage|p2a: Flynn|118\/292 brn|[from] brn
|upkeep
|turn|19
|choice|move defog|switch 2
|
|switch|p2a: Raine|Audino-Mega, F|327\/410
|-damage|p2a: Raine|276\/410|[from] Stealth Rock
|move|p1a: Pelipper|Defog|p2a: Raine
|-unboost|p2a: Raine|evasion|1
|-sideend|p2: AcMarsh|Stealth Rock|[from] move: Defog|[of] p2a: Raine
|-sideend|p1: LCezasfuck|Stealth Rock|[from] move: Defog|[of] p1a: Pelipper
|
|-heal|p1a: Pelipper|283\/324 tox|[from] item: Leftovers
|-damage|p1a: Pelipper|243\/324 tox|[from] psn
|upkeep
|turn|20
|choice|switch 4|move healbell
|
|switch|p1a: Miltank|Miltank, F|394\/394 par
|move|p2a: Raine|Heal Bell|p2a: Raine
|-activate|p2a: Raine|move: Heal Bell
|-curestatus|p2: Flynn|brn|[msg]
|
|upkeep
|turn|21
|choice|move bodyslam|switch 6
|
|switch|p2a: Noïshe|Zebstrika, M|233\/291
|move|p1a: Miltank|Body Slam|p2a: Noïshe
|-damage|p2a: Noïshe|98\/291
|
|upkeep
|turn|22
|choice|move healbell|move wildcharge
|
|move|p2a: Noïshe|Wild Charge|p1a: Miltank
|-damage|p1a: Miltank|238\/394 par
|-damage|p2a: Noïshe|59\/291|[from] recoil|[of] p1a: Miltank
|-damage|p2a: Noïshe|30\/291|[from] item: Life Orb
|cant|p1a: Miltank|par
|
|-heal|p1a: Miltank|262\/394 par|[from] item: Leftovers
|upkeep
|turn|23
|choice|move milkdrink|move wildcharge
|
|move|p2a: Noïshe|Wild Charge|p1a: Miltank
|-damage|p1a: Miltank|85\/394 par
|-damage|p2a: Noïshe|0 fnt|[from] recoil|[of] p1a: Miltank
|faint|p2a: Noïshe
|move|p1a: Miltank|Milk Drink|p1a: Miltank
|-heal|p1a: Miltank|282\/394 par
|
|-heal|p1a: Miltank|306\/394 par|[from] item: Leftovers
|upkeep
|choice||switch 5
|
|switch|p2a: Grey|Cryogonal, shiny|279\/344
|turn|24
|choice|move healbell|move freezedry
|
|move|p2a: Grey|Freeze-Dry|p1a: Miltank
|-damage|p1a: Miltank|269\/394 par
|move|p1a: Miltank|Heal Bell|p1a: Miltank
|-activate|p1a: Miltank|move: Heal Bell
|-curestatus|p1a: Miltank|par|[msg]
|-curestatus|p1: Pelipper|tox|[msg]
|
|-heal|p2a: Grey|300\/344|[from] item: Leftovers
|-heal|p1a: Miltank|293\/394|[from] item: Leftovers
|upkeep
|turn|25
|choice|move bodyslam|switch 4
|
|switch|p2a: Rita|Mismagius, F|261\/261
|move|p1a: Miltank|Body Slam|p2a: Rita
|-immune|p2a: Rita|[msg]
|
|-heal|p1a: Miltank|317\/394|[from] item: Leftovers
|upkeep
|turn|26
|choice|move bodyslam|move dazzlinggleam
|
|move|p2a: Rita|Dazzling Gleam|p1a: Miltank
|-crit|p1a: Miltank
|-damage|p1a: Miltank|160\/394
|-damage|p2a: Rita|235\/261|[from] item: Life Orb
|move|p1a: Miltank|Body Slam|p2a: Rita
|-immune|p2a: Rita|[msg]
|
|-heal|p1a: Miltank|184\/394|[from] item: Leftovers
|upkeep
|turn|27
|choice|move milkdrink|move energyball
|
|move|p2a: Rita|Energy Ball|p1a: Miltank
|-damage|p1a: Miltank|72\/394
|-damage|p2a: Rita|209\/261|[from] item: Life Orb
|move|p1a: Miltank|Milk Drink|p1a: Miltank
|-heal|p1a: Miltank|269\/394
|
|-heal|p1a: Miltank|293\/394|[from] item: Leftovers
|upkeep
|turn|28
|choice|move stealthrock|move energyball
|
|move|p2a: Rita|Energy Ball|p1a: Miltank
|-damage|p1a: Miltank|193\/394
|-damage|p2a: Rita|183\/261|[from] item: Life Orb
|move|p1a: Miltank|Stealth Rock|p2a: Rita
|-sidestart|p2: AcMarsh|move: Stealth Rock
|
|-heal|p1a: Miltank|217\/394|[from] item: Leftovers
|upkeep
|turn|29
|-message|AcMarsh forfeited.
|
|win|LCezasfuck
|player|p1
|player|p2
|l|AcMarsh
|raw|LCezasfuck's rating: 1444 &rarr; <strong>1451<\/strong><br \/>(+7 for winning)
|raw|AcMarsh's rating: 1155 &rarr; <strong>1147<\/strong><br \/>(-8 for losing)</script>
</div>
<div class="battle-log battle-log-inline"><div class="inner"><div class="battle-options"></div><div class="inner"><div class="chat"><small>LCezasfuck joined.</small></div><div class="chat"><small>AcMarsh joined.</small></div><div class=""><small>Format:</small> <br><strong>NU</strong></div><div class="rated"><strong>Rated battle</strong></div><div class=""><small><em>Sleep Clause Mod:</em> Limit one foe put to sleep</small></div><div class=""><small><em>Species Clause:</em> Limit one of each Pokémon</small></div><div class=""><small><em>OHKO Clause:</em> OHKO moves are banned</small></div><div class=""><small><em>Moody Clause:</em> Moody is banned</small></div><div class=""><small><em>Evasion Moves Clause:</em> Evasion moves are banned</small></div><div class=""><small><em>Endless Battle Clause:</em> Forcing endless battles is banned</small></div><div class=""><small><em>HP Percentage Mod:</em> HP is shown in percentages</small></div><div class=""><small><em>Swagger Clause:</em> Swagger is banned</small></div><div class=""><small><em>Baton Pass Clause:</em> Limit one Baton Passer, can't pass Spe and other stats simultaneously</small></div><div class="chat battle-history"><strong>LCezasfuck's team:</strong> <em style="color:#445566;display:block;">Pelipper / Ferroseed / Miltank / Scyther / Swellow / Misdreavus</em></div><div class="chat battle-history"><strong>AcMarsh's team:</strong> <em style="color:#445566;display:block;">Mismagius / Zebstrika / Xatu / Steelix / Cryogonal / Audino</em></div><div class="spacer battle-history"><br></div><div class="battle-history">Battle started between LCezasfuck and AcMarsh!<br></div><div class="spacer battle-history"><br></div><div class="battle-history">Go! <strong>Swellow</strong>!<br></div><div class="spacer battle-history"><br></div><div class="battle-history">AcMarsh sent out Raine (<strong>Audino</strong>)!<br></div><div class="spacer battle-history"><br></div><h2 class="battle-history">Turn 1</h2><div class="spacer battle-history"><br></div><div class="battle-history"><small>The opposing Raine's Audinite is reacting to AcMarsh's Mega Bracelet!</small><br>The opposing Raine has Mega Evolved into Mega Audino!<br></div><div class="spacer battle-history"><br></div><div class="battle-history">Swellow used <strong>U-turn</strong>!<br></div><div class="battle-history"><small>It's not very effective...</small><br></div><div class="battle-history"><small>(The opposing Raine lost <abbr title="−14/410">3.4%</abbr> of its health!)</small><br></div><div class="spacer battle-history"><br></div><div class="battle-history">Swellow went back to LCezasfuck!<br></div><div class="battle-history">Go! <strong>Misdreavus</strong>!<br></div><div class="spacer battle-history"><br></div><div class="battle-history">The opposing Raine used <strong>Dazzling Gleam</strong>!<br></div><div class="battle-history"><small>(Misdreavus lost <abbr title="−45/324">13.9%</abbr> of its health!)</small><br></div><div class="spacer battle-history"><br></div><h2 class="battle-history">Turn 2</h2><div class="spacer battle-history"><br></div><div class="battle-history">Misdreavus, come back!<br></div><div class="battle-history">Go! <strong>Scyther</strong>!<br></div><div class="spacer battle-history"><br></div><div class="battle-history">AcMarsh withdrew Raine!<br></div><div class="battle-history">AcMarsh sent out Noïshe (<strong>Zebstrika</strong>)!<br></div><div class="spacer battle-history"><br></div><h2 class="battle-history">Turn 3</h2><div class="spacer battle-history"><br></div><div class="battle-history"><small>(Scyther is being withdrawn...)</small><br></div><div class="spacer battle-history"><br></div><div class="battle-history">The opposing Noïshe used <strong>Pursuit</strong>!<br></div><div class="battle-history"><small>(Scyther lost <abbr title="−83/281">29.5%</abbr> of its health!)</small><br></div><div class="battle-history"><small>The opposing Noïshe lost some of its HP!</small><br></div><div class="spacer battle-history"><br></div><div class="battle-history">Scyther, come back!<br></div><div class="battle-history">Go! <strong>Miltank</strong>!<br></div><div class="spacer battle-history"><br></div><h2 class="battle-history">Turn 4</h2><div class="spacer battle-history"><br></div><div class="battle-history">The opposing Noïshe used <strong>Volt Switch</strong>!<br></div><div class="battle-history"><small>(Miltank lost <abbr title="−90/394">22.8%</abbr> of its health!)</small><br></div><div class="battle-history"><small>The opposing Noïshe lost some of its HP!</small><br></div><div class="spacer battle-history"><br></div><div class="battle-history">The opposing Noïshe went back to AcMarsh!<br></div><div class="battle-history">AcMarsh sent out Rita (<strong>Mismagius</strong>)!<br></div><div class="spacer battle-history"><br></div><div class="battle-history">Miltank used <strong>Body Slam</strong>!<br></div><div class="battle-history"><small>It doesn't affect the opposing Rita...</small><br></div><div class="spacer battle-history"><br></div><div class="battle-history"><small>Miltank restored a little HP using its Leftovers!</small><br></div><div class="spacer battle-history"><br></div><h2 class="battle-history">Turn 5</h2><div class="spacer battle-history"><br></div><div class="battle-history">AcMarsh withdrew Rita!<br></div><div class="battle-history">AcMarsh sent out Flynn (<strong>Steelix</strong>)!<br></div><div class="spacer battle-history"><br></div><div class="battle-history">Miltank used <strong>Stealth Rock</strong>!<br></div><div class="battle-history"><small>Pointed stones float in the air around the opposing team!</small><br></div><div class="spacer battle-history"><br></div><div class="battle-history"><small>Miltank restored a little HP using its Leftovers!</small><br></div><div class="spacer battle-history"><br></div><h2 class="battle-history">Turn 6</h2><div class="spacer battle-history"><br></div><div class="battle-history">Miltank, come back!<br></div><div class="battle-history">Go! <strong>Pelipper</strong>!<br></div><div class="spacer battle-history"><br></div><div class="battle-history">The opposing Flynn used <strong>Stealth Rock</strong>!<br></div><div class="battle-history"><small>Pointed stones float in the air around your team!</small><br></div><div class="spacer battle-history"><br></div><h2 class="battle-history">Turn 7</h2><div class="spacer battle-history"><br></div><div class="battle-history">AcMarsh withdrew Flynn!<br></div><div class="battle-history">AcMarsh sent out Raine (<strong>Audino-Mega</strong>)!<br></div><div class="battle-history"><small>Pointed stones dug into the opposing Raine!</small><br></div><div class="spacer battle-history"><br></div><div class="battle-history">Pelipper used <strong>Scald</strong>!<br></div><div class="battle-history"><small>(The opposing Raine lost <abbr title="−70/410">17.1%</abbr> of its health!)</small><br></div><div class="battle-history"><small>The opposing Raine was burned!</small><br></div><div class="spacer battle-history"><br></div><div class="battle-history"><small>The opposing Raine was hurt by its burn!</small><br></div><div class="spacer battle-history"><br></div><h2 class="battle-history">Turn 8</h2><div class="spacer battle-history"><br></div><div class="battle-history">Pelipper used <strong>Defog</strong>!<br></div><div class="battle-history"><small>The opposing Raine's evasiveness fell!</small><br></div><div class="battle-history"><small>The pointed stones disappeared from around the opposing team!</small><br></div><div class="battle-history"><small>The pointed stones disappeared from around your team!</small><br></div><div class="spacer battle-history"><br></div><div class="battle-history">The opposing Raine used <strong>Wish</strong>!<br></div><div class="spacer battle-history"><br></div><div class="battle-history"><small>The opposing Raine was hurt by its burn!</small><br></div><div class="spacer battle-history"><br></div><h2 class="battle-history">Turn 9</h2><div class="spacer battle-history"><br></div><div class="battle-history">Pelipper, come back!<br></div><div class="battle-history">Go! <strong>Misdreavus</strong>!<br></div><div class="spacer battle-history"><br></div><div class="battle-history">The opposing Raine used <strong>Heal Bell</strong>!<br></div><div class="battle-history"><small>A bell chimed!</small><br></div><div class="battle-history"><small>The opposing Raine's burn was healed.</small><br></div><div class="spacer battle-history"><br></div><div class="battle-history"><small>Raine's wish came true!</small><br></div><div class="spacer battle-history"><br></div><h2 class="battle-history">Turn 10</h2><div class="spacer battle-history"><br></div><div class="battle-history">AcMarsh withdrew Raine!<br></div><div class="battle-history">AcMarsh sent out Grey (<strong>Cryogonal</strong>)!<br></div><div class="spacer battle-history"><br></div><div class="battle-history">Misdreavus used <strong>Will-O-Wisp</strong>!<br></div><div class="battle-history"><small>The opposing Grey was burned!</small><br></div><div class="spacer battle-history"><br></div><div class="battle-history"><small>The opposing Grey was hurt by its burn!</small><br></div><div class="spacer battle-history"><br></div><h2 class="battle-history">Turn 11</h2><div class="spacer battle-history"><br></div><div class="battle-history">The opposing Grey used <strong>Knock Off</strong>!<br></div><div class="battle-history"><small>It's super effective!</small><br></div><div class="battle-history"><small>(Misdreavus lost <abbr title="−36/324">11.1%</abbr> of its health!)</small><br></div><div class="battle-history"><small>The opposing Grey knocked off Misdreavus's Eviolite!</small><br></div><div class="spacer battle-history"><br></div><div class="battle-history">Misdreavus used <strong>Confuse Ray</strong>!<br></div><div class="battle-history"><small>The opposing Grey became confused!</small><br></div><div class="spacer battle-history"><br></div><div class="battle-history"><small>The opposing Grey restored a little HP using its Leftovers!</small><br></div><div class="battle-history"><small>The opposing Grey was hurt by its burn!</small><br></div><div class="spacer battle-history"><br></div><h2 class="battle-history">Turn 12</h2><div class="chat chatmessage-lcezasfuck"><strong style="color:hsl(63,60%,38.09380051909%)"><small>★</small><span class="username" data-name="LCezasfuck">LCezasfuck</span>:</strong> <em>.....</em></div><div class="chat chatmessage-lcezasfuck"><strong style="color:hsl(63,60%,38.09380051909%)"><small>★</small><span class="username" data-name="LCezasfuck">LCezasfuck</span>:</strong> <em>WTF</em></div><div class="spacer battle-history"><br></div><div class="battle-history">AcMarsh withdrew Grey!<br></div><div class="battle-history">AcMarsh sent out Raine (<strong>Audino-Mega</strong>)!<br></div><div class="spacer battle-history"><br></div><div class="battle-history">Misdreavus, come back!<br></div><div class="battle-history">Go! <strong>Miltank</strong>!<br></div><div class="spacer battle-history"><br></div><div class="battle-history"><small>Miltank restored a little HP using its Leftovers!</small><br></div><div class="spacer battle-history"><br></div><h2 class="battle-history">Turn 13</h2><div class="spacer battle-history"><br></div><div class="battle-history">AcMarsh withdrew Raine!<br></div><div class="battle-history">AcMarsh sent out Genis (<strong>Xatu</strong>)!<br></div><div class="spacer battle-history"><br></div><div class="battle-history">Miltank used <strong>Stealth Rock</strong>!<br></div><div class="spacer battle-history"><br></div><div class="battle-history"><small>[The opposing Genis's Magic Bounce]</small><br>The opposing Genis bounced the Stealth Rock back!<br></div><div class="battle-history"><small>Pointed stones float in the air around your team!</small><br></div><div class="spacer battle-history"><br></div><div class="battle-history"><small>Miltank restored a little HP using its Leftovers!</small><br></div><div class="spacer battle-history"><br></div><h2 class="battle-history">Turn 14</h2><div class="spacer battle-history"><br></div><div class="battle-history">The opposing Genis used <strong>Thunder Wave</strong>!<br></div><div class="battle-history"><small>Miltank is paralyzed! It may be unable to move!</small><br></div><div class="spacer battle-history"><br></div><div class="battle-history">Miltank is paralyzed! It can't move!<br></div><div class="spacer battle-history"><br></div><h2 class="battle-history">Turn 15</h2><div class="spacer battle-history"><br></div><div class="battle-history">The opposing Genis used <strong>U-turn</strong>!<br></div><div class="battle-history"><small>(Miltank lost <abbr title="−37/394">9.4%</abbr> of its health!)</small><br></div><div class="spacer battle-history"><br></div><div class="battle-history">The opposing Genis went back to AcMarsh!<br></div><div class="battle-history">AcMarsh sent out Raine (<strong>Audino-Mega</strong>)!<br></div><div class="spacer battle-history"><br></div><div class="battle-history">Miltank used <strong>Stealth Rock</strong>!<br></div><div class="battle-history"><small>Pointed stones float in the air around the opposing team!</small><br></div><div class="spacer battle-history"><br></div><div class="battle-history"><small>Miltank restored a little HP using its Leftovers!</small><br></div><div class="spacer battle-history"><br></div><h2 class="battle-history">Turn 16</h2><div class="spacer battle-history"><br></div><div class="battle-history">The opposing Raine used <strong>Heal Bell</strong>!<br></div><div class="battle-history"><small>A bell chimed!</small><br></div><div class="battle-history"><small>The opposing Grey's burn was healed.</small><br></div><div class="spacer battle-history"><br></div><div class="battle-history">Miltank used <strong>Body Slam</strong>!<br></div><div class="battle-history"><small>(The opposing Raine lost <abbr title="−51/410">12.4%</abbr> of its health!)</small><br></div><div class="spacer battle-history"><br></div><div class="battle-history"><small>Miltank restored a little HP using its Leftovers!</small><br></div><div class="spacer battle-history"><br></div><h2 class="battle-history">Turn 17</h2><div class="spacer battle-history"><br></div><div class="battle-history">AcMarsh withdrew Raine!<br></div><div class="battle-history">AcMarsh sent out Flynn (<strong>Steelix</strong>)!<br></div><div class="battle-history"><small>Pointed stones dug into the opposing Flynn!</small><br></div><div class="spacer battle-history"><br></div><div class="battle-history">Miltank, come back!<br></div><div class="battle-history">Go! <strong>Pelipper</strong>!<br></div><div class="battle-history"><small>Pointed stones dug into Pelipper!</small><br></div><div class="spacer battle-history"><br></div><div class="battle-history"><small>Pelipper restored a little HP using its Leftovers!</small><br></div><div class="battle-history"><small>The opposing Flynn restored a little HP using its Leftovers!</small><br></div><div class="spacer battle-history"><br></div><h2 class="battle-history">Turn 18</h2><div class="spacer battle-history"><br></div><div class="battle-history">Pelipper used <strong>Scald</strong>!<br></div><div class="battle-history"><small>It's super effective!</small><br></div><div class="battle-history"><small>(The opposing Flynn lost <abbr title="−156/292">53.4%</abbr> of its health!)</small><br></div><div class="battle-history"><small>The opposing Flynn was burned!</small><br></div><div class="spacer battle-history"><br></div><div class="battle-history">The opposing Flynn used <strong>Toxic</strong>!<br></div><div class="battle-history"><small>Pelipper was badly poisoned!</small><br></div><div class="spacer battle-history"><br></div><div class="battle-history"><small>Pelipper restored a little HP using its Leftovers!</small><br></div><div class="battle-history"><small>The opposing Flynn restored a little HP using its Leftovers!</small><br></div><div class="battle-history"><small>Pelipper was hurt by poison!</small><br></div><div class="battle-history"><small>The opposing Flynn was hurt by its burn!</small><br></div><div class="spacer battle-history"><br></div><h2 class="battle-history">Turn 19</h2><div class="spacer battle-history"><br></div><div class="battle-history">AcMarsh withdrew Flynn!<br></div><div class="battle-history">AcMarsh sent out Raine (<strong>Audino-Mega</strong>)!<br></div><div class="battle-history"><small>Pointed stones dug into the opposing Raine!</small><br></div><div class="spacer battle-history"><br></div><div class="battle-history">Pelipper used <strong>Defog</strong>!<br></div><div class="battle-history"><small>The opposing Raine's evasiveness fell!</small><br></div><div class="battle-history"><small>The pointed stones disappeared from around the opposing team!</small><br></div><div class="battle-history"><small>The pointed stones disappeared from around your team!</small><br></div><div class="spacer battle-history"><br></div><div class="battle-history"><small>Pelipper restored a little HP using its Leftovers!</small><br></div><div class="battle-history"><small>Pelipper was hurt by poison!</small><br></div><div class="spacer battle-history"><br></div><h2 class="battle-history">Turn 20</h2><div class="spacer battle-history"><br></div><div class="battle-history">Pelipper, come back!<br></div><div class="battle-history">Go! <strong>Miltank</strong>!<br></div><div class="spacer battle-history"><br></div><div class="battle-history">The opposing Raine used <strong>Heal Bell</strong>!<br></div><div class="battle-history"><small>A bell chimed!</small><br></div><div class="battle-history"><small>The opposing Flynn's burn was healed.</small><br></div><div class="spacer battle-history"><br></div><h2 class="battle-history">Turn 21</h2><div class="spacer battle-history"><br></div><div class="battle-history">AcMarsh withdrew Raine!<br></div><div class="battle-history">AcMarsh sent out Noïshe (<strong>Zebstrika</strong>)!<br></div><div class="spacer battle-history"><br></div><div class="battle-history">Miltank used <strong>Body Slam</strong>!<br></div><div class="battle-history"><small>(The opposing Noïshe lost <abbr title="−135/291">46.4%</abbr> of its health!)</small><br></div><div class="spacer battle-history"><br></div><h2 class="battle-history">Turn 22</h2><div class="spacer battle-history"><br></div><div class="battle-history">The opposing Noïshe used <strong>Wild Charge</strong>!<br></div><div class="battle-history"><small>(Miltank lost <abbr title="−156/394">39.6%</abbr> of its health!)</small><br></div><div class="battle-history"><small>The opposing Noïshe is damaged by the recoil!</small><br></div><div class="battle-history"><small>The opposing Noïshe lost some of its HP!</small><br></div><div class="spacer battle-history"><br></div><div class="battle-history">Miltank is paralyzed! It can't move!<br></div><div class="spacer battle-history"><br></div><div class="battle-history"><small>Miltank restored a little HP using its Leftovers!</small><br></div><div class="spacer battle-history"><br></div><h2 class="battle-history">Turn 23</h2><div class="spacer battle-history"><br></div><div class="battle-history">The opposing Noïshe used <strong>Wild Charge</strong>!<br></div><div class="battle-history"><small>(Miltank lost <abbr title="−177/394">44.9%</abbr> of its health!)</small><br></div><div class="battle-history"><small>The opposing Noïshe is damaged by the recoil!</small><br></div><div class="spacer battle-history"><br></div><div class="battle-history">The opposing Noïshe fainted!<br></div><div class="battle-history">Miltank used <strong>Milk Drink</strong>!<br></div><div class="battle-history"><small>Miltank restored its HP.</small><br></div><div class="spacer battle-history"><br></div><div class="battle-history"><small>Miltank restored a little HP using its Leftovers!</small><br></div><div class="spacer battle-history"><br></div><div class="battle-history">AcMarsh sent out Grey (<strong>Cryogonal</strong>)!<br></div><div class="spacer battle-history"><br></div><h2 class="battle-history">Turn 24</h2><div class="spacer battle-history"><br></div><div class="battle-history">The opposing Grey used <strong>Freeze-Dry</strong>!<br></div><div class="battle-history"><small>(Miltank lost <abbr title="−37/394">9.4%</abbr> of its health!)</small><br></div><div class="spacer battle-history"><br></div><div class="battle-history">Miltank used <strong>Heal Bell</strong>!<br></div><div class="battle-history"><small>A bell chimed!</small><br></div><div class="battle-history"><small>Miltank was cured of paralysis.</small><br></div><div class="battle-history"><small>Pelipper was cured of its poisoning.</small><br></div><div class="spacer battle-history"><br></div><div class="battle-history"><small>The opposing Grey restored a little HP using its Leftovers!</small><br></div><div class="battle-history"><small>Miltank restored a little HP using its Leftovers!</small><br></div><div class="spacer battle-history"><br></div><h2 class="battle-history">Turn 25</h2><div class="spacer battle-history"><br></div><div class="battle-history">AcMarsh withdrew Grey!<br></div><div class="battle-history">AcMarsh sent out Rita (<strong>Mismagius</strong>)!<br></div><div class="spacer battle-history"><br></div><div class="battle-history">Miltank used <strong>Body Slam</strong>!<br></div><div class="battle-history"><small>It doesn't affect the opposing Rita...</small><br></div><div class="spacer battle-history"><br></div><div class="battle-history"><small>Miltank restored a little HP using its Leftovers!</small><br></div><div class="spacer battle-history"><br></div><h2 class="battle-history">Turn 26</h2><div class="spacer battle-history"><br></div><div class="battle-history">The opposing Rita used <strong>Dazzling Gleam</strong>!<br></div><div class="battle-history"><small>A critical hit!</small><br></div><div class="battle-history"><small>(Miltank lost <abbr title="−157/394">39.8%</abbr> of its health!)</small><br></div><div class="battle-history"><small>The opposing Rita lost some of its HP!</small><br></div><div class="spacer battle-history"><br></div><div class="battle-history">Miltank used <strong>Body Slam</strong>!<br></div><div class="battle-history"><small>It doesn't affect the opposing Rita...</small><br></div><div class="spacer battle-history"><br></div><div class="battle-history"><small>Miltank restored a little HP using its Leftovers!</small><br></div><div class="spacer battle-history"><br></div><h2 class="battle-history">Turn 27</h2><div class="spacer battle-history"><br></div><div class="battle-history">The opposing Rita used <strong>Energy Ball</strong>!<br></div><div class="battle-history"><small>(Miltank lost <abbr title="−112/394">28.4%</abbr> of its health!)</small><br></div><div class="battle-history"><small>The opposing Rita lost some of its HP!</small><br></div><div class="spacer battle-history"><br></div><div class="battle-history">Miltank used <strong>Milk Drink</strong>!<br></div><div class="battle-history"><small>Miltank restored its HP.</small><br></div><div class="spacer battle-history"><br></div><div class="battle-history"><small>Miltank restored a little HP using its Leftovers!</small><br></div><div class="spacer battle-history"><br></div><h2 class="battle-history">Turn 28</h2><div class="spacer battle-history"><br></div><div class="battle-history">The opposing Rita used <strong>Energy Ball</strong>!<br></div><div class="battle-history"><small>(Miltank lost <abbr title="−100/394">25.4%</abbr> of its health!)</small><br></div><div class="battle-history"><small>The opposing Rita lost some of its HP!</small><br></div><div class="spacer battle-history"><br></div><div class="battle-history">Miltank used <strong>Stealth Rock</strong>!<br></div><div class="battle-history"><small>Pointed stones float in the air around the opposing team!</small><br></div><div class="spacer battle-history"><br></div><div class="battle-history"><small>Miltank restored a little HP using its Leftovers!</small><br></div><div class="spacer battle-history"><br></div><h2 class="battle-history">Turn 29</h2><div class="spacer battle-history"><br></div><div class="battle-history"><small>AcMarsh forfeited.</small><br></div><div class="spacer battle-history"><br></div><div class="battle-history"><strong>LCezasfuck</strong> won the battle!<br></div><div class="chat"><small>AcMarsh left.</small></div><div class="chat">LCezasfuck's rating: 1444 → <strong>1451</strong><br>(+7 for winning)</div><div class="chat">AcMarsh's rating: 1155 → <strong>1147</strong><br>(-8 for losing)</div></div><div class="inner-preempt"></div></div></div>
</div>
<script>
let daily = Math.floor(Date.now()/1000/60/60/24);document.write('<script src="https://play.pokemonshowdown.com/js/replay-embed.js?version'+daily+'"></'+'script>');
</script>
