<!DOCTYPE html>
<meta charset="utf-8" />
<!-- version 1 -->
<title>NU replay: Makeishura✬ vs. Shadestep</title>
<style>
html,body {font-family:Verdana, sans-serif;font-size:10pt;margin:0;padding:0;}body{padding:12px 0;} .battle-log {font-family:Verdana, sans-serif;font-size:10pt;} .battle-log-inline {border:1px solid #AAAAAA;background:#EEF2F5;color:black;max-width:640px;margin:0 auto 80px;padding-bottom:5px;} .battle-log .inner {padding:4px 8px 0px 8px;} .battle-log .inner-preempt {padding:0 8px 4px 8px;} .battle-log .inner-after {margin-top:0.5em;} .battle-log h2 {margin:0.5em -8px;padding:4px 8px;border:1px solid #AAAAAA;background:#E0E7EA;border-left:0;border-right:0;font-family:Verdana, sans-serif;font-size:13pt;} .battle-log .chat {vertical-align:middle;padding:3px 0 3px 0;font-size:8pt;} .battle-log .chat strong {color:#40576A;} .battle-log .chat em {padding:1px 4px 1px 3px;color:#000000;font-style:normal;} .chat.mine {background:rgba(0,0,0,0.05);margin-left:-8px;margin-right:-8px;padding-left:8px;padding-right:8px;} .spoiler {color:#BBBBBB;background:#BBBBBB;padding:0px 3px;} .spoiler:hover, .spoiler:active, .spoiler-shown {color:#000000;background:#E2E2E2;padding:0px 3px;} .spoiler a {color:#BBBBBB;} .spoiler:hover a, .spoiler:active a, .spoiler-shown a {color:#2288CC;} .chat code, .chat .spoiler:hover code, .chat .spoiler:active code, .chat .spoiler-shown code {border:1px solid #C0C0C0;background:#EEEEEE;color:black;padding:0 2px;} .chat .spoiler code {border:1px solid #CCCCCC;background:#CCCCCC;color:#CCCCCC;} .battle-log .rated {padding:3px 4px;} .battle-log .rated strong {color:white;background:#89A;padding:1px 4px;border-radius:4px;} .spacer {margin-top:0.5em;} .message-announce {background:#6688AA;color:white;padding:1px 4px 2px;} .message-announce a, .broadcast-green a, .broadcast-blue a, .broadcast-red a {color:#DDEEFF;} .broadcast-green {background-color:#559955;color:white;padding:2px 4px;} .broadcast-blue {background-color:#6688AA;color:white;padding:2px 4px;} .infobox {border:1px solid #6688AA;padding:2px 4px;} .infobox-limited {max-height:200px;overflow:auto;overflow-x:hidden;} .broadcast-red {background-color:#AA5544;color:white;padding:2px 4px;} .message-learn-canlearn {font-weight:bold;color:#228822;text-decoration:underline;} .message-learn-cannotlearn {font-weight:bold;color:#CC2222;text-decoration:underline;} .message-effect-weak {font-weight:bold;color:#CC2222;} .message-effect-resist {font-weight:bold;color:#6688AA;} .message-effect-immune {font-weight:bold;color:#666666;} .message-learn-list {margin-top:0;margin-bottom:0;} .message-throttle-notice, .message-error {color:#992222;} .message-overflow, .chat small.message-overflow {font-size:0pt;} .message-overflow::before {font-size:9pt;content:'...';} .subtle {color:#3A4A66;}
</style>
<div class="wrapper replay-wrapper" style="max-width:1180px;margin:0 auto">
<input type="hidden" name="replayid" value="nu-550410059" />
<div class="battle"></div><div class="battle-log"></div><div class="replay-controls"></div><div class="replay-controls-2"></div>
<h1 style="font-weight:normal;text-align:center"><strong>NU</strong><br /><a href="http://pokemonshowdown.com/users/makeishura" class="subtle" target="_blank">Makeishura✬</a> vs. <a href="http://pokemonshowdown.com/users/shadestep" class="subtle" target="_blank">Shadestep</a></h1>
<script type="text/plain" class="battle-log-data">|j|Makeishura✬
|j|Shadestep
|player|p1|Makeishura✬|160
|player|p2|Shadestep|237
|gametype|singles
|gen|6
|tier|NU
|seed|48734,47554,11223,11081
|rule|Sleep Clause Mod: Limit one foe put to sleep
|rule|Species Clause: Limit one of each Pokémon
|rule|OHKO Clause: OHKO moves are banned
|rule|Moody Clause: Moody is banned
|rule|Evasion Moves Clause: Evasion moves are banned
|rule|Endless Battle Clause: Forcing endless battles is banned
|rule|HP Percentage Mod: HP is shown in percentages
|clearpoke
|poke|p1|Weezing, F|item
|poke|p1|Linoone, F|item
|poke|p1|Samurott, F|item
|poke|p1|Piloswine, M|item
|poke|p1|Armaldo, F|item
|poke|p1|Charizard, F|item
|poke|p2|Hariyama, F|item
|poke|p2|Mesprit|item
|poke|p2|Samurott, F|item
|poke|p2|Magmortar, M|item
|poke|p2|Rotom|item
|poke|p2|Tauros, M|item
|rule|Swagger Clause: Swagger is banned
|rule|Baton Pass Clause: Limit one Baton Passer, can't pass Spe and other stats simultaneously
|teampreview
|j|angelbean
|c|☆Makeishura✬|:^
|c|☆Shadestep|:^)
|c| angelbean|where is the mega
|choice|team 1, team 2, team 3, team 4, team 5, team 6|team 6, team 2, team 3, team 4, team 5, team 1
|
|start
|switch|p1a: Weezing|Weezing, F|333\/333
|switch|p2a: Boom6|Tauros, M|291\/291
|-ability|p2a: Boom6|Intimidate|boost
|-unboost|p1a: Weezing|atk|1
|turn|1
|choice|move willowisp|switch 4
|
|switch|p2a: Boom4|Magmortar, M|291\/291
|move|p1a: Weezing|Will-O-Wisp|p2a: Boom4
|-immune|p2a: Boom4|[msg]
|
|upkeep
|turn|2
|choice|move memento|move flamethrower
|
|move|p2a: Boom4|Flamethrower|p1a: Weezing
|-damage|p1a: Weezing|0 fnt
|faint|p1a: Weezing
|
|upkeep
|c|☆Makeishura✬|oh
|c|☆Shadestep|who dyin
|choice|switch 6|
|
|switch|p1a: Charizard|Charizard, F|298\/298
|turn|3
|c| angelbean|omg
|c| angelbean|is this
|choice|move bellydrum|switch 5
|
|switch|p2a: Boom5|Rotom|241\/241
|move|p1a: Charizard|Belly Drum|p1a: Charizard
|-damage|p1a: Charizard|149\/298
|-setboost|p1a: Charizard|atk|6|[from] move: Belly Drum
|-enditem|p1a: Charizard|Sitrus Berry|[eat]
|-heal|p1a: Charizard|223\/298|[from] item: Sitrus Berry
|
|upkeep
|turn|4
|c| angelbean|yup
|choice|move firepunch|move shadowball
|
|move|p2a: Boom5|Shadow Ball|p1a: Charizard
|-damage|p1a: Charizard|91\/298
|move|p1a: Charizard|Fire Punch|p2a: Boom5
|-damage|p2a: Boom5|0 fnt
|faint|p2a: Boom5
|
|upkeep
|choice||switch 3
|
|switch|p2a: Boom3|Samurott, F|331\/331
|turn|5
|choice|switch 3|move aquajet
|
|switch|p1a: Samurott|Samurott, F|331\/331
|move|p2a: Boom3|Aqua Jet|p1a: Samurott
|-resisted|p1a: Samurott
|-damage|p1a: Samurott|278\/331
|
|upkeep
|turn|6
|choice|move hydropump|switch 2
|
|switch|p2a: Boom2|Mesprit|301\/301
|move|p1a: Samurott|Hydro Pump|p2a: Boom2
|-damage|p2a: Boom2|70\/301
|-damage|p1a: Samurott|245\/331|[from] item: Life Orb
|
|upkeep
|turn|7
|l|Makeishura✬
|player|p1|
|j|Makeishura✬
|player|p1|Makeishura✬|160
|choice|move aquajet|move stealthrock
|
|move|p1a: Samurott|Aqua Jet|p2a: Boom2
|-damage|p2a: Boom2|6\/301
|-damage|p1a: Samurott|212\/331|[from] item: Life Orb
|move|p2a: Boom2|Stealth Rock|p1a: Samurott
|-sidestart|p1: Makeishura✬|move: Stealth Rock
|
|upkeep
|turn|8
|c|☆Makeishura✬|roll
|l|angelbean
|c|☆Makeishura✬|I'm mad
|choice|switch 5|switch 2
|
|switch|p2a: Boom3|Samurott, F|331\/331
|switch|p1a: Armaldo|Armaldo, F|354\/354
|-damage|p1a: Armaldo|266\/354|[from] Stealth Rock
|
|upkeep
|turn|9
|choice|move rapidspin|move waterfall
|
|move|p2a: Boom3|Waterfall|p1a: Armaldo
|-supereffective|p1a: Armaldo
|-damage|p1a: Armaldo|0 fnt
|faint|p1a: Armaldo
|
|upkeep
|c|☆Makeishura✬|I'm
|c|☆Makeishura✬|so
|c|☆Makeishura✬|mad
|c|☆Makeishura✬|:^(
|c|☆Shadestep|why
|c|☆Makeishura✬|roll bodied me
|choice|switch 5|
|
|switch|p1a: Samurott|Samurott, F|212\/331
|-damage|p1a: Samurott|171\/331|[from] Stealth Rock
|turn|10
|choice|move hydropump|switch 2
|
|switch|p2a: Boom2|Mesprit|6\/301
|move|p1a: Samurott|Hydro Pump|p2a: Boom2
|-damage|p2a: Boom2|0 fnt
|-damage|p1a: Samurott|138\/331|[from] item: Life Orb
|faint|p2a: Boom2
|
|upkeep
|choice||switch 4
|
|switch|p2a: Boom6|Tauros, M|291\/291
|-ability|p2a: Boom6|Intimidate|boost
|-unboost|p1a: Samurott|atk|1
|turn|11
|choice|move hydropump|move doubleedge
|
|move|p2a: Boom6|Double-Edge|p1a: Samurott
|-damage|p1a: Samurott|0 fnt
|-damage|p2a: Boom6|245\/291|[from] recoil|[of] p1a: Samurott
|faint|p1a: Samurott
|
|upkeep
|choice|switch 4|
|
|switch|p1a: Piloswine|Piloswine, M|404\/404
|-damage|p1a: Piloswine|354\/404|[from] Stealth Rock
|turn|12
|choice|move earthquake|move doubleedge
|
|move|p2a: Boom6|Double-Edge|p1a: Piloswine
|-damage|p1a: Piloswine|155\/404
|-damage|p2a: Boom6|179\/291|[from] recoil|[of] p1a: Piloswine
|move|p1a: Piloswine|Earthquake|p2a: Boom6
|-damage|p2a: Boom6|23\/291
|
|upkeep
|turn|13
|choice|move iceshard|move doubleedge
|
|move|p1a: Piloswine|Ice Shard|p2a: Boom6
|-damage|p2a: Boom6|0 fnt
|faint|p2a: Boom6
|
|upkeep
|choice||switch 2
|
|switch|p2a: Boom3|Samurott, F|331\/331
|turn|14
|choice|move stealthrock|move aquajet
|
|move|p2a: Boom3|Aqua Jet|p1a: Piloswine
|-supereffective|p1a: Piloswine
|-damage|p1a: Piloswine|5\/404
|move|p1a: Piloswine|Stealth Rock|p2a: Boom3
|-sidestart|p2: Shadestep|move: Stealth Rock
|
|upkeep
|turn|15
|choice|move iceshard|switch 6
|
|switch|p2a: Boom1|Hariyama, F|429\/429
|-damage|p2a: Boom1|403\/429|[from] Stealth Rock
|move|p1a: Piloswine|Ice Shard|p2a: Boom1
|-damage|p2a: Boom1|319\/429
|
|upkeep
|turn|16
|choice|move stealthrock|move closecombat
|
|move|p2a: Boom1|Close Combat|p1a: Piloswine
|-supereffective|p1a: Piloswine
|-damage|p1a: Piloswine|0 fnt
|-unboost|p2a: Boom1|def|1
|-unboost|p2a: Boom1|spd|1
|faint|p1a: Piloswine
|
|upkeep
|choice|switch 2|
|
|switch|p1a: Linoone|Linoone, F|298\/298
|-damage|p1a: Linoone|261\/298|[from] Stealth Rock
|turn|17
|choice|move extremespeed|move closecombat
|
|move|p1a: Linoone|Extreme Speed|p2a: Boom1
|-crit|p2a: Boom1
|-damage|p2a: Boom1|45\/429
|move|p2a: Boom1|Close Combat|p1a: Linoone
|-supereffective|p1a: Linoone
|-damage|p1a: Linoone|0 fnt
|-unboost|p2a: Boom1|def|1
|-unboost|p2a: Boom1|spd|1
|faint|p1a: Linoone
|
|upkeep
|c|☆Makeishura✬|s5rcvg
|c|☆Shadestep|rematch?
|-message|Makeishura✬ forfeited.
|
|win|Shadestep
|c|☆Makeishura✬|sure
|l|Shadestep
|l|Makeishura✬
|j|eternally</script>
</div>
<div class="battle-log battle-log-inline"><div class="inner"><div class="battle-options"></div><div class="inner"><div class="chat"><small>Makeishura✬ joined.</small></div><div class="chat"><small>Shadestep joined.</small></div><div class=""><small>Format:</small> <br><strong>NU</strong></div><div class=""><small><em>Sleep Clause Mod:</em> Limit one foe put to sleep</small></div><div class=""><small><em>Species Clause:</em> Limit one of each Pokémon</small></div><div class=""><small><em>OHKO Clause:</em> OHKO moves are banned</small></div><div class=""><small><em>Moody Clause:</em> Moody is banned</small></div><div class=""><small><em>Evasion Moves Clause:</em> Evasion moves are banned</small></div><div class=""><small><em>Endless Battle Clause:</em> Forcing endless battles is banned</small></div><div class=""><small><em>HP Percentage Mod:</em> HP is shown in percentages</small></div><div class=""><small><em>Swagger Clause:</em> Swagger is banned</small></div><div class=""><small><em>Baton Pass Clause:</em> Limit one Baton Passer, can't pass Spe and other stats simultaneously</small></div><div class="chat battle-history"><strong>Makeishura✬'s team:</strong> <em style="color:#445566;display:block;">Weezing / Linoone / Samurott / Piloswine / Armaldo / Charizard</em></div><div class="chat battle-history"><strong>Shadestep's team:</strong> <em style="color:#445566;display:block;">Hariyama / Mesprit / Samurott / Magmortar / Rotom / Tauros</em></div><div class="chat"><small>angelbean joined.</small></div><div class="chat chatmessage-makeishura"><strong style="color:hsl(6,82%,47%)"><small>☆</small><span class="username" data-name="Makeishura✬">Makeishura✬</span>:</strong> <em>:^</em></div><div class="chat chatmessage-shadestep"><strong style="color:hsl(348,69%,49.13556749513967%)"><small>☆</small><span class="username" data-name="Shadestep">Shadestep</span>:</strong> <em>:^)</em></div><div class="chat chatmessage-angelbean"><strong style="color:hsl(35,70%,40%)"><small> </small><span class="username" data-name="angelbean">angelbean</span>:</strong> <em>where is the mega</em></div><div class="spacer battle-history"><br></div><div class="battle-history">Battle started between Makeishura✬ and Shadestep!<br></div><div class="spacer battle-history"><br></div><div class="battle-history">Go! <strong>Weezing</strong>!<br></div><div class="spacer battle-history"><br></div><div class="battle-history">Shadestep sent out Boom6 (<strong>Tauros</strong>)!<br></div><div class="battle-history"><small>[The opposing Boom6's Intimidate]</small><br></div><div class="battle-history"><small>Weezing's Attack fell!</small><br></div><div class="spacer battle-history"><br></div><h2 class="battle-history">Turn 1</h2><div class="spacer battle-history"><br></div><div class="battle-history">Shadestep withdrew Boom6!<br></div><div class="battle-history">Shadestep sent out Boom4 (<strong>Magmortar</strong>)!<br></div><div class="spacer battle-history"><br></div><div class="battle-history">Weezing used <strong>Will-O-Wisp</strong>!<br></div><div class="battle-history"><small>It doesn't affect the opposing Boom4...</small><br></div><div class="spacer battle-history"><br></div><h2 class="battle-history">Turn 2</h2><div class="spacer battle-history"><br></div><div class="battle-history">The opposing Boom4 used <strong>Flamethrower</strong>!<br></div><div class="battle-history"><small>(Weezing lost <abbr title="−333/333">100%</abbr> of its health!)</small><br></div><div class="spacer battle-history"><br></div><div class="battle-history">Weezing fainted!<br></div><div class="chat chatmessage-makeishura"><strong style="color:hsl(6,82%,47%)"><small>☆</small><span class="username" data-name="Makeishura✬">Makeishura✬</span>:</strong> <em>oh</em></div><div class="chat chatmessage-shadestep"><strong style="color:hsl(348,69%,49.13556749513967%)"><small>☆</small><span class="username" data-name="Shadestep">Shadestep</span>:</strong> <em>who dyin</em></div><div class="spacer battle-history"><br></div><div class="battle-history">Go! <strong>Charizard</strong>!<br></div><div class="spacer battle-history"><br></div><h2 class="battle-history">Turn 3</h2><div class="chat chatmessage-angelbean"><strong style="color:hsl(35,70%,40%)"><small> </small><span class="username" data-name="angelbean">angelbean</span>:</strong> <em>omg</em></div><div class="chat chatmessage-angelbean"><strong style="color:hsl(35,70%,40%)"><small> </small><span class="username" data-name="angelbean">angelbean</span>:</strong> <em>is this</em></div><div class="spacer battle-history"><br></div><div class="battle-history">Shadestep withdrew Boom4!<br></div><div class="battle-history">Shadestep sent out Boom5 (<strong>Rotom</strong>)!<br></div><div class="spacer battle-history"><br></div><div class="battle-history">Charizard used <strong>Belly Drum</strong>!<br></div><div class="battle-history"><small>(Charizard lost <abbr title="−149/298">50%</abbr> of its health!)</small><br></div><div class="battle-history"><small>Charizard cut its own HP and maximized its Attack!</small><br></div><div class="battle-history"><small>Charizard ate its Sitrus Berry!</small><br></div><div class="battle-history"><small>Charizard restored HP using its Sitrus Berry!</small><br></div><div class="spacer battle-history"><br></div><h2 class="battle-history">Turn 4</h2><div class="chat chatmessage-angelbean"><strong style="color:hsl(35,70%,40%)"><small> </small><span class="username" data-name="angelbean">angelbean</span>:</strong> <em>yup</em></div><div class="spacer battle-history"><br></div><div class="battle-history">The opposing Boom5 used <strong>Shadow Ball</strong>!<br></div><div class="battle-history"><small>(Charizard lost <abbr title="−132/298">44.3%</abbr> of its health!)</small><br></div><div class="spacer battle-history"><br></div><div class="battle-history">Charizard used <strong>Fire Punch</strong>!<br></div><div class="battle-history"><small>(The opposing Boom5 lost <abbr title="−241/241">100%</abbr> of its health!)</small><br></div><div class="spacer battle-history"><br></div><div class="battle-history">The opposing Boom5 fainted!<br></div><div class="spacer battle-history"><br></div><div class="battle-history">Shadestep sent out Boom3 (<strong>Samurott</strong>)!<br></div><div class="spacer battle-history"><br></div><h2 class="battle-history">Turn 5</h2><div class="spacer battle-history"><br></div><div class="battle-history">Charizard, come back!<br></div><div class="battle-history">Go! <strong>Samurott</strong>!<br></div><div class="spacer battle-history"><br></div><div class="battle-history">The opposing Boom3 used <strong>Aqua Jet</strong>!<br></div><div class="battle-history"><small>It's not very effective...</small><br></div><div class="battle-history"><small>(Samurott lost <abbr title="−53/331">16.0%</abbr> of its health!)</small><br></div><div class="spacer battle-history"><br></div><h2 class="battle-history">Turn 6</h2><div class="spacer battle-history"><br></div><div class="battle-history">Shadestep withdrew Boom3!<br></div><div class="battle-history">Shadestep sent out Boom2 (<strong>Mesprit</strong>)!<br></div><div class="spacer battle-history"><br></div><div class="battle-history">Samurott used <strong>Hydro Pump</strong>!<br></div><div class="battle-history"><small>(The opposing Boom2 lost <abbr title="−231/301">76.7%</abbr> of its health!)</small><br></div><div class="battle-history"><small>Samurott lost some of its HP!</small><br></div><div class="spacer battle-history"><br></div><h2 class="battle-history">Turn 7</h2><div class="chat"><small>Makeishura✬ left.</small></div><div class="chat"><small>Makeishura✬ joined.</small></div><div class="spacer battle-history"><br></div><div class="battle-history">Samurott used <strong>Aqua Jet</strong>!<br></div><div class="battle-history"><small>(The opposing Boom2 lost <abbr title="−64/301">21.3%</abbr> of its health!)</small><br></div><div class="battle-history"><small>Samurott lost some of its HP!</small><br></div><div class="spacer battle-history"><br></div><div class="battle-history">The opposing Boom2 used <strong>Stealth Rock</strong>!<br></div><div class="battle-history"><small>Pointed stones float in the air around your team!</small><br></div><div class="spacer battle-history"><br></div><h2 class="battle-history">Turn 8</h2><div class="chat chatmessage-makeishura"><strong style="color:hsl(6,82%,47%)"><small>☆</small><span class="username" data-name="Makeishura✬">Makeishura✬</span>:</strong> <em>roll</em></div><div class="chat"><small>angelbean left.</small></div><div class="chat chatmessage-makeishura"><strong style="color:hsl(6,82%,47%)"><small>☆</small><span class="username" data-name="Makeishura✬">Makeishura✬</span>:</strong> <em>I'm mad</em></div><div class="spacer battle-history"><br></div><div class="battle-history">Shadestep withdrew Boom2!<br></div><div class="battle-history">Shadestep sent out Boom3 (<strong>Samurott</strong>)!<br></div><div class="spacer battle-history"><br></div><div class="battle-history">Samurott, come back!<br></div><div class="battle-history">Go! <strong>Armaldo</strong>!<br></div><div class="battle-history"><small>Pointed stones dug into Armaldo!</small><br></div><div class="spacer battle-history"><br></div><h2 class="battle-history">Turn 9</h2><div class="spacer battle-history"><br></div><div class="battle-history">The opposing Boom3 used <strong>Waterfall</strong>!<br></div><div class="battle-history"><small>It's super effective!</small><br></div><div class="battle-history"><small>(Armaldo lost <abbr title="−266/354">75.1%</abbr> of its health!)</small><br></div><div class="spacer battle-history"><br></div><div class="battle-history">Armaldo fainted!<br></div><div class="chat chatmessage-makeishura"><strong style="color:hsl(6,82%,47%)"><small>☆</small><span class="username" data-name="Makeishura✬">Makeishura✬</span>:</strong> <em>I'm</em></div><div class="chat chatmessage-makeishura"><strong style="color:hsl(6,82%,47%)"><small>☆</small><span class="username" data-name="Makeishura✬">Makeishura✬</span>:</strong> <em>so</em></div><div class="chat chatmessage-makeishura"><strong style="color:hsl(6,82%,47%)"><small>☆</small><span class="username" data-name="Makeishura✬">Makeishura✬</span>:</strong> <em>mad</em></div><div class="chat chatmessage-makeishura"><strong style="color:hsl(6,82%,47%)"><small>☆</small><span class="username" data-name="Makeishura✬">Makeishura✬</span>:</strong> <em>:^(</em></div><div class="chat chatmessage-shadestep"><strong style="color:hsl(348,69%,49.13556749513967%)"><small>☆</small><span class="username" data-name="Shadestep">Shadestep</span>:</strong> <em>why</em></div><div class="chat chatmessage-makeishura"><strong style="color:hsl(6,82%,47%)"><small>☆</small><span class="username" data-name="Makeishura✬">Makeishura✬</span>:</strong> <em>roll bodied me</em></div><div class="spacer battle-history"><br></div><div class="battle-history">Go! <strong>Samurott</strong>!<br></div><div class="battle-history"><small>Pointed stones dug into Samurott!</small><br></div><div class="spacer battle-history"><br></div><h2 class="battle-history">Turn 10</h2><div class="spacer battle-history"><br></div><div class="battle-history">Shadestep withdrew Boom3!<br></div><div class="battle-history">Shadestep sent out Boom2 (<strong>Mesprit</strong>)!<br></div><div class="spacer battle-history"><br></div><div class="battle-history">Samurott used <strong>Hydro Pump</strong>!<br></div><div class="battle-history"><small>(The opposing Boom2 lost <abbr title="−6/301">2.0%</abbr> of its health!)</small><br></div><div class="battle-history"><small>Samurott lost some of its HP!</small><br></div><div class="spacer battle-history"><br></div><div class="battle-history">The opposing Boom2 fainted!<br></div><div class="spacer battle-history"><br></div><div class="battle-history">Shadestep sent out Boom6 (<strong>Tauros</strong>)!<br></div><div class="battle-history"><small>[The opposing Boom6's Intimidate]</small><br></div><div class="battle-history"><small>Samurott's Attack fell!</small><br></div><div class="spacer battle-history"><br></div><h2 class="battle-history">Turn 11</h2><div class="spacer battle-history"><br></div><div class="battle-history">The opposing Boom6 used <strong>Double-Edge</strong>!<br></div><div class="battle-history"><small>(Samurott lost <abbr title="−138/331">41.7%</abbr> of its health!)</small><br></div><div class="battle-history"><small>The opposing Boom6 is damaged by the recoil!</small><br></div><div class="spacer battle-history"><br></div><div class="battle-history">Samurott fainted!<br></div><div class="spacer battle-history"><br></div><div class="battle-history">Go! <strong>Piloswine</strong>!<br></div><div class="battle-history"><small>Pointed stones dug into Piloswine!</small><br></div><div class="spacer battle-history"><br></div><h2 class="battle-history">Turn 12</h2><div class="spacer battle-history"><br></div><div class="battle-history">The opposing Boom6 used <strong>Double-Edge</strong>!<br></div><div class="battle-history"><small>(Piloswine lost <abbr title="−199/404">49.3%</abbr> of its health!)</small><br></div><div class="battle-history"><small>The opposing Boom6 is damaged by the recoil!</small><br></div><div class="spacer battle-history"><br></div><div class="battle-history">Piloswine used <strong>Earthquake</strong>!<br></div><div class="battle-history"><small>(The opposing Boom6 lost <abbr title="−156/291">53.6%</abbr> of its health!)</small><br></div><div class="spacer battle-history"><br></div><h2 class="battle-history">Turn 13</h2><div class="spacer battle-history"><br></div><div class="battle-history">Piloswine used <strong>Ice Shard</strong>!<br></div><div class="battle-history"><small>(The opposing Boom6 lost <abbr title="−23/291">7.9%</abbr> of its health!)</small><br></div><div class="spacer battle-history"><br></div><div class="battle-history">The opposing Boom6 fainted!<br></div><div class="spacer battle-history"><br></div><div class="battle-history">Shadestep sent out Boom3 (<strong>Samurott</strong>)!<br></div><div class="spacer battle-history"><br></div><h2 class="battle-history">Turn 14</h2><div class="spacer battle-history"><br></div><div class="battle-history">The opposing Boom3 used <strong>Aqua Jet</strong>!<br></div><div class="battle-history"><small>It's super effective!</small><br></div><div class="battle-history"><small>(Piloswine lost <abbr title="−150/404">37.1%</abbr> of its health!)</small><br></div><div class="spacer battle-history"><br></div><div class="battle-history">Piloswine used <strong>Stealth Rock</strong>!<br></div><div class="battle-history"><small>Pointed stones float in the air around the opposing team!</small><br></div><div class="spacer battle-history"><br></div><h2 class="battle-history">Turn 15</h2><div class="spacer battle-history"><br></div><div class="battle-history">Shadestep withdrew Boom3!<br></div><div class="battle-history">Shadestep sent out Boom1 (<strong>Hariyama</strong>)!<br></div><div class="battle-history"><small>Pointed stones dug into the opposing Boom1!</small><br></div><div class="spacer battle-history"><br></div><div class="battle-history">Piloswine used <strong>Ice Shard</strong>!<br></div><div class="battle-history"><small>(The opposing Boom1 lost <abbr title="−84/429">19.6%</abbr> of its health!)</small><br></div><div class="spacer battle-history"><br></div><h2 class="battle-history">Turn 16</h2><div class="spacer battle-history"><br></div><div class="battle-history">The opposing Boom1 used <strong>Close Combat</strong>!<br></div><div class="battle-history"><small>It's super effective!</small><br></div><div class="battle-history"><small>(Piloswine lost <abbr title="−5/404">1.2%</abbr> of its health!)</small><br></div><div class="battle-history"><small>The opposing Boom1's Defense fell!</small><br></div><div class="battle-history"><small>The opposing Boom1's Special Defense fell!</small><br></div><div class="spacer battle-history"><br></div><div class="battle-history">Piloswine fainted!<br></div><div class="spacer battle-history"><br></div><div class="battle-history">Go! <strong>Linoone</strong>!<br></div><div class="battle-history"><small>Pointed stones dug into Linoone!</small><br></div><div class="spacer battle-history"><br></div><h2 class="battle-history">Turn 17</h2><div class="spacer battle-history"><br></div><div class="battle-history">Linoone used <strong>Extreme Speed</strong>!<br></div><div class="battle-history"><small>A critical hit!</small><br></div><div class="battle-history"><small>(The opposing Boom1 lost <abbr title="−274/429">63.9%</abbr> of its health!)</small><br></div><div class="spacer battle-history"><br></div><div class="battle-history">The opposing Boom1 used <strong>Close Combat</strong>!<br></div><div class="battle-history"><small>It's super effective!</small><br></div><div class="battle-history"><small>(Linoone lost <abbr title="−261/298">87.6%</abbr> of its health!)</small><br></div><div class="battle-history"><small>The opposing Boom1's Defense fell!</small><br></div><div class="battle-history"><small>The opposing Boom1's Special Defense fell!</small><br></div><div class="spacer battle-history"><br></div><div class="battle-history">Linoone fainted!<br></div><div class="chat chatmessage-makeishura"><strong style="color:hsl(6,82%,47%)"><small>☆</small><span class="username" data-name="Makeishura✬">Makeishura✬</span>:</strong> <em>s5rcvg</em></div><div class="chat chatmessage-shadestep"><strong style="color:hsl(348,69%,49.13556749513967%)"><small>☆</small><span class="username" data-name="Shadestep">Shadestep</span>:</strong> <em>rematch?</em></div><div class="spacer battle-history"><br></div><div class="battle-history"><small>Makeishura✬ forfeited.</small><br></div><div class="spacer battle-history"><br></div><div class="battle-history"><strong>Shadestep</strong> won the battle!<br></div><div class="chat chatmessage-makeishura"><strong style="color:hsl(6,82%,47%)"><small>☆</small><span class="username" data-name="Makeishura✬">Makeishura✬</span>:</strong> <em>sure</em></div><div class="chat"><small>Shadestep left.</small></div><div class="chat"><small>Makeishura✬ left.</small></div><div class="chat"><small>eternally joined.</small></div></div><div class="inner-preempt"></div></div></div>
</div>
<script>
let daily = Math.floor(Date.now()/1000/60/60/24);document.write('<script src="https://play.pokemonshowdown.com/js/replay-embed.js?version'+daily+'"></'+'script>');
</script>
