<!DOCTYPE html>
<meta charset="utf-8" />
<!-- version 1 -->
<title>NU replay: Watchog vs. Blast</title>
<style>
html,body {font-family:Verdana, sans-serif;font-size:10pt;margin:0;padding:0;}body{padding:12px 0;} .battle-log {font-family:Verdana, sans-serif;font-size:10pt;} .battle-log-inline {border:1px solid #AAAAAA;background:#EEF2F5;color:black;max-width:640px;margin:0 auto 80px;padding-bottom:5px;} .battle-log .inner {padding:4px 8px 0px 8px;} .battle-log .inner-preempt {padding:0 8px 4px 8px;} .battle-log .inner-after {margin-top:0.5em;} .battle-log h2 {margin:0.5em -8px;padding:4px 8px;border:1px solid #AAAAAA;background:#E0E7EA;border-left:0;border-right:0;font-family:Verdana, sans-serif;font-size:13pt;} .battle-log .chat {vertical-align:middle;padding:3px 0 3px 0;font-size:8pt;} .battle-log .chat strong {color:#40576A;} .battle-log .chat em {padding:1px 4px 1px 3px;color:#000000;font-style:normal;} .chat.mine {background:rgba(0,0,0,0.05);margin-left:-8px;margin-right:-8px;padding-left:8px;padding-right:8px;} .spoiler {color:#BBBBBB;background:#BBBBBB;padding:0px 3px;} .spoiler:hover, .spoiler:active, .spoiler-shown {color:#000000;background:#E2E2E2;padding:0px 3px;} .spoiler a {color:#BBBBBB;} .spoiler:hover a, .spoiler:active a, .spoiler-shown a {color:#2288CC;} .chat code, .chat .spoiler:hover code, .chat .spoiler:active code, .chat .spoiler-shown code {border:1px solid #C0C0C0;background:#EEEEEE;color:black;padding:0 2px;} .chat .spoiler code {border:1px solid #CCCCCC;background:#CCCCCC;color:#CCCCCC;} .battle-log .rated {padding:3px 4px;} .battle-log .rated strong {color:white;background:#89A;padding:1px 4px;border-radius:4px;} .spacer {margin-top:0.5em;} .message-announce {background:#6688AA;color:white;padding:1px 4px 2px;} .message-announce a, .broadcast-green a, .broadcast-blue a, .broadcast-red a {color:#DDEEFF;} .broadcast-green {background-color:#559955;color:white;padding:2px 4px;} .broadcast-blue {background-color:#6688AA;color:white;padding:2px 4px;} .infobox {border:1px solid #6688AA;padding:2px 4px;} .infobox-limited {max-height:200px;overflow:auto;overflow-x:hidden;} .broadcast-red {background-color:#AA5544;color:white;padding:2px 4px;} .message-learn-canlearn {font-weight:bold;color:#228822;text-decoration:underline;} .message-learn-cannotlearn {font-weight:bold;color:#CC2222;text-decoration:underline;} .message-effect-weak {font-weight:bold;color:#CC2222;} .message-effect-resist {font-weight:bold;color:#6688AA;} .message-effect-immune {font-weight:bold;color:#666666;} .message-learn-list {margin-top:0;margin-bottom:0;} .message-throttle-notice, .message-error {color:#992222;} .message-overflow, .chat small.message-overflow {font-size:0pt;} .message-overflow::before {font-size:9pt;content:'...';} .subtle {color:#3A4A66;}
</style>
<div class="wrapper replay-wrapper" style="max-width:1180px;margin:0 auto">
<input type="hidden" name="replayid" value="nu-544915599" />
<div class="battle"></div><div class="battle-log"></div><div class="replay-controls"></div><div class="replay-controls-2"></div>
<h1 style="font-weight:normal;text-align:center"><strong>NU</strong><br /><a href="http://pokemonshowdown.com/users/watchog" class="subtle" target="_blank">Watchog</a> vs. <a href="http://pokemonshowdown.com/users/blast" class="subtle" target="_blank">Blast</a></h1>
<script type="text/plain" class="battle-log-data">|j|Watchog
|j|Blast
|player|p1|Watchog|217
|player|p2|Blast|163
|gametype|singles
|gen|6
|tier|NU
|seed|3252,48385,22729,45904
|rule|Sleep Clause Mod: Limit one foe put to sleep
|rule|Species Clause: Limit one of each Pokémon
|rule|OHKO Clause: OHKO moves are banned
|rule|Moody Clause: Moody is banned
|rule|Evasion Moves Clause: Evasion moves are banned
|rule|Endless Battle Clause: Forcing endless battles is banned
|rule|HP Percentage Mod: HP is shown in percentages
|clearpoke
|poke|p1|Zorua, F|item
|poke|p1|Aurorus, M|item
|poke|p1|Vileplume, M|item
|poke|p1|Floatzel, M|item
|poke|p1|Steelix, F|item
|poke|p1|Tauros, M|item
|poke|p2|Stoutland, M|item
|poke|p2|Manectric, F|item
|poke|p2|Smeargle, M|item
|poke|p2|Mightyena, M|item
|poke|p2|Growlithe, M|item
|poke|p2|Snubbull, M|item
|rule|Swagger Clause: Swagger is banned
|rule|Baton Pass Clause: Limit one Baton Passer, can't pass Spe and other stats simultaneously
|teampreview
|c|☆Watchog|have fun
|j|melodymania!
|j|lolbro
|j|Chrisloud
|c| lolbro|6-0 watchog inv
|c| lolbro|inc
|j|carcy
|choice|team 5, team 6, team 4, team 1, team 2, team 3|team 3, team 2, team 1, team 4, team 5, team 6
|
|start
|switch|p1a: Steelix|Steelix, F|353\/353
|switch|p2a: Smeargle|Smeargle, M|252\/252
|turn|1
|c| melodymania!|it's a zorua
|c|☆Watchog|how do I know what the zorua is
|c| melodymania!|don't trust
|j|Galactiknight♘
|c|☆Watchog|I picked random stuff
|c| melodymania!|zzzvsjanskskql
|c| melodymania!|omg
|c|☆Blast|!dt zorua
|c|~|\/data-pokemon Zorua
|raw|<font size="1"><font color="#686868">Dex#:<\/font> 570&nbsp;|&ThickSpace;<font color="#686868">Gen:<\/font> 5&nbsp;|&ThickSpace;<font color="#686868">Height:<\/font> 0.7 m&nbsp;|&ThickSpace;<font color="#686868">Weight:<\/font> 12.5 kg <em>(40 BP)<\/em>&nbsp;|&ThickSpace;<font color="#686868">Dex Colour:<\/font> Gray&nbsp;|&ThickSpace;<font color="#686868">Egg Group(s):<\/font> Field&nbsp;|&ThickSpace;<font color="#686868">Evolution:<\/font> Zoroark (30)<\/font>
|choice|move stealthrock|move stealthrock
|
|move|p2a: Smeargle|Stealth Rock|p1a: Steelix
|-sidestart|p1: Watchog|move: Stealth Rock
|move|p1a: Steelix|Stealth Rock|p2a: Smeargle
|-sidestart|p2: Blast|move: Stealth Rock
|
|upkeep
|turn|2
|c|☆Watchog|!dt illusion
|c|~|\/data-ability Illusion
|raw|<font size="1"><\/font>
|c|☆Watchog|Oh
|c|☆Watchog|hmm
|c| melodymania!|omgggggg
|choice|move earthquake|move spikes
|
|move|p2a: Smeargle|Spikes|p1a: Steelix
|-sidestart|p1: Watchog|Spikes
|move|p1a: Steelix|Earthquake|p2a: Smeargle
|-damage|p2a: Smeargle|21\/252
|
|upkeep
|turn|3
|c| melodymania!|watchog u bad
|choice|move earthquake|move spikes
|
|move|p2a: Smeargle|Spikes|p1a: Steelix
|-sidestart|p1: Watchog|Spikes
|move|p1a: Steelix|Earthquake|p2a: Smeargle
|-damage|p2a: Smeargle|0 fnt
|faint|p2a: Smeargle
|
|upkeep
|c|☆Watchog|they call me dirty dan
|choice||switch 5
|
|switch|p2a: Growlithe|Growlithe, M|314\/314
|-damage|p2a: Growlithe|236\/314|[from] Stealth Rock
|-ability|p2a: Growlithe|Intimidate|boost
|-unboost|p1a: Steelix|atk|1
|turn|4
|c|☆Watchog|u have no water resists buddE
|c|☆Blast|which one of you is dirty dan
|choice|move earthquake|move wildcharge
|
|move|p2a: Growlithe|Wild Charge|p1a: Steelix
|-immune|p1a: Steelix|[msg]
|move|p1a: Steelix|Earthquake|p2a: Growlithe
|-supereffective|p2a: Growlithe
|-damage|p2a: Growlithe|56\/314
|
|upkeep
|turn|5
|c| melodymania!|which one of you is the __real__ dirty dan
|c|☆Watchog|?
|c| lolbro|sick
|c| lolbro|play
|c| lolbro|blast
|choice|move roar|move willowisp
|
|move|p2a: Growlithe|Will-O-Wisp|p1a: Steelix
|-status|p1a: Steelix|brn
|move|p1a: Steelix|Roar|p2a: Growlithe
|drag|p2a: Manectric|Manectric, F|281\/281
|-damage|p2a: Manectric|246\/281|[from] Stealth Rock
|
|-damage|p1a: Steelix|309\/353 brn|[from] brn
|upkeep
|turn|6
|c|☆Watchog|?
|c|☆Watchog|??
|c|☆Watchog|?
|c| melodymania!|??
|c| lolbro|why are you getting 6-0d
|c| melodymania!|m
|c|☆Watchog|doggooooo
|choice|move earthquake|switch 2
|
|switch|p2a: Growlithe|Growlithe, M|56\/314
|-damage|p2a: Growlithe|0 fnt|[from] Stealth Rock
|faint|p2a: Growlithe
|move|p1a: Steelix|Earthquake|p2: Growlithe|[notarget]
|-notarget
|
|-heal|p1a: Steelix|331\/353 brn|[from] item: Leftovers
|-damage|p1a: Steelix|287\/353 brn|[from] brn
|upkeep
|c| melodymania!|?
|c|☆Watchog|doggooooo
|c|☆Watchog|doggooooo
|c| lolbro|by lead lix
|c|☆Watchog|snubbull isnt even a dog
|choice||switch 2
|
|switch|p2a: Manectric|Manectric, F|246\/281
|-damage|p2a: Manectric|211\/281|[from] Stealth Rock
|turn|7
|c| lolbro|its a pitbull
|c| lolbro|,,
|choice|move earthquake|move overheat
|
|move|p2a: Manectric|Overheat|p1a: Steelix
|-supereffective|p1a: Steelix
|-damage|p1a: Steelix|0 fnt
|-unboost|p2a: Manectric|spa|2
|-damage|p2a: Manectric|183\/281|[from] item: Life Orb
|faint|p1a: Steelix
|
|upkeep
|c|☆Watchog|about fucking time
|choice|switch 5|
|
|switch|p1a: Aurorus|Aurorus, M|387\/387
|-damage|p1a: Aurorus|291\/387|[from] Stealth Rock
|-damage|p1a: Aurorus|227\/387|[from] Spikes
|turn|8
|c|☆Blast|i bet this is zorua
|c|☆Watchog|OK
|c|☆Watchog|(:
|choice|move hypervoice|move thunderbolt
|
|move|p1a: Aurorus|Hyper Voice|p2a: Manectric
|-damage|p2a: Manectric|0 fnt
|faint|p2a: Manectric
|
|upkeep
|c|☆Watchog|!learn zorua, hyper voice
|html|<div class="infobox">In Gen 7, Zorua <span class="message-learn-canlearn">can<\/span> learn Hyper Voice only when obtained from:<ul class="message-learn-list"><li>gen 6 or earlier (all moves are level-up\/tutor\/TM\/HM in gen 6 to 7)<\/ul><\/div>
|c|☆Watchog|hmm
|c|☆Blast|alas
|c|☆Watchog|thoughts
|l|lolbro
|c|☆Blast|o tru
|j|boltsandbombers
|c|☆Blast|i believe again.
|c|+boltsandbombers|doggo
|choice||switch 6
|
|switch|p2a: Snubbull|Snubbull, M|324\/324
|-damage|p2a: Snubbull|284\/324|[from] Stealth Rock
|-ability|p2a: Snubbull|Intimidate|boost
|-unboost|p1a: Aurorus|atk|1
|turn|9
|choice|switch 6|move roar
|
|switch|p1a: Vileplume|Vileplume, M|328\/328
|-damage|p1a: Vileplume|274\/328|[from] Spikes
|-damage|p1a: Vileplume|233\/328|[from] Stealth Rock
|move|p2a: Snubbull|Roar|p1a: Vileplume
|drag|p1a: Floatzel|Floatzel, M|311\/311
|-damage|p1a: Floatzel|273\/311|[from] Stealth Rock
|-damage|p1a: Floatzel|222\/311|[from] Spikes
|
|upkeep
|turn|10
|choice|move hydropump|move roar
|
|move|p1a: Floatzel|Hydro Pump|p2a: Snubbull
|-damage|p2a: Snubbull|15\/324
|-damage|p1a: Floatzel|191\/311|[from] item: Life Orb
|move|p2a: Snubbull|Roar|p1a: Floatzel
|drag|p1a: Tauros|Tauros, M|291\/291
|-damage|p1a: Tauros|243\/291|[from] Spikes
|-damage|p1a: Tauros|207\/291|[from] Stealth Rock
|
|upkeep
|turn|11
|c|☆Watchog|how did that live
|c|+boltsandbombers|tanked.
|choice|move ironhead|move roar
|
|move|p1a: Tauros|Iron Head|p2a: Snubbull
|-supereffective|p2a: Snubbull
|-damage|p2a: Snubbull|0 fnt
|faint|p2a: Snubbull
|
|upkeep
|c| Chrisloud|does smeargle counts as a dog
|choice||switch 3
|
|switch|p2a: Stoutland|Stoutland, M|311\/311
|-damage|p2a: Stoutland|273\/311|[from] Stealth Rock
|turn|12
|c| melodymania!|yes
|c| melodymania!|it's a beagle
|choice|move rockclimb|move return
|
|move|p1a: Tauros|Rock Climb|p2a: Stoutland|[miss]
|-miss|p1a: Tauros|p2a: Stoutland
|move|p2a: Stoutland|Return|p1a: Tauros
|-damage|p1a: Tauros|0 fnt
|faint|p1a: Tauros
|
|upkeep
|c|☆Watchog|NOHFDXG
|j|lolbro
|c|☆Watchog|okbf
|c|☆Watchog|nonf
|choice|switch 6|
|
|switch|p1a: Aurorus|Aurorus, M|227\/387
|-damage|p1a: Aurorus|163\/387|[from] Spikes
|-damage|p1a: Aurorus|67\/387|[from] Stealth Rock
|turn|13
|c| Chrisloud|no focus blast
|c| melodymania!|nonf
|c| melodymania!|nonf
|c| Chrisloud|git gud
|c| melodymania!|nonf
|c| melodymania!|nonf
|c| melodymania!|nonf
|c|☆Blast|this is what happens
|c| melodymania!|nonf
|c|☆Blast|when you doubt the dogs
|c|+boltsandbombers|nonf.
|choice|move hypervoice|move return
|
|move|p1a: Aurorus|Hyper Voice|p2a: Stoutland
|-crit|p2a: Stoutland
|-damage|p2a: Stoutland|2\/311
|move|p2a: Stoutland|Return|p1a: Aurorus
|-resisted|p1a: Aurorus
|-damage|p1a: Aurorus|0 fnt
|faint|p1a: Aurorus
|
|upkeep
|c|☆Watchog|omg
|c|☆Watchog|cash
|c|+boltsandbombers|1.
|choice|switch 2|
|
|switch|p1a: Floatzel|Floatzel, M|191\/311
|-damage|p1a: Floatzel|153\/311|[from] Stealth Rock
|-damage|p1a: Floatzel|102\/311|[from] Spikes
|turn|14
|c|☆Blast|chew
|c| Chrisloud|miss ice beam here
|c|☆Blast|i knew your spread
|choice|move aquajet|move return
|
|move|p1a: Floatzel|Aqua Jet|p2a: Stoutland
|-damage|p2a: Stoutland|0 fnt
|-damage|p1a: Floatzel|71\/311|[from] item: Life Orb
|faint|p2a: Stoutland
|
|upkeep
|c|☆Blast|dam
|c|☆Blast|i couldnt reveal quick attack
|c|☆Watchog|i lose to mightyena
|choice||switch 4
|
|switch|p2a: Mightyena|Mightyena, M|281\/281
|-damage|p2a: Mightyena|246\/281|[from] Stealth Rock
|turn|15
|c|☆Watchog|moxie
|c|☆Watchog|yup
|choice|move aquajet|move suckerpunch
|
|move|p1a: Floatzel|Aqua Jet|p2a: Mightyena
|-damage|p2a: Mightyena|159\/281
|-damage|p1a: Floatzel|40\/311|[from] item: Life Orb
|move|p2a: Mightyena|Sucker Punch|p1a: Floatzel|[still]
|-fail|p2a: Mightyena
|
|upkeep
|turn|16
|c|☆Watchog|nvm
|c| lolbro|,.
|c|☆Watchog|:O
|c| Chrisloud|git gud
|c| lolbro|sick choie
|c| lolbro|choke
|choice|move aquajet|move suckerpunch
|
|move|p1a: Floatzel|Aqua Jet|p2a: Mightyena
|-damage|p2a: Mightyena|68\/281
|-damage|p1a: Floatzel|9\/311|[from] item: Life Orb
|move|p2a: Mightyena|Sucker Punch|p1a: Floatzel|[still]
|-fail|p2a: Mightyena
|
|upkeep
|turn|17
|choice|move hiddenpower|move suckerpunch
|
|move|p2a: Mightyena|Sucker Punch|p1a: Floatzel
|-damage|p1a: Floatzel|0 fnt
|-damage|p2a: Mightyena|40\/281|[from] item: Life Orb
|faint|p1a: Floatzel
|-ability|p2a: Mightyena|Moxie|boost
|-boost|p2a: Mightyena|atk|1
|
|upkeep
|choice|switch 4|
|
|switch|p1a: Zorua|Zorua, F|222\/222
|-damage|p1a: Zorua|185\/222|[from] Spikes
|-damage|p1a: Zorua|158\/222|[from] Stealth Rock
|turn|18
|choice|move incinerate|move suckerpunch
|
|move|p2a: Mightyena|Sucker Punch|p1a: Zorua
|-resisted|p1a: Zorua
|-damage|p1a: Zorua|0 fnt
|-damage|p2a: Mightyena|12\/281|[from] item: Life Orb
|faint|p1a: Zorua
|-ability|p2a: Mightyena|Moxie|boost
|-boost|p2a: Mightyena|atk|1
|
|upkeep
|c|☆Watchog|wait
|c|☆Watchog|NO
|c| lolbro|wait
|c| lolbro|LOL
|c| carcy|LOL
|c|☆Blast|when you choke
|choice|switch 3|
|
|switch|p1a: Vileplume|Vileplume, M|233\/328
|-damage|p1a: Vileplume|192\/328|[from] Stealth Rock
|-damage|p1a: Vileplume|138\/328|[from] Spikes
|turn|19
|c|☆Blast|beyond comprehension
|c| lolbro|when u choke
|c|☆Watchog|i wanted him to get the last kill
|c| lolbro|after he chokes
|c| Chrisloud|spiky shield
|c| Chrisloud|here
|c| Chrisloud|ez
|choice|move synthesis|move crunch
|
|move|p2a: Mightyena|Crunch|p1a: Vileplume
|-damage|p1a: Vileplume|0 fnt
|-damage|p2a: Mightyena|0 fnt|[from] item: Life Orb
|faint|p1a: Vileplume
|faint|p2a: Mightyena
|
|win|Blast
|player|p1
|player|p2
|c|☆Blast|GG.
|c| carcy|GG
|c|☆Watchog|gg
|l|Chrisloud
|l|Watchog
|l|lolbro</script>
</div>
<div class="battle-log battle-log-inline"><div class="inner"><div class="battle-options"></div><div class="inner"><div class="chat"><small>Watchog joined.</small></div><div class="chat"><small>Blast joined.</small></div><div class=""><small>Format:</small> <br><strong>NU</strong></div><div class=""><small><em>Sleep Clause Mod:</em> Limit one foe put to sleep</small></div><div class=""><small><em>Species Clause:</em> Limit one of each Pokémon</small></div><div class=""><small><em>OHKO Clause:</em> OHKO moves are banned</small></div><div class=""><small><em>Moody Clause:</em> Moody is banned</small></div><div class=""><small><em>Evasion Moves Clause:</em> Evasion moves are banned</small></div><div class=""><small><em>Endless Battle Clause:</em> Forcing endless battles is banned</small></div><div class=""><small><em>HP Percentage Mod:</em> HP is shown in percentages</small></div><div class=""><small><em>Swagger Clause:</em> Swagger is banned</small></div><div class=""><small><em>Baton Pass Clause:</em> Limit one Baton Passer, can't pass Spe and other stats simultaneously</small></div><div class="chat battle-history"><strong>Watchog's team:</strong> <em style="color:#445566;display:block;">Zorua / Aurorus / Vileplume / Floatzel / Steelix / Tauros</em></div><div class="chat battle-history"><strong>Blast's team:</strong> <em style="color:#445566;display:block;">Stoutland / Manectric / Smeargle / Mightyena / Growlithe / Snubbull</em></div><div class="chat chatmessage-watchog"><strong style="color:hsl(139,83%,31%)"><small>☆</small><span class="username" data-name="Watchog">Watchog</span>:</strong> <em>have fun</em></div><div class="chat"><small>melodymania! joined.</small></div><div class="chat"><small>lolbro joined.</small></div><div class="chat"><small>Chrisloud joined.</small></div><div class="chat chatmessage-lolbro"><strong style="color:hsl(130,76%,34%)"><small> </small><span class="username" data-name="lolbro">lolbro</span>:</strong> <em>6-0 watchog inv</em></div><div class="chat chatmessage-lolbro"><strong style="color:hsl(130,76%,34%)"><small> </small><span class="username" data-name="lolbro">lolbro</span>:</strong> <em>inc</em></div><div class="chat"><small>carcy joined.</small></div><div class="spacer battle-history"><br></div><div class="battle-history">Battle started between Watchog and Blast!<br></div><div class="spacer battle-history"><br></div><div class="battle-history">Go! <strong>Steelix</strong>!<br></div><div class="spacer battle-history"><br></div><div class="battle-history">Blast sent out <strong>Smeargle</strong>!<br></div><div class="spacer battle-history"><br></div><h2 class="battle-history">Turn 1</h2><div class="chat chatmessage-melodymania"><strong style="color:hsl(230,89%,58.818084416620394%)"><small> </small><span class="username" data-name="melodymania!">melodymania!</span>:</strong> <em>it's a zorua</em></div><div class="chat chatmessage-watchog"><strong style="color:hsl(139,83%,31%)"><small>☆</small><span class="username" data-name="Watchog">Watchog</span>:</strong> <em>how do I know what the zorua is</em></div><div class="chat chatmessage-melodymania"><strong style="color:hsl(230,89%,58.818084416620394%)"><small> </small><span class="username" data-name="melodymania!">melodymania!</span>:</strong> <em>don't trust</em></div><div class="chat"><small>Galactiknight♘ joined.</small></div><div class="chat chatmessage-watchog"><strong style="color:hsl(139,83%,31%)"><small>☆</small><span class="username" data-name="Watchog">Watchog</span>:</strong> <em>I picked random stuff</em></div><div class="chat chatmessage-melodymania"><strong style="color:hsl(230,89%,58.818084416620394%)"><small> </small><span class="username" data-name="melodymania!">melodymania!</span>:</strong> <em>zzzvsjanskskql</em></div><div class="chat chatmessage-melodymania"><strong style="color:hsl(230,89%,58.818084416620394%)"><small> </small><span class="username" data-name="melodymania!">melodymania!</span>:</strong> <em>omg</em></div><div class="chat chatmessage-blast"><strong style="color:hsl(10,65%,45%)"><small>☆</small><span class="username" data-name="Blast">Blast</span>:</strong> <em>!dt zorua</em></div><div class="chat message-error">[outdated code no longer supported]</div><div class="chat"><font size="1"><font color="#686868">Dex#:</font> 570&nbsp;|  <font color="#686868">Gen:</font> 5&nbsp;|  <font color="#686868">Height:</font> 0.7 m&nbsp;|  <font color="#686868">Weight:</font> 12.5 kg <em>(40 BP)</em>&nbsp;|  <font color="#686868">Dex Colour:</font> Gray&nbsp;|  <font color="#686868">Egg Group(s):</font> Field&nbsp;|  <font color="#686868">Evolution:</font> Zoroark (30)</font></div><div class="spacer battle-history"><br></div><div class="battle-history">The opposing Smeargle used <strong>Stealth Rock</strong>!<br></div><div class="battle-history"><small>Pointed stones float in the air around your team!</small><br></div><div class="spacer battle-history"><br></div><div class="battle-history">Steelix used <strong>Stealth Rock</strong>!<br></div><div class="battle-history"><small>Pointed stones float in the air around the opposing team!</small><br></div><div class="spacer battle-history"><br></div><h2 class="battle-history">Turn 2</h2><div class="chat chatmessage-watchog"><strong style="color:hsl(139,83%,31%)"><small>☆</small><span class="username" data-name="Watchog">Watchog</span>:</strong> <em>!dt illusion</em></div><div class="chat message-error">[outdated code no longer supported]</div><div class="chat"><font size="1"></font></div><div class="chat chatmessage-watchog"><strong style="color:hsl(139,83%,31%)"><small>☆</small><span class="username" data-name="Watchog">Watchog</span>:</strong> <em>Oh</em></div><div class="chat chatmessage-watchog"><strong style="color:hsl(139,83%,31%)"><small>☆</small><span class="username" data-name="Watchog">Watchog</span>:</strong> <em>hmm</em></div><div class="chat chatmessage-melodymania"><strong style="color:hsl(230,89%,58.818084416620394%)"><small> </small><span class="username" data-name="melodymania!">melodymania!</span>:</strong> <em>omgggggg</em></div><div class="spacer battle-history"><br></div><div class="battle-history">The opposing Smeargle used <strong>Spikes</strong>!<br></div><div class="battle-history"><small>Spikes were scattered on the ground all around your team!</small><br></div><div class="spacer battle-history"><br></div><div class="battle-history">Steelix used <strong>Earthquake</strong>!<br></div><div class="battle-history"><small>(The opposing Smeargle lost <abbr title="−231/252">91.7%</abbr> of its health!)</small><br></div><div class="spacer battle-history"><br></div><h2 class="battle-history">Turn 3</h2><div class="chat chatmessage-melodymania"><strong style="color:hsl(230,89%,58.818084416620394%)"><small> </small><span class="username" data-name="melodymania!">melodymania!</span>:</strong> <em>watchog u bad</em></div><div class="spacer battle-history"><br></div><div class="battle-history">The opposing Smeargle used <strong>Spikes</strong>!<br></div><div class="battle-history"><small>Spikes were scattered on the ground all around your team!</small><br></div><div class="spacer battle-history"><br></div><div class="battle-history">Steelix used <strong>Earthquake</strong>!<br></div><div class="battle-history"><small>(The opposing Smeargle lost <abbr title="−21/252">8.3%</abbr> of its health!)</small><br></div><div class="spacer battle-history"><br></div><div class="battle-history">The opposing Smeargle fainted!<br></div><div class="chat chatmessage-watchog"><strong style="color:hsl(139,83%,31%)"><small>☆</small><span class="username" data-name="Watchog">Watchog</span>:</strong> <em>they call me dirty dan</em></div><div class="spacer battle-history"><br></div><div class="battle-history">Blast sent out <strong>Growlithe</strong>!<br></div><div class="battle-history"><small>Pointed stones dug into the opposing Growlithe!</small><br></div><div class="battle-history"><small>[The opposing Growlithe's Intimidate]</small><br></div><div class="battle-history"><small>Steelix's Attack fell!</small><br></div><div class="spacer battle-history"><br></div><h2 class="battle-history">Turn 4</h2><div class="chat chatmessage-watchog"><strong style="color:hsl(139,83%,31%)"><small>☆</small><span class="username" data-name="Watchog">Watchog</span>:</strong> <em>u have no water resists buddE</em></div><div class="chat chatmessage-blast"><strong style="color:hsl(10,65%,45%)"><small>☆</small><span class="username" data-name="Blast">Blast</span>:</strong> <em>which one of you is dirty dan</em></div><div class="spacer battle-history"><br></div><div class="battle-history">The opposing Growlithe used <strong>Wild Charge</strong>!<br></div><div class="battle-history"><small>It doesn't affect Steelix...</small><br></div><div class="spacer battle-history"><br></div><div class="battle-history">Steelix used <strong>Earthquake</strong>!<br></div><div class="battle-history"><small>It's super effective!</small><br></div><div class="battle-history"><small>(The opposing Growlithe lost <abbr title="−180/314">57.3%</abbr> of its health!)</small><br></div><div class="spacer battle-history"><br></div><h2 class="battle-history">Turn 5</h2><div class="chat chatmessage-melodymania"><strong style="color:hsl(230,89%,58.818084416620394%)"><small> </small><span class="username" data-name="melodymania!">melodymania!</span>:</strong> <em>which one of you is the <i>real</i> dirty dan</em></div><div class="chat chatmessage-watchog"><strong style="color:hsl(139,83%,31%)"><small>☆</small><span class="username" data-name="Watchog">Watchog</span>:</strong> <em>?</em></div><div class="chat chatmessage-lolbro"><strong style="color:hsl(130,76%,34%)"><small> </small><span class="username" data-name="lolbro">lolbro</span>:</strong> <em>sick</em></div><div class="chat chatmessage-lolbro"><strong style="color:hsl(130,76%,34%)"><small> </small><span class="username" data-name="lolbro">lolbro</span>:</strong> <em>play</em></div><div class="chat chatmessage-lolbro"><strong style="color:hsl(130,76%,34%)"><small> </small><span class="username" data-name="lolbro">lolbro</span>:</strong> <em>blast</em></div><div class="spacer battle-history"><br></div><div class="battle-history">The opposing Growlithe used <strong>Will-O-Wisp</strong>!<br></div><div class="battle-history"><small>Steelix was burned!</small><br></div><div class="spacer battle-history"><br></div><div class="battle-history">Steelix used <strong>Roar</strong>!<br></div><div class="spacer battle-history"><br></div><div class="battle-history"><strong>Manectric</strong> was dragged out!<br></div><div class="battle-history"><small>Pointed stones dug into the opposing Manectric!</small><br></div><div class="spacer battle-history"><br></div><div class="battle-history"><small>Steelix was hurt by its burn!</small><br></div><div class="spacer battle-history"><br></div><h2 class="battle-history">Turn 6</h2><div class="chat chatmessage-watchog"><strong style="color:hsl(139,83%,31%)"><small>☆</small><span class="username" data-name="Watchog">Watchog</span>:</strong> <em>?</em></div><div class="chat chatmessage-watchog"><strong style="color:hsl(139,83%,31%)"><small>☆</small><span class="username" data-name="Watchog">Watchog</span>:</strong> <em>??</em></div><div class="chat chatmessage-watchog"><strong style="color:hsl(139,83%,31%)"><small>☆</small><span class="username" data-name="Watchog">Watchog</span>:</strong> <em>?</em></div><div class="chat chatmessage-melodymania"><strong style="color:hsl(230,89%,58.818084416620394%)"><small> </small><span class="username" data-name="melodymania!">melodymania!</span>:</strong> <em>??</em></div><div class="chat chatmessage-lolbro"><strong style="color:hsl(130,76%,34%)"><small> </small><span class="username" data-name="lolbro">lolbro</span>:</strong> <em>why are you getting 6-0d</em></div><div class="chat chatmessage-melodymania"><strong style="color:hsl(230,89%,58.818084416620394%)"><small> </small><span class="username" data-name="melodymania!">melodymania!</span>:</strong> <em>m</em></div><div class="chat chatmessage-watchog"><strong style="color:hsl(139,83%,31%)"><small>☆</small><span class="username" data-name="Watchog">Watchog</span>:</strong> <em>doggooooo</em></div><div class="spacer battle-history"><br></div><div class="battle-history">Blast withdrew Manectric!<br></div><div class="battle-history">Blast sent out <strong>Growlithe</strong>!<br></div><div class="battle-history"><small>Pointed stones dug into the opposing Growlithe!</small><br></div><div class="spacer battle-history"><br></div><div class="battle-history">The opposing Growlithe fainted!<br></div><div class="battle-history">Steelix used <strong>Earthquake</strong>!<br></div><div class="battle-history"><small>But there was no target...</small><br></div><div class="spacer battle-history"><br></div><div class="battle-history"><small>Steelix restored a little HP using its Leftovers!</small><br></div><div class="battle-history"><small>Steelix was hurt by its burn!</small><br></div><div class="chat chatmessage-melodymania"><strong style="color:hsl(230,89%,58.818084416620394%)"><small> </small><span class="username" data-name="melodymania!">melodymania!</span>:</strong> <em>?</em></div><div class="chat chatmessage-watchog"><strong style="color:hsl(139,83%,31%)"><small>☆</small><span class="username" data-name="Watchog">Watchog</span>:</strong> <em>doggooooo</em></div><div class="chat chatmessage-watchog"><strong style="color:hsl(139,83%,31%)"><small>☆</small><span class="username" data-name="Watchog">Watchog</span>:</strong> <em>doggooooo</em></div><div class="chat chatmessage-lolbro"><strong style="color:hsl(130,76%,34%)"><small> </small><span class="username" data-name="lolbro">lolbro</span>:</strong> <em>by lead lix</em></div><div class="chat chatmessage-watchog"><strong style="color:hsl(139,83%,31%)"><small>☆</small><span class="username" data-name="Watchog">Watchog</span>:</strong> <em>snubbull isnt even a dog</em></div><div class="spacer battle-history"><br></div><div class="battle-history">Blast sent out <strong>Manectric</strong>!<br></div><div class="battle-history"><small>Pointed stones dug into the opposing Manectric!</small><br></div><div class="spacer battle-history"><br></div><h2 class="battle-history">Turn 7</h2><div class="chat chatmessage-lolbro"><strong style="color:hsl(130,76%,34%)"><small> </small><span class="username" data-name="lolbro">lolbro</span>:</strong> <em>its a pitbull</em></div><div class="chat chatmessage-lolbro"><strong style="color:hsl(130,76%,34%)"><small> </small><span class="username" data-name="lolbro">lolbro</span>:</strong> <em>,,</em></div><div class="spacer battle-history"><br></div><div class="battle-history">The opposing Manectric used <strong>Overheat</strong>!<br></div><div class="battle-history"><small>It's super effective!</small><br></div><div class="battle-history"><small>(Steelix lost <abbr title="−287/353">81.3%</abbr> of its health!)</small><br></div><div class="battle-history"><small>The opposing Manectric's Special Attack fell harshly!</small><br></div><div class="battle-history"><small>The opposing Manectric lost some of its HP!</small><br></div><div class="spacer battle-history"><br></div><div class="battle-history">Steelix fainted!<br></div><div class="chat chatmessage-watchog"><strong style="color:hsl(139,83%,31%)"><small>☆</small><span class="username" data-name="Watchog">Watchog</span>:</strong> <em>about fucking time</em></div><div class="spacer battle-history"><br></div><div class="battle-history">Go! <strong>Aurorus</strong>!<br></div><div class="battle-history"><small>Pointed stones dug into Aurorus!</small><br></div><div class="battle-history"><small>Aurorus is hurt by the spikes!</small><br></div><div class="spacer battle-history"><br></div><h2 class="battle-history">Turn 8</h2><div class="chat chatmessage-blast"><strong style="color:hsl(10,65%,45%)"><small>☆</small><span class="username" data-name="Blast">Blast</span>:</strong> <em>i bet this is zorua</em></div><div class="chat chatmessage-watchog"><strong style="color:hsl(139,83%,31%)"><small>☆</small><span class="username" data-name="Watchog">Watchog</span>:</strong> <em>OK</em></div><div class="chat chatmessage-watchog"><strong style="color:hsl(139,83%,31%)"><small>☆</small><span class="username" data-name="Watchog">Watchog</span>:</strong> <em>(:</em></div><div class="spacer battle-history"><br></div><div class="battle-history">Aurorus used <strong>Hyper Voice</strong>!<br></div><div class="battle-history"><small>(The opposing Manectric lost <abbr title="−183/281">65.1%</abbr> of its health!)</small><br></div><div class="spacer battle-history"><br></div><div class="battle-history">The opposing Manectric fainted!<br></div><div class="chat chatmessage-watchog"><strong style="color:hsl(139,83%,31%)"><small>☆</small><span class="username" data-name="Watchog">Watchog</span>:</strong> <em>!learn zorua, hyper voice</em></div><div class="chat"><div class="infobox">In Gen 7, Zorua <span class="message-learn-canlearn">can</span> learn Hyper Voice only when obtained from:<ul class="message-learn-list"><li>gen 6 or earlier (all moves are level-up/tutor/TM/HM in gen 6 to 7)</li></ul></div></div><div class="chat chatmessage-watchog"><strong style="color:hsl(139,83%,31%)"><small>☆</small><span class="username" data-name="Watchog">Watchog</span>:</strong> <em>hmm</em></div><div class="chat chatmessage-blast"><strong style="color:hsl(10,65%,45%)"><small>☆</small><span class="username" data-name="Blast">Blast</span>:</strong> <em>alas</em></div><div class="chat chatmessage-watchog"><strong style="color:hsl(139,83%,31%)"><small>☆</small><span class="username" data-name="Watchog">Watchog</span>:</strong> <em>thoughts</em></div><div class="chat"><small>lolbro left.</small></div><div class="chat chatmessage-blast"><strong style="color:hsl(10,65%,45%)"><small>☆</small><span class="username" data-name="Blast">Blast</span>:</strong> <em>o tru</em></div><div class="chat"><small>boltsandbombers joined.</small></div><div class="chat chatmessage-blast"><strong style="color:hsl(10,65%,45%)"><small>☆</small><span class="username" data-name="Blast">Blast</span>:</strong> <em>i believe again.</em></div><div class="chat chatmessage-boltsandbombers"><strong style="color:hsl(244,46%,65.41477237052271%)"><small>+</small><span class="username" data-name="boltsandbombers">boltsandbombers</span>:</strong> <em>doggo</em></div><div class="spacer battle-history"><br></div><div class="battle-history">Blast sent out <strong>Snubbull</strong>!<br></div><div class="battle-history"><small>Pointed stones dug into the opposing Snubbull!</small><br></div><div class="battle-history"><small>[The opposing Snubbull's Intimidate]</small><br></div><div class="battle-history"><small>Aurorus's Attack fell!</small><br></div><div class="spacer battle-history"><br></div><h2 class="battle-history">Turn 9</h2><div class="spacer battle-history"><br></div><div class="battle-history">Aurorus, come back!<br></div><div class="battle-history">Go! <strong>Vileplume</strong>!<br></div><div class="battle-history"><small>Vileplume is hurt by the spikes!</small><br></div><div class="battle-history"><small>Pointed stones dug into Vileplume!</small><br></div><div class="spacer battle-history"><br></div><div class="battle-history">The opposing Snubbull used <strong>Roar</strong>!<br></div><div class="spacer battle-history"><br></div><div class="battle-history"><strong>Floatzel</strong> was dragged out!<br></div><div class="battle-history"><small>Pointed stones dug into Floatzel!</small><br></div><div class="battle-history"><small>Floatzel is hurt by the spikes!</small><br></div><div class="spacer battle-history"><br></div><h2 class="battle-history">Turn 10</h2><div class="spacer battle-history"><br></div><div class="battle-history">Floatzel used <strong>Hydro Pump</strong>!<br></div><div class="battle-history"><small>(The opposing Snubbull lost <abbr title="−269/324">83.0%</abbr> of its health!)</small><br></div><div class="battle-history"><small>Floatzel lost some of its HP!</small><br></div><div class="spacer battle-history"><br></div><div class="battle-history">The opposing Snubbull used <strong>Roar</strong>!<br></div><div class="spacer battle-history"><br></div><div class="battle-history"><strong>Tauros</strong> was dragged out!<br></div><div class="battle-history"><small>Tauros is hurt by the spikes!</small><br></div><div class="battle-history"><small>Pointed stones dug into Tauros!</small><br></div><div class="spacer battle-history"><br></div><h2 class="battle-history">Turn 11</h2><div class="chat chatmessage-watchog"><strong style="color:hsl(139,83%,31%)"><small>☆</small><span class="username" data-name="Watchog">Watchog</span>:</strong> <em>how did that live</em></div><div class="chat chatmessage-boltsandbombers"><strong style="color:hsl(244,46%,65.41477237052271%)"><small>+</small><span class="username" data-name="boltsandbombers">boltsandbombers</span>:</strong> <em>tanked.</em></div><div class="spacer battle-history"><br></div><div class="battle-history">Tauros used <strong>Iron Head</strong>!<br></div><div class="battle-history"><small>It's super effective!</small><br></div><div class="battle-history"><small>(The opposing Snubbull lost <abbr title="−15/324">4.6%</abbr> of its health!)</small><br></div><div class="spacer battle-history"><br></div><div class="battle-history">The opposing Snubbull fainted!<br></div><div class="chat chatmessage-chrisloud"><strong style="color:hsl(98,63%,38%)"><small> </small><span class="username" data-name="Chrisloud">Chrisloud</span>:</strong> <em>does smeargle counts as a dog</em></div><div class="spacer battle-history"><br></div><div class="battle-history">Blast sent out <strong>Stoutland</strong>!<br></div><div class="battle-history"><small>Pointed stones dug into the opposing Stoutland!</small><br></div><div class="spacer battle-history"><br></div><h2 class="battle-history">Turn 12</h2><div class="chat chatmessage-melodymania"><strong style="color:hsl(230,89%,58.818084416620394%)"><small> </small><span class="username" data-name="melodymania!">melodymania!</span>:</strong> <em>yes</em></div><div class="chat chatmessage-melodymania"><strong style="color:hsl(230,89%,58.818084416620394%)"><small> </small><span class="username" data-name="melodymania!">melodymania!</span>:</strong> <em>it's a beagle</em></div><div class="spacer battle-history"><br></div><div class="battle-history">Tauros used <strong>Rock Climb</strong>!<br></div><div class="battle-history"><small>The opposing Stoutland avoided the attack!</small><br></div><div class="spacer battle-history"><br></div><div class="battle-history">The opposing Stoutland used <strong>Return</strong>!<br></div><div class="battle-history"><small>(Tauros lost <abbr title="−207/291">71.1%</abbr> of its health!)</small><br></div><div class="spacer battle-history"><br></div><div class="battle-history">Tauros fainted!<br></div><div class="chat chatmessage-watchog"><strong style="color:hsl(139,83%,31%)"><small>☆</small><span class="username" data-name="Watchog">Watchog</span>:</strong> <em>NOHFDXG</em></div><div class="chat"><small>lolbro joined.</small></div><div class="chat chatmessage-watchog"><strong style="color:hsl(139,83%,31%)"><small>☆</small><span class="username" data-name="Watchog">Watchog</span>:</strong> <em>okbf</em></div><div class="chat chatmessage-watchog"><strong style="color:hsl(139,83%,31%)"><small>☆</small><span class="username" data-name="Watchog">Watchog</span>:</strong> <em>nonf</em></div><div class="spacer battle-history"><br></div><div class="battle-history">Go! <strong>Aurorus</strong>!<br></div><div class="battle-history"><small>Aurorus is hurt by the spikes!</small><br></div><div class="battle-history"><small>Pointed stones dug into Aurorus!</small><br></div><div class="spacer battle-history"><br></div><h2 class="battle-history">Turn 13</h2><div class="chat chatmessage-chrisloud"><strong style="color:hsl(98,63%,38%)"><small> </small><span class="username" data-name="Chrisloud">Chrisloud</span>:</strong> <em>no focus blast</em></div><div class="chat chatmessage-melodymania"><strong style="color:hsl(230,89%,58.818084416620394%)"><small> </small><span class="username" data-name="melodymania!">melodymania!</span>:</strong> <em>nonf</em></div><div class="chat chatmessage-melodymania"><strong style="color:hsl(230,89%,58.818084416620394%)"><small> </small><span class="username" data-name="melodymania!">melodymania!</span>:</strong> <em>nonf</em></div><div class="chat chatmessage-chrisloud"><strong style="color:hsl(98,63%,38%)"><small> </small><span class="username" data-name="Chrisloud">Chrisloud</span>:</strong> <em>git gud</em></div><div class="chat chatmessage-melodymania"><strong style="color:hsl(230,89%,58.818084416620394%)"><small> </small><span class="username" data-name="melodymania!">melodymania!</span>:</strong> <em>nonf</em></div><div class="chat chatmessage-melodymania"><strong style="color:hsl(230,89%,58.818084416620394%)"><small> </small><span class="username" data-name="melodymania!">melodymania!</span>:</strong> <em>nonf</em></div><div class="chat chatmessage-melodymania"><strong style="color:hsl(230,89%,58.818084416620394%)"><small> </small><span class="username" data-name="melodymania!">melodymania!</span>:</strong> <em>nonf</em></div><div class="chat chatmessage-blast"><strong style="color:hsl(10,65%,45%)"><small>☆</small><span class="username" data-name="Blast">Blast</span>:</strong> <em>this is what happens</em></div><div class="chat chatmessage-melodymania"><strong style="color:hsl(230,89%,58.818084416620394%)"><small> </small><span class="username" data-name="melodymania!">melodymania!</span>:</strong> <em>nonf</em></div><div class="chat chatmessage-blast"><strong style="color:hsl(10,65%,45%)"><small>☆</small><span class="username" data-name="Blast">Blast</span>:</strong> <em>when you doubt the dogs</em></div><div class="chat chatmessage-boltsandbombers"><strong style="color:hsl(244,46%,65.41477237052271%)"><small>+</small><span class="username" data-name="boltsandbombers">boltsandbombers</span>:</strong> <em>nonf.</em></div><div class="spacer battle-history"><br></div><div class="battle-history">Aurorus used <strong>Hyper Voice</strong>!<br></div><div class="battle-history"><small>A critical hit!</small><br></div><div class="battle-history"><small>(The opposing Stoutland lost <abbr title="−271/311">87.1%</abbr> of its health!)</small><br></div><div class="spacer battle-history"><br></div><div class="battle-history">The opposing Stoutland used <strong>Return</strong>!<br></div><div class="battle-history"><small>It's not very effective...</small><br></div><div class="battle-history"><small>(Aurorus lost <abbr title="−67/387">17.3%</abbr> of its health!)</small><br></div><div class="spacer battle-history"><br></div><div class="battle-history">Aurorus fainted!<br></div><div class="chat chatmessage-watchog"><strong style="color:hsl(139,83%,31%)"><small>☆</small><span class="username" data-name="Watchog">Watchog</span>:</strong> <em>omg</em></div><div class="chat chatmessage-watchog"><strong style="color:hsl(139,83%,31%)"><small>☆</small><span class="username" data-name="Watchog">Watchog</span>:</strong> <em>cash</em></div><div class="chat chatmessage-boltsandbombers"><strong style="color:hsl(244,46%,65.41477237052271%)"><small>+</small><span class="username" data-name="boltsandbombers">boltsandbombers</span>:</strong> <em>1.</em></div><div class="spacer battle-history"><br></div><div class="battle-history">Go! <strong>Floatzel</strong>!<br></div><div class="battle-history"><small>Pointed stones dug into Floatzel!</small><br></div><div class="battle-history"><small>Floatzel is hurt by the spikes!</small><br></div><div class="spacer battle-history"><br></div><h2 class="battle-history">Turn 14</h2><div class="chat chatmessage-blast"><strong style="color:hsl(10,65%,45%)"><small>☆</small><span class="username" data-name="Blast">Blast</span>:</strong> <em>chew</em></div><div class="chat chatmessage-chrisloud"><strong style="color:hsl(98,63%,38%)"><small> </small><span class="username" data-name="Chrisloud">Chrisloud</span>:</strong> <em>miss ice beam here</em></div><div class="chat chatmessage-blast"><strong style="color:hsl(10,65%,45%)"><small>☆</small><span class="username" data-name="Blast">Blast</span>:</strong> <em>i knew your spread</em></div><div class="spacer battle-history"><br></div><div class="battle-history">Floatzel used <strong>Aqua Jet</strong>!<br></div><div class="battle-history"><small>(The opposing Stoutland lost <abbr title="−2/311">0.6%</abbr> of its health!)</small><br></div><div class="battle-history"><small>Floatzel lost some of its HP!</small><br></div><div class="spacer battle-history"><br></div><div class="battle-history">The opposing Stoutland fainted!<br></div><div class="chat chatmessage-blast"><strong style="color:hsl(10,65%,45%)"><small>☆</small><span class="username" data-name="Blast">Blast</span>:</strong> <em>dam</em></div><div class="chat chatmessage-blast"><strong style="color:hsl(10,65%,45%)"><small>☆</small><span class="username" data-name="Blast">Blast</span>:</strong> <em>i couldnt reveal quick attack</em></div><div class="chat chatmessage-watchog"><strong style="color:hsl(139,83%,31%)"><small>☆</small><span class="username" data-name="Watchog">Watchog</span>:</strong> <em>i lose to mightyena</em></div><div class="spacer battle-history"><br></div><div class="battle-history">Blast sent out <strong>Mightyena</strong>!<br></div><div class="battle-history"><small>Pointed stones dug into the opposing Mightyena!</small><br></div><div class="spacer battle-history"><br></div><h2 class="battle-history">Turn 15</h2><div class="chat chatmessage-watchog"><strong style="color:hsl(139,83%,31%)"><small>☆</small><span class="username" data-name="Watchog">Watchog</span>:</strong> <em>moxie</em></div><div class="chat chatmessage-watchog"><strong style="color:hsl(139,83%,31%)"><small>☆</small><span class="username" data-name="Watchog">Watchog</span>:</strong> <em>yup</em></div><div class="spacer battle-history"><br></div><div class="battle-history">Floatzel used <strong>Aqua Jet</strong>!<br></div><div class="battle-history"><small>(The opposing Mightyena lost <abbr title="−87/281">31.0%</abbr> of its health!)</small><br></div><div class="battle-history"><small>Floatzel lost some of its HP!</small><br></div><div class="spacer battle-history"><br></div><div class="battle-history">The opposing Mightyena used <strong>Sucker Punch</strong>!<br></div><div class="battle-history"><small>But it failed!</small><br></div><div class="spacer battle-history"><br></div><h2 class="battle-history">Turn 16</h2><div class="chat chatmessage-watchog"><strong style="color:hsl(139,83%,31%)"><small>☆</small><span class="username" data-name="Watchog">Watchog</span>:</strong> <em>nvm</em></div><div class="chat chatmessage-lolbro"><strong style="color:hsl(130,76%,34%)"><small> </small><span class="username" data-name="lolbro">lolbro</span>:</strong> <em>,.</em></div><div class="chat chatmessage-watchog"><strong style="color:hsl(139,83%,31%)"><small>☆</small><span class="username" data-name="Watchog">Watchog</span>:</strong> <em>:O</em></div><div class="chat chatmessage-chrisloud"><strong style="color:hsl(98,63%,38%)"><small> </small><span class="username" data-name="Chrisloud">Chrisloud</span>:</strong> <em>git gud</em></div><div class="chat chatmessage-lolbro"><strong style="color:hsl(130,76%,34%)"><small> </small><span class="username" data-name="lolbro">lolbro</span>:</strong> <em>sick choie</em></div><div class="chat chatmessage-lolbro"><strong style="color:hsl(130,76%,34%)"><small> </small><span class="username" data-name="lolbro">lolbro</span>:</strong> <em>choke</em></div><div class="spacer battle-history"><br></div><div class="battle-history">Floatzel used <strong>Aqua Jet</strong>!<br></div><div class="battle-history"><small>(The opposing Mightyena lost <abbr title="−91/281">32.4%</abbr> of its health!)</small><br></div><div class="battle-history"><small>Floatzel lost some of its HP!</small><br></div><div class="spacer battle-history"><br></div><div class="battle-history">The opposing Mightyena used <strong>Sucker Punch</strong>!<br></div><div class="battle-history"><small>But it failed!</small><br></div><div class="spacer battle-history"><br></div><h2 class="battle-history">Turn 17</h2><div class="spacer battle-history"><br></div><div class="battle-history">The opposing Mightyena used <strong>Sucker Punch</strong>!<br></div><div class="battle-history"><small>(Floatzel lost <abbr title="−9/311">2.9%</abbr> of its health!)</small><br></div><div class="battle-history"><small>The opposing Mightyena lost some of its HP!</small><br></div><div class="spacer battle-history"><br></div><div class="battle-history">Floatzel fainted!<br></div><div class="battle-history"><small>[The opposing Mightyena's Moxie]</small><br></div><div class="battle-history"><small>The opposing Mightyena's Attack rose!</small><br></div><div class="spacer battle-history"><br></div><div class="battle-history">Go! <strong>Zorua</strong>!<br></div><div class="battle-history"><small>Zorua is hurt by the spikes!</small><br></div><div class="battle-history"><small>Pointed stones dug into Zorua!</small><br></div><div class="spacer battle-history"><br></div><h2 class="battle-history">Turn 18</h2><div class="spacer battle-history"><br></div><div class="battle-history">The opposing Mightyena used <strong>Sucker Punch</strong>!<br></div><div class="battle-history"><small>It's not very effective...</small><br></div><div class="battle-history"><small>(Zorua lost <abbr title="−158/222">71.2%</abbr> of its health!)</small><br></div><div class="battle-history"><small>The opposing Mightyena lost some of its HP!</small><br></div><div class="spacer battle-history"><br></div><div class="battle-history">Zorua fainted!<br></div><div class="battle-history"><small>[The opposing Mightyena's Moxie]</small><br></div><div class="battle-history"><small>The opposing Mightyena's Attack rose!</small><br></div><div class="chat chatmessage-watchog"><strong style="color:hsl(139,83%,31%)"><small>☆</small><span class="username" data-name="Watchog">Watchog</span>:</strong> <em>wait</em></div><div class="chat chatmessage-watchog"><strong style="color:hsl(139,83%,31%)"><small>☆</small><span class="username" data-name="Watchog">Watchog</span>:</strong> <em>NO</em></div><div class="chat chatmessage-lolbro"><strong style="color:hsl(130,76%,34%)"><small> </small><span class="username" data-name="lolbro">lolbro</span>:</strong> <em>wait</em></div><div class="chat chatmessage-lolbro"><strong style="color:hsl(130,76%,34%)"><small> </small><span class="username" data-name="lolbro">lolbro</span>:</strong> <em>LOL</em></div><div class="chat chatmessage-carcy"><strong style="color:hsl(233,54%,63.03061919484207%)"><small> </small><span class="username" data-name="carcy">carcy</span>:</strong> <em>LOL</em></div><div class="chat chatmessage-blast"><strong style="color:hsl(10,65%,45%)"><small>☆</small><span class="username" data-name="Blast">Blast</span>:</strong> <em>when you choke</em></div><div class="spacer battle-history"><br></div><div class="battle-history">Go! <strong>Vileplume</strong>!<br></div><div class="battle-history"><small>Pointed stones dug into Vileplume!</small><br></div><div class="battle-history"><small>Vileplume is hurt by the spikes!</small><br></div><div class="spacer battle-history"><br></div><h2 class="battle-history">Turn 19</h2><div class="chat chatmessage-blast"><strong style="color:hsl(10,65%,45%)"><small>☆</small><span class="username" data-name="Blast">Blast</span>:</strong> <em>beyond comprehension</em></div><div class="chat chatmessage-lolbro"><strong style="color:hsl(130,76%,34%)"><small> </small><span class="username" data-name="lolbro">lolbro</span>:</strong> <em>when u choke</em></div><div class="chat chatmessage-watchog"><strong style="color:hsl(139,83%,31%)"><small>☆</small><span class="username" data-name="Watchog">Watchog</span>:</strong> <em>i wanted him to get the last kill</em></div><div class="chat chatmessage-lolbro"><strong style="color:hsl(130,76%,34%)"><small> </small><span class="username" data-name="lolbro">lolbro</span>:</strong> <em>after he chokes</em></div><div class="chat chatmessage-chrisloud"><strong style="color:hsl(98,63%,38%)"><small> </small><span class="username" data-name="Chrisloud">Chrisloud</span>:</strong> <em>spiky shield</em></div><div class="chat chatmessage-chrisloud"><strong style="color:hsl(98,63%,38%)"><small> </small><span class="username" data-name="Chrisloud">Chrisloud</span>:</strong> <em>here</em></div><div class="chat chatmessage-chrisloud"><strong style="color:hsl(98,63%,38%)"><small> </small><span class="username" data-name="Chrisloud">Chrisloud</span>:</strong> <em>ez</em></div><div class="spacer battle-history"><br></div><div class="battle-history">The opposing Mightyena used <strong>Crunch</strong>!<br></div><div class="battle-history"><small>(Vileplume lost <abbr title="−138/328">42.1%</abbr> of its health!)</small><br></div><div class="battle-history"><small>The opposing Mightyena lost some of its HP!</small><br></div><div class="spacer battle-history"><br></div><div class="battle-history">Vileplume fainted!<br></div><div class="battle-history">The opposing Mightyena fainted!<br></div><div class="spacer battle-history"><br></div><div class="battle-history"><strong>Blast</strong> won the battle!<br></div><div class="chat chatmessage-blast"><strong style="color:hsl(10,65%,45%)"><small>☆</small><span class="username" data-name="Blast">Blast</span>:</strong> <em>GG.</em></div><div class="chat chatmessage-carcy"><strong style="color:hsl(233,54%,63.03061919484207%)"><small> </small><span class="username" data-name="carcy">carcy</span>:</strong> <em>GG</em></div><div class="chat chatmessage-watchog"><strong style="color:hsl(139,83%,31%)"><small>☆</small><span class="username" data-name="Watchog">Watchog</span>:</strong> <em>gg</em></div><div class="chat"><small>Chrisloud left.</small></div><div class="chat"><small>Watchog left.</small></div><div class="chat"><small>lolbro left.</small></div></div><div class="inner-preempt"></div></div></div>
</div>
<script>
let daily = Math.floor(Date.now()/1000/60/60/24);document.write('<script src="https://play.pokemonshowdown.com/js/replay-embed.js?version'+daily+'"></'+'script>');
</script>
