<!DOCTYPE html>
<meta charset="utf-8" />
<!-- version 1 -->
<title>NU replay: Yuro-LiTriiX vs. Supra-Airmure</title>
<style>
html,body {font-family:Verdana, sans-serif;font-size:10pt;margin:0;padding:0;}body{padding:12px 0;} .battle-log {font-family:Verdana, sans-serif;font-size:10pt;} .battle-log-inline {border:1px solid #AAAAAA;background:#EEF2F5;color:black;max-width:640px;margin:0 auto 80px;padding-bottom:5px;} .battle-log .inner {padding:4px 8px 0px 8px;} .battle-log .inner-preempt {padding:0 8px 4px 8px;} .battle-log .inner-after {margin-top:0.5em;} .battle-log h2 {margin:0.5em -8px;padding:4px 8px;border:1px solid #AAAAAA;background:#E0E7EA;border-left:0;border-right:0;font-family:Verdana, sans-serif;font-size:13pt;} .battle-log .chat {vertical-align:middle;padding:3px 0 3px 0;font-size:8pt;} .battle-log .chat strong {color:#40576A;} .battle-log .chat em {padding:1px 4px 1px 3px;color:#000000;font-style:normal;} .chat.mine {background:rgba(0,0,0,0.05);margin-left:-8px;margin-right:-8px;padding-left:8px;padding-right:8px;} .spoiler {color:#BBBBBB;background:#BBBBBB;padding:0px 3px;} .spoiler:hover, .spoiler:active, .spoiler-shown {color:#000000;background:#E2E2E2;padding:0px 3px;} .spoiler a {color:#BBBBBB;} .spoiler:hover a, .spoiler:active a, .spoiler-shown a {color:#2288CC;} .chat code, .chat .spoiler:hover code, .chat .spoiler:active code, .chat .spoiler-shown code {border:1px solid #C0C0C0;background:#EEEEEE;color:black;padding:0 2px;} .chat .spoiler code {border:1px solid #CCCCCC;background:#CCCCCC;color:#CCCCCC;} .battle-log .rated {padding:3px 4px;} .battle-log .rated strong {color:white;background:#89A;padding:1px 4px;border-radius:4px;} .spacer {margin-top:0.5em;} .message-announce {background:#6688AA;color:white;padding:1px 4px 2px;} .message-announce a, .broadcast-green a, .broadcast-blue a, .broadcast-red a {color:#DDEEFF;} .broadcast-green {background-color:#559955;color:white;padding:2px 4px;} .broadcast-blue {background-color:#6688AA;color:white;padding:2px 4px;} .infobox {border:1px solid #6688AA;padding:2px 4px;} .infobox-limited {max-height:200px;overflow:auto;overflow-x:hidden;} .broadcast-red {background-color:#AA5544;color:white;padding:2px 4px;} .message-learn-canlearn {font-weight:bold;color:#228822;text-decoration:underline;} .message-learn-cannotlearn {font-weight:bold;color:#CC2222;text-decoration:underline;} .message-effect-weak {font-weight:bold;color:#CC2222;} .message-effect-resist {font-weight:bold;color:#6688AA;} .message-effect-immune {font-weight:bold;color:#666666;} .message-learn-list {margin-top:0;margin-bottom:0;} .message-throttle-notice, .message-error {color:#992222;} .message-overflow, .chat small.message-overflow {font-size:0pt;} .message-overflow::before {font-size:9pt;content:'...';} .subtle {color:#3A4A66;}
</style>
<div class="wrapper replay-wrapper" style="max-width:1180px;margin:0 auto">
<input type="hidden" name="replayid" value="pokestrat-nu-708" />
<div class="battle"></div><div class="battle-log"></div><div class="replay-controls"></div><div class="replay-controls-2"></div>
<h1 style="font-weight:normal;text-align:center"><strong>NU</strong><br /><a href="http://pokemonshowdown.com/users/yurolitriix" class="subtle" target="_blank">Yuro-LiTriiX</a> vs. <a href="http://pokemonshowdown.com/users/supraairmure" class="subtle" target="_blank">Supra-Airmure</a></h1>
<script type="text/plain" class="battle-log-data">|j|Yuro-LiTriiX
|j|Supra-Airmure
|player|p1|Yuro-LiTriiX|164
|player|p2|Supra-Airmure|294
|gametype|singles
|gen|6
|tier|NU
|seed|48271,36591,54294,31345
|rule|Sleep Clause Mod: Limit one foe put to sleep
|rule|Species Clause: Limit one of each Pokémon
|rule|OHKO Clause: OHKO moves are banned
|rule|Moody Clause: Moody is banned
|rule|Evasion Moves Clause: Evasion moves are banned
|rule|Endless Battle Clause: Forcing endless battles is banned
|rule|HP Percentage Mod: HP is shown in percentages
|clearpoke
|poke|p1|Swellow, M|item
|poke|p1|Hitmonchan, M|item
|poke|p1|Steelix, M|item
|poke|p1|Xatu, M|item
|poke|p1|Lapras, F|item
|poke|p1|Scyther, M|item
|poke|p2|Steelix, F|item
|poke|p2|Xatu, M|item
|poke|p2|Hitmonchan, M|item
|poke|p2|Swellow, F|item
|poke|p2|Lilligant, F|item
|poke|p2|Barbaracle, F|item
|rule|Swagger Clause: Swagger is banned
|rule|Baton Pass Clause: Limit one Baton Passer, can't pass Spe and other stats simultaneously
|teampreview
|j|Mororine
|j|TheKira94
|c|☆Supra-Airmure|morobell !
|c| TheKira94|Yuro roule-lui dessus à ce mec irrespectueux :)
|j|yoshiro 1710
|raw|<div class="broadcast-red"><b>Moderated chat was set to +!<\/b><br \/>Only users of rank + and higher can talk.<\/div>
|c|☆Supra-Airmure|en vrai tant que morobelle parle cbon
|c|☆Supra-Airmure|sa voie suffit pour 20 personne
|c|☆Yuro-LiTriiX|Je stress trop là... c'est ma 3e finale NU, et je n'y croyais vraiment pas
|j|hgfdfghytrv
|c|☆Supra-Airmure|je veux mon bisou
|c|☆Supra-Airmure|dépéche
|choice|team 3, team 2, team 1, team 4, team 5, team 6|team 1, team 2, team 3, team 4, team 5, team 6
|
|start
|switch|p1a: Steelix|Steelix, M|352\/352
|switch|p2a: ⠀⠀⠀⠀|Steelix, F|354\/354
|turn|1
|l|TheKira94
|choice|switch 4|move stealthrock
|
|switch|p1a: Xatu|Xatu, M|334\/334
|move|p2a: ⠀⠀⠀⠀|Stealth Rock|p1a: Xatu
|move|p1a: Xatu|Stealth Rock|p2a: ⠀⠀⠀⠀|[from]Magic Bounce
|-sidestart|p2: Supra-Airmure|move: Stealth Rock
|
|upkeep
|turn|2
|choice|switch 2|move heavyslam
|
|switch|p1a: Hitmonchan|Hitmonchan, M|241\/241
|move|p2a: ⠀⠀⠀⠀|Heavy Slam|p1a: Hitmonchan
|-damage|p1a: Hitmonchan|24\/241
|
|upkeep
|turn|3
|l|hgfdfghytrv
|choice|switch 4|move heavyslam
|
|switch|p1a: Steelix|Steelix, M|352\/352
|move|p2a: ⠀⠀⠀⠀|Heavy Slam|p1a: Steelix
|-resisted|p1a: Steelix
|-damage|p1a: Steelix|337\/352
|
|-heal|p1a: Steelix|352\/352|[from] item: Leftovers
|upkeep
|turn|4
|c|☆Supra-Airmure|La défense c'est pour les boloss
|choice|move earthquake|move stealthrock
|
|move|p1a: Steelix|Earthquake|p2a: ⠀⠀⠀⠀
|-supereffective|p2a: ⠀⠀⠀⠀
|-damage|p2a: ⠀⠀⠀⠀|220\/354
|move|p2a: ⠀⠀⠀⠀|Stealth Rock|p1a: Steelix
|-sidestart|p1: Yuro-LiTriiX|move: Stealth Rock
|
|-heal|p2a: ⠀⠀⠀⠀|242\/354|[from] item: Leftovers
|upkeep
|turn|5
|choice|move earthquake|move dragontail
|
|move|p1a: Steelix|Earthquake|p2a: ⠀⠀⠀⠀
|-supereffective|p2a: ⠀⠀⠀⠀
|-damage|p2a: ⠀⠀⠀⠀|108\/354
|move|p2a: ⠀⠀⠀⠀|Dragon Tail|p1a: Steelix
|-resisted|p1a: Steelix
|-damage|p1a: Steelix|336\/352
|drag|p1a: Xatu|Xatu, M|334\/334
|-damage|p1a: Xatu|251\/334|[from] Stealth Rock
|
|-heal|p1a: Xatu|271\/334|[from] item: Leftovers
|-heal|p2a: ⠀⠀⠀⠀|130\/354|[from] item: Leftovers
|upkeep
|turn|6
|choice|move psychic|move stealthrock
|
|move|p1a: Xatu|Psychic|p2a: ⠀⠀⠀⠀
|-resisted|p2a: ⠀⠀⠀⠀
|-crit|p2a: ⠀⠀⠀⠀
|-damage|p2a: ⠀⠀⠀⠀|16\/354
|move|p2a: ⠀⠀⠀⠀|Stealth Rock|p1a: Xatu
|move|p1a: Xatu|Stealth Rock|p2a: ⠀⠀⠀⠀|[from]Magic Bounce
|-fail|p2a: ⠀⠀⠀⠀
|
|-heal|p1a: Xatu|291\/334|[from] item: Leftovers
|-heal|p2a: ⠀⠀⠀⠀|38\/354|[from] item: Leftovers
|upkeep
|turn|7
|c|☆Supra-Airmure|merde
|choice|move psychic|move heavyslam
|
|move|p1a: Xatu|Psychic|p2a: ⠀⠀⠀⠀
|-resisted|p2a: ⠀⠀⠀⠀
|-damage|p2a: ⠀⠀⠀⠀|0 fnt
|faint|p2a: ⠀⠀⠀⠀
|
|-heal|p1a: Xatu|311\/334|[from] item: Leftovers
|upkeep
|c|☆Supra-Airmure|bon pg je vais haxx
|choice||switch 3
|
|switch|p2a: ⠀⠀⠀⠀⠀⠀⠀⠀ ⠀⠀⠀⠀|Hitmonchan, M|303\/303
|-damage|p2a: ⠀⠀⠀⠀⠀⠀⠀⠀ ⠀⠀⠀⠀|285\/303|[from] Stealth Rock
|turn|8
|choice|move psychic|move drainpunch
|
|move|p1a: Xatu|Psychic|p2a: ⠀⠀⠀⠀⠀⠀⠀⠀ ⠀⠀⠀⠀
|-supereffective|p2a: ⠀⠀⠀⠀⠀⠀⠀⠀ ⠀⠀⠀⠀
|-damage|p2a: ⠀⠀⠀⠀⠀⠀⠀⠀ ⠀⠀⠀⠀|169\/303
|move|p2a: ⠀⠀⠀⠀⠀⠀⠀⠀ ⠀⠀⠀⠀|Drain Punch|p1a: Xatu
|-resisted|p1a: Xatu
|-damage|p1a: Xatu|273\/334
|-heal|p2a: ⠀⠀⠀⠀⠀⠀⠀⠀ ⠀⠀⠀⠀|188\/303|[from] drain|[of] p1a: Xatu
|
|-heal|p1a: Xatu|293\/334|[from] item: Leftovers
|upkeep
|turn|9
|choice|move calmmind|move drainpunch
|
|move|p1a: Xatu|Calm Mind|p1a: Xatu
|-boost|p1a: Xatu|spa|1
|-boost|p1a: Xatu|spd|1
|move|p2a: ⠀⠀⠀⠀⠀⠀⠀⠀ ⠀⠀⠀⠀|Drain Punch|p1a: Xatu
|-resisted|p1a: Xatu
|-crit|p1a: Xatu
|-damage|p1a: Xatu|240\/334
|-heal|p2a: ⠀⠀⠀⠀⠀⠀⠀⠀ ⠀⠀⠀⠀|215\/303|[from] drain|[of] p1a: Xatu
|
|-heal|p1a: Xatu|260\/334|[from] item: Leftovers
|upkeep
|turn|10
|c|☆Supra-Airmure|il se passe quoi
|choice|move psychic|move firepunch
|
|move|p1a: Xatu|Psychic|p2a: ⠀⠀⠀⠀⠀⠀⠀⠀ ⠀⠀⠀⠀
|-supereffective|p2a: ⠀⠀⠀⠀⠀⠀⠀⠀ ⠀⠀⠀⠀
|-damage|p2a: ⠀⠀⠀⠀⠀⠀⠀⠀ ⠀⠀⠀⠀|15\/303
|move|p2a: ⠀⠀⠀⠀⠀⠀⠀⠀ ⠀⠀⠀⠀|Fire Punch|p1a: Xatu
|-damage|p1a: Xatu|160\/334
|
|-heal|p1a: Xatu|180\/334|[from] item: Leftovers
|upkeep
|turn|11
|choice|move psychic|move firepunch
|
|move|p1a: Xatu|Psychic|p2a: ⠀⠀⠀⠀⠀⠀⠀⠀ ⠀⠀⠀⠀
|-supereffective|p2a: ⠀⠀⠀⠀⠀⠀⠀⠀ ⠀⠀⠀⠀
|-damage|p2a: ⠀⠀⠀⠀⠀⠀⠀⠀ ⠀⠀⠀⠀|0 fnt
|faint|p2a: ⠀⠀⠀⠀⠀⠀⠀⠀ ⠀⠀⠀⠀
|
|-heal|p1a: Xatu|200\/334|[from] item: Leftovers
|upkeep
|c|☆Supra-Airmure|j'ai un problème
|choice||switch 4
|
|switch|p2a: Swellow|Swellow, F|261\/261
|-damage|p2a: Swellow|196\/261|[from] Stealth Rock
|turn|12
|c|☆Supra-Airmure|le jeux joue tous seul
|choice|move psychic|switch 5
|
|switch|p2a: Lilligant|Lilligant, F|281\/281
|-damage|p2a: Lilligant|246\/281|[from] Stealth Rock
|move|p1a: Xatu|Psychic|p2a: Lilligant
|-damage|p2a: Lilligant|41\/281
|
|-heal|p2a: Lilligant|58\/281|[from] item: Leftovers
|-heal|p1a: Xatu|220\/334|[from] item: Leftovers
|upkeep
|turn|13
|choice|move signalbeam|move hiddenpower
|
|move|p2a: Lilligant|Hidden Power|p1a: Xatu
|-supereffective|p1a: Xatu
|-damage|p1a: Xatu|94\/334
|move|p1a: Xatu|Signal Beam|p2a: Lilligant
|-supereffective|p2a: Lilligant
|-damage|p2a: Lilligant|0 fnt
|faint|p2a: Lilligant
|
|-heal|p1a: Xatu|114\/334|[from] item: Leftovers
|upkeep
|choice||switch 2
|
|switch|p2a: ⠀⠀⠀⠀⠀⠀⠀⠀|Xatu, M|271\/271
|-damage|p2a: ⠀⠀⠀⠀⠀⠀⠀⠀|204\/271|[from] Stealth Rock
|turn|14
|choice|move roost|switch 5
|
|switch|p2a: Swellow|Swellow, F|196\/261
|-damage|p2a: Swellow|131\/261|[from] Stealth Rock
|move|p1a: Xatu|Roost|p1a: Xatu
|-heal|p1a: Xatu|281\/334
|
|-heal|p1a: Xatu|301\/334|[from] item: Leftovers
|-status|p2a: Swellow|tox|[from] item: Toxic Orb
|upkeep
|turn|15
|choice|move psychic|move facade
|
|move|p2a: Swellow|Facade|p1a: Xatu
|-damage|p1a: Xatu|24\/334
|move|p1a: Xatu|Psychic|p2a: Swellow
|-damage|p2a: Swellow|0 fnt
|faint|p2a: Swellow
|
|-heal|p1a: Xatu|44\/334|[from] item: Leftovers
|upkeep
|c|☆Supra-Airmure|hein
|choice||switch 6
|
|switch|p2a: Barbaracle|Barbaracle, F|285\/285
|-damage|p2a: Barbaracle|250\/285|[from] Stealth Rock
|turn|16
|choice|move psychic|move shellsmash
|
|move|p1a: Xatu|Psychic|p2a: Barbaracle
|-damage|p2a: Barbaracle|76\/285
|move|p2a: Barbaracle|Shell Smash|p2a: Barbaracle
|-unboost|p2a: Barbaracle|def|1
|-unboost|p2a: Barbaracle|spd|1
|-boost|p2a: Barbaracle|atk|2
|-boost|p2a: Barbaracle|spa|2
|-boost|p2a: Barbaracle|spe|2
|
|-heal|p1a: Xatu|64\/334|[from] item: Leftovers
|upkeep
|turn|17
|choice|move psychic|move shellsmash
|
|move|p2a: Barbaracle|Shell Smash|p2a: Barbaracle
|-unboost|p2a: Barbaracle|def|1
|-unboost|p2a: Barbaracle|spd|1
|-boost|p2a: Barbaracle|atk|2
|-boost|p2a: Barbaracle|spa|2
|-boost|p2a: Barbaracle|spe|2
|move|p1a: Xatu|Psychic|p2a: Barbaracle
|-damage|p2a: Barbaracle|0 fnt
|faint|p2a: Barbaracle
|
|-heal|p1a: Xatu|84\/334|[from] item: Leftovers
|upkeep
|choice||switch 5
|
|switch|p2a: ⠀⠀⠀⠀⠀⠀⠀⠀|Xatu, M|204\/271
|-damage|p2a: ⠀⠀⠀⠀⠀⠀⠀⠀|137\/271|[from] Stealth Rock
|turn|18
|choice|move signalbeam|move airslash
|
|move|p2a: ⠀⠀⠀⠀⠀⠀⠀⠀|Air Slash|p1a: Xatu
|-damage|p1a: Xatu|6\/334
|move|p1a: Xatu|Signal Beam|p2a: ⠀⠀⠀⠀⠀⠀⠀⠀
|-damage|p2a: ⠀⠀⠀⠀⠀⠀⠀⠀|24\/271
|
|-heal|p2a: ⠀⠀⠀⠀⠀⠀⠀⠀|40\/271|[from] item: Leftovers
|-heal|p1a: Xatu|26\/334|[from] item: Leftovers
|upkeep
|turn|19
|c|☆Supra-Airmure|whaa
|choice|move signalbeam|move airslash
|
|move|p2a: ⠀⠀⠀⠀⠀⠀⠀⠀|Air Slash|p1a: Xatu
|-damage|p1a: Xatu|0 fnt
|faint|p1a: Xatu
|
|-heal|p2a: ⠀⠀⠀⠀⠀⠀⠀⠀|56\/271|[from] item: Leftovers
|upkeep
|choice|switch 6|
|
|switch|p1a: Scyther|Scyther, M|281\/281
|-damage|p1a: Scyther|141\/281|[from] Stealth Rock
|turn|20
|c|☆Supra-Airmure|c'est chelou
|l|Mororine
|choice|move knockoff|move airslash
|
|move|p1a: Scyther|Knock Off|p2a: ⠀⠀⠀⠀⠀⠀⠀⠀
|-supereffective|p2a: ⠀⠀⠀⠀⠀⠀⠀⠀
|-crit|p2a: ⠀⠀⠀⠀⠀⠀⠀⠀
|-damage|p2a: ⠀⠀⠀⠀⠀⠀⠀⠀|0 fnt
|-enditem|p2a: ⠀⠀⠀⠀⠀⠀⠀⠀|Leftovers|[from] move: Knock Off|[of] p1a: Scyther
|faint|p2a: ⠀⠀⠀⠀⠀⠀⠀⠀
|
|win|Yuro-LiTriiX
|player|p1
|player|p2
|c|☆Supra-Airmure|gg
|c|☆Yuro-LiTriiX|euh... c'était quoi?
|l|Supra-Airmure
|l|Yuro-LiTriiX
|j|Bommbyx
|l|Bommbyx
|j|Lovely Togekiss
|l|Lovely Togekiss
|l|yoshiro 1710
|j|Yuro-LiTriiX</script>
</div>
<div class="battle-log battle-log-inline"><div class="inner"><div class="battle-options"></div><div class="inner"><div class="chat"><small>Yuro-LiTriiX joined.</small></div><div class="chat"><small>Supra-Airmure joined.</small></div><div class=""><small>Format:</small> <br><strong>NU</strong></div><div class=""><small><em>Sleep Clause Mod:</em> Limit one foe put to sleep</small></div><div class=""><small><em>Species Clause:</em> Limit one of each Pokémon</small></div><div class=""><small><em>OHKO Clause:</em> OHKO moves are banned</small></div><div class=""><small><em>Moody Clause:</em> Moody is banned</small></div><div class=""><small><em>Evasion Moves Clause:</em> Evasion moves are banned</small></div><div class=""><small><em>Endless Battle Clause:</em> Forcing endless battles is banned</small></div><div class=""><small><em>HP Percentage Mod:</em> HP is shown in percentages</small></div><div class=""><small><em>Swagger Clause:</em> Swagger is banned</small></div><div class=""><small><em>Baton Pass Clause:</em> Limit one Baton Passer, can't pass Spe and other stats simultaneously</small></div><div class="chat battle-history"><strong>Yuro-LiTriiX's team:</strong> <em style="color:#445566;display:block;">Swellow / Hitmonchan / Steelix / Xatu / Lapras / Scyther</em></div><div class="chat battle-history"><strong>Supra-Airmure's team:</strong> <em style="color:#445566;display:block;">Steelix / Xatu / Hitmonchan / Swellow / Lilligant / Barbaracle</em></div><div class="chat"><small>Mororine joined.</small></div><div class="chat"><small>TheKira94 joined.</small></div><div class="chat chatmessage-supraairmure"><strong style="color:hsl(193,42%,45.666666666666664%)"><small>☆</small><span class="username" data-name="Supra-Airmure">Supra-Airmure</span>:</strong> <em>morobell !</em></div><div class="chat chatmessage-thekira94"><strong style="color:hsl(354,66%,49.41315008903113%)"><small> </small><span class="username" data-name="TheKira94">TheKira94</span>:</strong> <em>Yuro roule-lui dessus à ce mec irrespectueux :)</em></div><div class="chat"><small>yoshiro 1710 joined.</small></div><div class="chat"><div class="broadcast-red"><b>Moderated chat was set to +!</b><br>Only users of rank + and higher can talk.</div></div><div class="chat chatmessage-supraairmure"><strong style="color:hsl(193,42%,45.666666666666664%)"><small>☆</small><span class="username" data-name="Supra-Airmure">Supra-Airmure</span>:</strong> <em>en vrai tant que morobelle parle cbon</em></div><div class="chat chatmessage-supraairmure"><strong style="color:hsl(193,42%,45.666666666666664%)"><small>☆</small><span class="username" data-name="Supra-Airmure">Supra-Airmure</span>:</strong> <em>sa voie suffit pour 20 personne</em></div><div class="chat chatmessage-yurolitriix"><strong style="color:hsl(133,61%,41.25120159139975%)"><small>☆</small><span class="username" data-name="Yuro-LiTriiX">Yuro-LiTriiX</span>:</strong> <em>Je stress trop là... c'est ma 3e finale NU, et je n'y croyais vraiment pas</em></div><div class="chat"><small>hgfdfghytrv joined.</small></div><div class="chat chatmessage-supraairmure"><strong style="color:hsl(193,42%,45.666666666666664%)"><small>☆</small><span class="username" data-name="Supra-Airmure">Supra-Airmure</span>:</strong> <em>je veux mon bisou</em></div><div class="chat chatmessage-supraairmure"><strong style="color:hsl(193,42%,45.666666666666664%)"><small>☆</small><span class="username" data-name="Supra-Airmure">Supra-Airmure</span>:</strong> <em>dépéche</em></div><div class="spacer battle-history"><br></div><div class="battle-history">Battle started between Yuro-LiTriiX and Supra-Airmure!<br></div><div class="spacer battle-history"><br></div><div class="battle-history">Go! <strong>Steelix</strong>!<br></div><div class="spacer battle-history"><br></div><div class="battle-history">Supra-Airmure sent out ⠀⠀⠀⠀ (<strong>Steelix</strong>)!<br></div><div class="spacer battle-history"><br></div><h2 class="battle-history">Turn 1</h2><div class="chat"><small>TheKira94 left.</small></div><div class="spacer battle-history"><br></div><div class="battle-history">Steelix, come back!<br></div><div class="battle-history">Go! <strong>Xatu</strong>!<br></div><div class="spacer battle-history"><br></div><div class="battle-history">The opposing ⠀⠀⠀⠀ used <strong>Stealth Rock</strong>!<br></div><div class="spacer battle-history"><br></div><div class="battle-history"><small>[Xatu's Magic Bounce]</small><br>Xatu bounced the Stealth Rock back!<br></div><div class="battle-history"><small>Pointed stones float in the air around the opposing team!</small><br></div><div class="spacer battle-history"><br></div><h2 class="battle-history">Turn 2</h2><div class="spacer battle-history"><br></div><div class="battle-history">Xatu, come back!<br></div><div class="battle-history">Go! <strong>Hitmonchan</strong>!<br></div><div class="spacer battle-history"><br></div><div class="battle-history">The opposing ⠀⠀⠀⠀ used <strong>Heavy Slam</strong>!<br></div><div class="battle-history"><small>(Hitmonchan lost <abbr title="−217/241">90.0%</abbr> of its health!)</small><br></div><div class="spacer battle-history"><br></div><h2 class="battle-history">Turn 3</h2><div class="chat"><small>hgfdfghytrv left.</small></div><div class="spacer battle-history"><br></div><div class="battle-history">Hitmonchan, come back!<br></div><div class="battle-history">Go! <strong>Steelix</strong>!<br></div><div class="spacer battle-history"><br></div><div class="battle-history">The opposing ⠀⠀⠀⠀ used <strong>Heavy Slam</strong>!<br></div><div class="battle-history"><small>It's not very effective...</small><br></div><div class="battle-history"><small>(Steelix lost <abbr title="−15/352">4.3%</abbr> of its health!)</small><br></div><div class="spacer battle-history"><br></div><div class="battle-history"><small>Steelix restored a little HP using its Leftovers!</small><br></div><div class="spacer battle-history"><br></div><h2 class="battle-history">Turn 4</h2><div class="chat chatmessage-supraairmure"><strong style="color:hsl(193,42%,45.666666666666664%)"><small>☆</small><span class="username" data-name="Supra-Airmure">Supra-Airmure</span>:</strong> <em>La défense c'est pour les boloss</em></div><div class="spacer battle-history"><br></div><div class="battle-history">Steelix used <strong>Earthquake</strong>!<br></div><div class="battle-history"><small>It's super effective!</small><br></div><div class="battle-history"><small>(The opposing ⠀⠀⠀⠀ lost <abbr title="−134/354">37.9%</abbr> of its health!)</small><br></div><div class="spacer battle-history"><br></div><div class="battle-history">The opposing ⠀⠀⠀⠀ used <strong>Stealth Rock</strong>!<br></div><div class="battle-history"><small>Pointed stones float in the air around your team!</small><br></div><div class="spacer battle-history"><br></div><div class="battle-history"><small>The opposing ⠀⠀⠀⠀ restored a little HP using its Leftovers!</small><br></div><div class="spacer battle-history"><br></div><h2 class="battle-history">Turn 5</h2><div class="spacer battle-history"><br></div><div class="battle-history">Steelix used <strong>Earthquake</strong>!<br></div><div class="battle-history"><small>It's super effective!</small><br></div><div class="battle-history"><small>(The opposing ⠀⠀⠀⠀ lost <abbr title="−134/354">37.9%</abbr> of its health!)</small><br></div><div class="spacer battle-history"><br></div><div class="battle-history">The opposing ⠀⠀⠀⠀ used <strong>Dragon Tail</strong>!<br></div><div class="battle-history"><small>It's not very effective...</small><br></div><div class="battle-history"><small>(Steelix lost <abbr title="−16/352">4.5%</abbr> of its health!)</small><br></div><div class="spacer battle-history"><br></div><div class="battle-history"><strong>Xatu</strong> was dragged out!<br></div><div class="battle-history"><small>Pointed stones dug into Xatu!</small><br></div><div class="spacer battle-history"><br></div><div class="battle-history"><small>Xatu restored a little HP using its Leftovers!</small><br></div><div class="battle-history"><small>The opposing ⠀⠀⠀⠀ restored a little HP using its Leftovers!</small><br></div><div class="spacer battle-history"><br></div><h2 class="battle-history">Turn 6</h2><div class="spacer battle-history"><br></div><div class="battle-history">Xatu used <strong>Psychic</strong>!<br></div><div class="battle-history"><small>It's not very effective...</small><br></div><div class="battle-history"><small>A critical hit!</small><br></div><div class="battle-history"><small>(The opposing ⠀⠀⠀⠀ lost <abbr title="−114/354">32.2%</abbr> of its health!)</small><br></div><div class="spacer battle-history"><br></div><div class="battle-history">The opposing ⠀⠀⠀⠀ used <strong>Stealth Rock</strong>!<br></div><div class="spacer battle-history"><br></div><div class="battle-history"><small>[Xatu's Magic Bounce]</small><br>Xatu bounced the Stealth Rock back!<br></div><div class="battle-history"><small>But it failed!</small><br></div><div class="spacer battle-history"><br></div><div class="battle-history"><small>Xatu restored a little HP using its Leftovers!</small><br></div><div class="battle-history"><small>The opposing ⠀⠀⠀⠀ restored a little HP using its Leftovers!</small><br></div><div class="spacer battle-history"><br></div><h2 class="battle-history">Turn 7</h2><div class="chat chatmessage-supraairmure"><strong style="color:hsl(193,42%,45.666666666666664%)"><small>☆</small><span class="username" data-name="Supra-Airmure">Supra-Airmure</span>:</strong> <em>merde</em></div><div class="spacer battle-history"><br></div><div class="battle-history">Xatu used <strong>Psychic</strong>!<br></div><div class="battle-history"><small>It's not very effective...</small><br></div><div class="battle-history"><small>(The opposing ⠀⠀⠀⠀ lost <abbr title="−38/354">10.7%</abbr> of its health!)</small><br></div><div class="spacer battle-history"><br></div><div class="battle-history">The opposing ⠀⠀⠀⠀ fainted!<br></div><div class="spacer battle-history"><br></div><div class="battle-history"><small>Xatu restored a little HP using its Leftovers!</small><br></div><div class="chat chatmessage-supraairmure"><strong style="color:hsl(193,42%,45.666666666666664%)"><small>☆</small><span class="username" data-name="Supra-Airmure">Supra-Airmure</span>:</strong> <em>bon pg je vais haxx</em></div><div class="spacer battle-history"><br></div><div class="battle-history">Supra-Airmure sent out ⠀⠀⠀⠀⠀⠀⠀⠀ ⠀⠀⠀⠀ (<strong>Hitmonchan</strong>)!<br></div><div class="battle-history"><small>Pointed stones dug into the opposing ⠀⠀⠀⠀⠀⠀⠀⠀ ⠀⠀⠀⠀!</small><br></div><div class="spacer battle-history"><br></div><h2 class="battle-history">Turn 8</h2><div class="spacer battle-history"><br></div><div class="battle-history">Xatu used <strong>Psychic</strong>!<br></div><div class="battle-history"><small>It's super effective!</small><br></div><div class="battle-history"><small>(The opposing ⠀⠀⠀⠀⠀⠀⠀⠀ ⠀⠀⠀⠀ lost <abbr title="−116/303">38.3%</abbr> of its health!)</small><br></div><div class="spacer battle-history"><br></div><div class="battle-history">The opposing ⠀⠀⠀⠀⠀⠀⠀⠀ ⠀⠀⠀⠀ used <strong>Drain Punch</strong>!<br></div><div class="battle-history"><small>It's not very effective...</small><br></div><div class="battle-history"><small>(Xatu lost <abbr title="−38/334">11.4%</abbr> of its health!)</small><br></div><div class="battle-history"><small>Xatu had its energy drained!</small><br></div><div class="spacer battle-history"><br></div><div class="battle-history"><small>Xatu restored a little HP using its Leftovers!</small><br></div><div class="spacer battle-history"><br></div><h2 class="battle-history">Turn 9</h2><div class="spacer battle-history"><br></div><div class="battle-history">Xatu used <strong>Calm Mind</strong>!<br></div><div class="battle-history"><small>Xatu's Special Attack rose!</small><br></div><div class="battle-history"><small>Xatu's Special Defense rose!</small><br></div><div class="spacer battle-history"><br></div><div class="battle-history">The opposing ⠀⠀⠀⠀⠀⠀⠀⠀ ⠀⠀⠀⠀ used <strong>Drain Punch</strong>!<br></div><div class="battle-history"><small>It's not very effective...</small><br></div><div class="battle-history"><small>A critical hit!</small><br></div><div class="battle-history"><small>(Xatu lost <abbr title="−53/334">15.9%</abbr> of its health!)</small><br></div><div class="battle-history"><small>Xatu had its energy drained!</small><br></div><div class="spacer battle-history"><br></div><div class="battle-history"><small>Xatu restored a little HP using its Leftovers!</small><br></div><div class="spacer battle-history"><br></div><h2 class="battle-history">Turn 10</h2><div class="chat chatmessage-supraairmure"><strong style="color:hsl(193,42%,45.666666666666664%)"><small>☆</small><span class="username" data-name="Supra-Airmure">Supra-Airmure</span>:</strong> <em>il se passe quoi</em></div><div class="spacer battle-history"><br></div><div class="battle-history">Xatu used <strong>Psychic</strong>!<br></div><div class="battle-history"><small>It's super effective!</small><br></div><div class="battle-history"><small>(The opposing ⠀⠀⠀⠀⠀⠀⠀⠀ ⠀⠀⠀⠀ lost <abbr title="−200/303">66.0%</abbr> of its health!)</small><br></div><div class="spacer battle-history"><br></div><div class="battle-history">The opposing ⠀⠀⠀⠀⠀⠀⠀⠀ ⠀⠀⠀⠀ used <strong>Fire Punch</strong>!<br></div><div class="battle-history"><small>(Xatu lost <abbr title="−100/334">29.9%</abbr> of its health!)</small><br></div><div class="spacer battle-history"><br></div><div class="battle-history"><small>Xatu restored a little HP using its Leftovers!</small><br></div><div class="spacer battle-history"><br></div><h2 class="battle-history">Turn 11</h2><div class="spacer battle-history"><br></div><div class="battle-history">Xatu used <strong>Psychic</strong>!<br></div><div class="battle-history"><small>It's super effective!</small><br></div><div class="battle-history"><small>(The opposing ⠀⠀⠀⠀⠀⠀⠀⠀ ⠀⠀⠀⠀ lost <abbr title="−15/303">5.0%</abbr> of its health!)</small><br></div><div class="spacer battle-history"><br></div><div class="battle-history">The opposing ⠀⠀⠀⠀⠀⠀⠀⠀ ⠀⠀⠀⠀ fainted!<br></div><div class="spacer battle-history"><br></div><div class="battle-history"><small>Xatu restored a little HP using its Leftovers!</small><br></div><div class="chat chatmessage-supraairmure"><strong style="color:hsl(193,42%,45.666666666666664%)"><small>☆</small><span class="username" data-name="Supra-Airmure">Supra-Airmure</span>:</strong> <em>j'ai un problème</em></div><div class="spacer battle-history"><br></div><div class="battle-history">Supra-Airmure sent out <strong>Swellow</strong>!<br></div><div class="battle-history"><small>Pointed stones dug into the opposing Swellow!</small><br></div><div class="spacer battle-history"><br></div><h2 class="battle-history">Turn 12</h2><div class="chat chatmessage-supraairmure"><strong style="color:hsl(193,42%,45.666666666666664%)"><small>☆</small><span class="username" data-name="Supra-Airmure">Supra-Airmure</span>:</strong> <em>le jeux joue tous seul</em></div><div class="spacer battle-history"><br></div><div class="battle-history">Supra-Airmure withdrew Swellow!<br></div><div class="battle-history">Supra-Airmure sent out <strong>Lilligant</strong>!<br></div><div class="battle-history"><small>Pointed stones dug into the opposing Lilligant!</small><br></div><div class="spacer battle-history"><br></div><div class="battle-history">Xatu used <strong>Psychic</strong>!<br></div><div class="battle-history"><small>(The opposing Lilligant lost <abbr title="−205/281">73.0%</abbr> of its health!)</small><br></div><div class="spacer battle-history"><br></div><div class="battle-history"><small>The opposing Lilligant restored a little HP using its Leftovers!</small><br></div><div class="battle-history"><small>Xatu restored a little HP using its Leftovers!</small><br></div><div class="spacer battle-history"><br></div><h2 class="battle-history">Turn 13</h2><div class="spacer battle-history"><br></div><div class="battle-history">The opposing Lilligant used <strong>Hidden Power</strong>!<br></div><div class="battle-history"><small>It's super effective!</small><br></div><div class="battle-history"><small>(Xatu lost <abbr title="−126/334">37.7%</abbr> of its health!)</small><br></div><div class="spacer battle-history"><br></div><div class="battle-history">Xatu used <strong>Signal Beam</strong>!<br></div><div class="battle-history"><small>It's super effective!</small><br></div><div class="battle-history"><small>(The opposing Lilligant lost <abbr title="−58/281">20.6%</abbr> of its health!)</small><br></div><div class="spacer battle-history"><br></div><div class="battle-history">The opposing Lilligant fainted!<br></div><div class="spacer battle-history"><br></div><div class="battle-history"><small>Xatu restored a little HP using its Leftovers!</small><br></div><div class="spacer battle-history"><br></div><div class="battle-history">Supra-Airmure sent out ⠀⠀⠀⠀⠀⠀⠀⠀ (<strong>Xatu</strong>)!<br></div><div class="battle-history"><small>Pointed stones dug into the opposing ⠀⠀⠀⠀⠀⠀⠀⠀!</small><br></div><div class="spacer battle-history"><br></div><h2 class="battle-history">Turn 14</h2><div class="spacer battle-history"><br></div><div class="battle-history">Supra-Airmure withdrew ⠀⠀⠀⠀⠀⠀⠀⠀!<br></div><div class="battle-history">Supra-Airmure sent out <strong>Swellow</strong>!<br></div><div class="battle-history"><small>Pointed stones dug into the opposing Swellow!</small><br></div><div class="spacer battle-history"><br></div><div class="battle-history">Xatu used <strong>Roost</strong>!<br></div><div class="battle-history"><small>Xatu restored its HP.</small><br></div><div class="spacer battle-history"><br></div><div class="battle-history"><small>Xatu restored a little HP using its Leftovers!</small><br></div><div class="battle-history"><small>The opposing Swellow was badly poisoned!</small><br></div><div class="spacer battle-history"><br></div><h2 class="battle-history">Turn 15</h2><div class="spacer battle-history"><br></div><div class="battle-history">The opposing Swellow used <strong>Facade</strong>!<br></div><div class="battle-history"><small>(Xatu lost <abbr title="−277/334">82.9%</abbr> of its health!)</small><br></div><div class="spacer battle-history"><br></div><div class="battle-history">Xatu used <strong>Psychic</strong>!<br></div><div class="battle-history"><small>(The opposing Swellow lost <abbr title="−131/261">50.2%</abbr> of its health!)</small><br></div><div class="spacer battle-history"><br></div><div class="battle-history">The opposing Swellow fainted!<br></div><div class="spacer battle-history"><br></div><div class="battle-history"><small>Xatu restored a little HP using its Leftovers!</small><br></div><div class="chat chatmessage-supraairmure"><strong style="color:hsl(193,42%,45.666666666666664%)"><small>☆</small><span class="username" data-name="Supra-Airmure">Supra-Airmure</span>:</strong> <em>hein</em></div><div class="spacer battle-history"><br></div><div class="battle-history">Supra-Airmure sent out <strong>Barbaracle</strong>!<br></div><div class="battle-history"><small>Pointed stones dug into the opposing Barbaracle!</small><br></div><div class="spacer battle-history"><br></div><h2 class="battle-history">Turn 16</h2><div class="spacer battle-history"><br></div><div class="battle-history">Xatu used <strong>Psychic</strong>!<br></div><div class="battle-history"><small>(The opposing Barbaracle lost <abbr title="−174/285">61.1%</abbr> of its health!)</small><br></div><div class="spacer battle-history"><br></div><div class="battle-history">The opposing Barbaracle used <strong>Shell Smash</strong>!<br></div><div class="battle-history"><small>The opposing Barbaracle's Defense fell!</small><br></div><div class="battle-history"><small>The opposing Barbaracle's Special Defense fell!</small><br></div><div class="battle-history"><small>The opposing Barbaracle's Attack rose sharply!</small><br></div><div class="battle-history"><small>The opposing Barbaracle's Special Attack rose sharply!</small><br></div><div class="battle-history"><small>The opposing Barbaracle's Speed rose sharply!</small><br></div><div class="spacer battle-history"><br></div><div class="battle-history"><small>Xatu restored a little HP using its Leftovers!</small><br></div><div class="spacer battle-history"><br></div><h2 class="battle-history">Turn 17</h2><div class="spacer battle-history"><br></div><div class="battle-history">The opposing Barbaracle used <strong>Shell Smash</strong>!<br></div><div class="battle-history"><small>The opposing Barbaracle's Defense fell!</small><br></div><div class="battle-history"><small>The opposing Barbaracle's Special Defense fell!</small><br></div><div class="battle-history"><small>The opposing Barbaracle's Attack rose sharply!</small><br></div><div class="battle-history"><small>The opposing Barbaracle's Special Attack rose sharply!</small><br></div><div class="battle-history"><small>The opposing Barbaracle's Speed rose sharply!</small><br></div><div class="spacer battle-history"><br></div><div class="battle-history">Xatu used <strong>Psychic</strong>!<br></div><div class="battle-history"><small>(The opposing Barbaracle lost <abbr title="−76/285">26.7%</abbr> of its health!)</small><br></div><div class="spacer battle-history"><br></div><div class="battle-history">The opposing Barbaracle fainted!<br></div><div class="spacer battle-history"><br></div><div class="battle-history"><small>Xatu restored a little HP using its Leftovers!</small><br></div><div class="spacer battle-history"><br></div><div class="battle-history">Supra-Airmure sent out ⠀⠀⠀⠀⠀⠀⠀⠀ (<strong>Xatu</strong>)!<br></div><div class="battle-history"><small>Pointed stones dug into the opposing ⠀⠀⠀⠀⠀⠀⠀⠀!</small><br></div><div class="spacer battle-history"><br></div><h2 class="battle-history">Turn 18</h2><div class="spacer battle-history"><br></div><div class="battle-history">The opposing ⠀⠀⠀⠀⠀⠀⠀⠀ used <strong>Air Slash</strong>!<br></div><div class="battle-history"><small>(Xatu lost <abbr title="−78/334">23.4%</abbr> of its health!)</small><br></div><div class="spacer battle-history"><br></div><div class="battle-history">Xatu used <strong>Signal Beam</strong>!<br></div><div class="battle-history"><small>(The opposing ⠀⠀⠀⠀⠀⠀⠀⠀ lost <abbr title="−113/271">41.7%</abbr> of its health!)</small><br></div><div class="spacer battle-history"><br></div><div class="battle-history"><small>The opposing ⠀⠀⠀⠀⠀⠀⠀⠀ restored a little HP using its Leftovers!</small><br></div><div class="battle-history"><small>Xatu restored a little HP using its Leftovers!</small><br></div><div class="spacer battle-history"><br></div><h2 class="battle-history">Turn 19</h2><div class="chat chatmessage-supraairmure"><strong style="color:hsl(193,42%,45.666666666666664%)"><small>☆</small><span class="username" data-name="Supra-Airmure">Supra-Airmure</span>:</strong> <em>whaa</em></div><div class="spacer battle-history"><br></div><div class="battle-history">The opposing ⠀⠀⠀⠀⠀⠀⠀⠀ used <strong>Air Slash</strong>!<br></div><div class="battle-history"><small>(Xatu lost <abbr title="−26/334">7.8%</abbr> of its health!)</small><br></div><div class="spacer battle-history"><br></div><div class="battle-history">Xatu fainted!<br></div><div class="spacer battle-history"><br></div><div class="battle-history"><small>The opposing ⠀⠀⠀⠀⠀⠀⠀⠀ restored a little HP using its Leftovers!</small><br></div><div class="spacer battle-history"><br></div><div class="battle-history">Go! <strong>Scyther</strong>!<br></div><div class="battle-history"><small>Pointed stones dug into Scyther!</small><br></div><div class="spacer battle-history"><br></div><h2 class="battle-history">Turn 20</h2><div class="chat chatmessage-supraairmure"><strong style="color:hsl(193,42%,45.666666666666664%)"><small>☆</small><span class="username" data-name="Supra-Airmure">Supra-Airmure</span>:</strong> <em>c'est chelou</em></div><div class="chat"><small>Mororine left.</small></div><div class="spacer battle-history"><br></div><div class="battle-history">Scyther used <strong>Knock Off</strong>!<br></div><div class="battle-history"><small>It's super effective!</small><br></div><div class="battle-history"><small>A critical hit!</small><br></div><div class="battle-history"><small>(The opposing ⠀⠀⠀⠀⠀⠀⠀⠀ lost <abbr title="−56/271">20.7%</abbr> of its health!)</small><br></div><div class="battle-history"><small>Scyther knocked off the opposing ⠀⠀⠀⠀⠀⠀⠀⠀'s Leftovers!</small><br></div><div class="spacer battle-history"><br></div><div class="battle-history">The opposing ⠀⠀⠀⠀⠀⠀⠀⠀ fainted!<br></div><div class="spacer battle-history"><br></div><div class="battle-history"><strong>Yuro-LiTriiX</strong> won the battle!<br></div><div class="chat chatmessage-supraairmure"><strong style="color:hsl(193,42%,45.666666666666664%)"><small>☆</small><span class="username" data-name="Supra-Airmure">Supra-Airmure</span>:</strong> <em>gg</em></div><div class="chat chatmessage-yurolitriix"><strong style="color:hsl(133,61%,41.25120159139975%)"><small>☆</small><span class="username" data-name="Yuro-LiTriiX">Yuro-LiTriiX</span>:</strong> <em>euh... c'était quoi?</em></div><div class="chat"><small>Supra-Airmure left.</small></div><div class="chat"><small>Yuro-LiTriiX left.</small></div><div class="chat"><small>Bommbyx joined.</small></div><div class="chat"><small>Bommbyx left.</small></div><div class="chat"><small>Lovely Togekiss joined.</small></div><div class="chat"><small>Lovely Togekiss left.</small></div><div class="chat"><small>yoshiro 1710 left.</small></div><div class="chat"><small>Yuro-LiTriiX joined.</small></div></div><div class="inner-preempt"></div></div></div>
</div>
<script>
let daily = Math.floor(Date.now()/1000/60/60/24);document.write('<script src="https://play.pokemonshowdown.com/js/replay-embed.js?version'+daily+'"></'+'script>');
</script>
