<!DOCTYPE html>
<meta charset="utf-8" />
<!-- version 1 -->
<title>NU replay: Lagarto Demonial vs. SouOtaku</title>
<style>
html,body {font-family:Verdana, sans-serif;font-size:10pt;margin:0;padding:0;}body{padding:12px 0;} .battle-log {font-family:Verdana, sans-serif;font-size:10pt;} .battle-log-inline {border:1px solid #AAAAAA;background:#EEF2F5;color:black;max-width:640px;margin:0 auto 80px;padding-bottom:5px;} .battle-log .inner {padding:4px 8px 0px 8px;} .battle-log .inner-preempt {padding:0 8px 4px 8px;} .battle-log .inner-after {margin-top:0.5em;} .battle-log h2 {margin:0.5em -8px;padding:4px 8px;border:1px solid #AAAAAA;background:#E0E7EA;border-left:0;border-right:0;font-family:Verdana, sans-serif;font-size:13pt;} .battle-log .chat {vertical-align:middle;padding:3px 0 3px 0;font-size:8pt;} .battle-log .chat strong {color:#40576A;} .battle-log .chat em {padding:1px 4px 1px 3px;color:#000000;font-style:normal;} .chat.mine {background:rgba(0,0,0,0.05);margin-left:-8px;margin-right:-8px;padding-left:8px;padding-right:8px;} .spoiler {color:#BBBBBB;background:#BBBBBB;padding:0px 3px;} .spoiler:hover, .spoiler:active, .spoiler-shown {color:#000000;background:#E2E2E2;padding:0px 3px;} .spoiler a {color:#BBBBBB;} .spoiler:hover a, .spoiler:active a, .spoiler-shown a {color:#2288CC;} .chat code, .chat .spoiler:hover code, .chat .spoiler:active code, .chat .spoiler-shown code {border:1px solid #C0C0C0;background:#EEEEEE;color:black;padding:0 2px;} .chat .spoiler code {border:1px solid #CCCCCC;background:#CCCCCC;color:#CCCCCC;} .battle-log .rated {padding:3px 4px;} .battle-log .rated strong {color:white;background:#89A;padding:1px 4px;border-radius:4px;} .spacer {margin-top:0.5em;} .message-announce {background:#6688AA;color:white;padding:1px 4px 2px;} .message-announce a, .broadcast-green a, .broadcast-blue a, .broadcast-red a {color:#DDEEFF;} .broadcast-green {background-color:#559955;color:white;padding:2px 4px;} .broadcast-blue {background-color:#6688AA;color:white;padding:2px 4px;} .infobox {border:1px solid #6688AA;padding:2px 4px;} .infobox-limited {max-height:200px;overflow:auto;overflow-x:hidden;} .broadcast-red {background-color:#AA5544;color:white;padding:2px 4px;} .message-learn-canlearn {font-weight:bold;color:#228822;text-decoration:underline;} .message-learn-cannotlearn {font-weight:bold;color:#CC2222;text-decoration:underline;} .message-effect-weak {font-weight:bold;color:#CC2222;} .message-effect-resist {font-weight:bold;color:#6688AA;} .message-effect-immune {font-weight:bold;color:#666666;} .message-learn-list {margin-top:0;margin-bottom:0;} .message-throttle-notice, .message-error {color:#992222;} .message-overflow, .chat small.message-overflow {font-size:0pt;} .message-overflow::before {font-size:9pt;content:'...';} .subtle {color:#3A4A66;}
</style>
<div class="wrapper replay-wrapper" style="max-width:1180px;margin:0 auto">
<input type="hidden" name="replayid" value="galaxy-nu-1588456358" />
<div class="battle"></div><div class="battle-log"></div><div class="replay-controls"></div><div class="replay-controls-2"></div>
<h1 style="font-weight:normal;text-align:center"><strong>NU</strong><br /><a href="http://pokemonshowdown.com/users/lagartodemonial" class="subtle" target="_blank">Lagarto Demonial</a> vs. <a href="http://pokemonshowdown.com/users/souotaku" class="subtle" target="_blank">SouOtaku</a></h1>
<script type="text/plain" class="battle-log-data">|j|Lagarto Demonial
|j|SouOtaku
|player|p1|Lagarto Demonial|#yellow
|player|p2|SouOtaku|33
|gametype|singles
|gen|6
|tier|NU
|seed|21871,18356,60673,45024
|rule|Sleep Clause Mod: Limit one foe put to sleep
|rule|Species Clause: Limit one of each Pokémon
|rule|OHKO Clause: OHKO moves are banned
|rule|Moody Clause: Moody is banned
|rule|Evasion Moves Clause: Evasion moves are banned
|rule|Endless Battle Clause: Forcing endless battles is banned
|rule|HP Percentage Mod: HP is shown in percentages
|clearpoke
|poke|p1|Rhydon, M|item
|poke|p1|Avalugg, F|item
|poke|p1|Scyther, F|item
|poke|p1|Simipour, F|item
|poke|p1|Pawniard, F|item
|poke|p1|Muk, M|item
|poke|p2|Samurott, M|item
|poke|p2|Scyther, M|item
|poke|p2|Rotom|item
|poke|p2|Klinklang|item
|poke|p2|Lilligant, F|item
|poke|p2|Garbodor, M|item
|rule|Swagger Clause: Swagger is banned
|rule|Baton Pass Clause: Limit one Baton Passer, can't pass Spe and other stats simultaneously
|teampreview
|j|MrPhoenix
|c|★SouOtaku|beim
|c|★SouOtaku|posso perder facilmente
|c|★Lagarto Demonial|eu tambem
|c|★SouOtaku|já que é minha primeira vez em nu
|c|★SouOtaku|:v
|choice|team 1, team 2, team 3, team 4, team 5, team 6|team 1, team 2, team 3, team 4, team 5, team 6
|
|start
|switch|p1a: Rhydon|Rhydon, M|406\/406
|switch|p2a: Atlantida Knight|Samurott, M|331\/331
|turn|1
|c|★Lagarto Demonial|boa sorte
|c|★SouOtaku|Boa Sorte Também :v
|choice|move stealthrock|move swordsdance
|
|move|p2a: Atlantida Knight|Swords Dance|p2a: Atlantida Knight
|-boost|p2a: Atlantida Knight|atk|2
|move|p1a: Rhydon|Stealth Rock|p2a: Atlantida Knight
|-sidestart|p2: SouOtaku|move: Stealth Rock
|
|upkeep
|turn|2
|choice|move thunderpunch|move waterfall
|
|move|p2a: Atlantida Knight|Waterfall|p1a: Rhydon
|-supereffective|p1a: Rhydon
|-damage|p1a: Rhydon|0 fnt
|faint|p1a: Rhydon
|
|upkeep
|c| MrPhoenix|boa sorte
|choice|switch 5|
|
|switch|p1a: Pawniard|Pawniard, F|249\/249
|turn|3
|choice|move knockoff|move aquajet
|
|move|p2a: Atlantida Knight|Aqua Jet|p1a: Pawniard
|-damage|p1a: Pawniard|78\/249
|move|p1a: Pawniard|Knock Off|p2a: Atlantida Knight
|-damage|p2a: Atlantida Knight|150\/331
|-enditem|p2a: Atlantida Knight|Lum Berry|[from] move: Knock Off|[of] p1a: Pawniard
|-damage|p1a: Pawniard|54\/249|[from] item: Life Orb
|
|upkeep
|turn|4
|choice|move suckerpunch|move aquajet
|
|move|p2a: Atlantida Knight|Aqua Jet|p1a: Pawniard
|-damage|p1a: Pawniard|0 fnt
|faint|p1a: Pawniard
|
|upkeep
|choice|switch 2|
|
|switch|p1a: Avalugg|Avalugg, F|394\/394
|turn|5
|choice|move gyroball|move waterfall
|
|move|p2a: Atlantida Knight|Waterfall|p1a: Avalugg
|-damage|p1a: Avalugg|261\/394
|move|p1a: Avalugg|Gyro Ball|p2a: Atlantida Knight
|-resisted|p2a: Atlantida Knight
|-damage|p2a: Atlantida Knight|74\/331
|
|-heal|p1a: Avalugg|285\/394|[from] item: Leftovers
|upkeep
|turn|6
|c|★SouOtaku|eu sei que esse bixin é bulky
|choice|move avalanche|move swordsdance
|
|move|p2a: Atlantida Knight|Swords Dance|p2a: Atlantida Knight
|-boost|p2a: Atlantida Knight|atk|2
|move|p1a: Avalugg|Avalanche|p2a: Atlantida Knight
|-resisted|p2a: Atlantida Knight
|-damage|p2a: Atlantida Knight|7\/331
|
|-heal|p1a: Avalugg|309\/394|[from] item: Leftovers
|upkeep
|turn|7
|choice|move avalanche|move waterfall
|
|move|p2a: Atlantida Knight|Waterfall|p1a: Avalugg
|-damage|p1a: Avalugg|117\/394
|move|p1a: Avalugg|Avalanche|p2a: Atlantida Knight
|-resisted|p2a: Atlantida Knight
|-damage|p2a: Atlantida Knight|0 fnt
|faint|p2a: Atlantida Knight
|
|-heal|p1a: Avalugg|141\/394|[from] item: Leftovers
|upkeep
|c|★SouOtaku|então vo dar dano dele antes de ir
|choice||switch 3
|
|switch|p2a: Thunder|Rotom|242\/242
|-damage|p2a: Thunder|212\/242|[from] Stealth Rock
|turn|8
|choice|move avalanche|move voltswitch
|
|move|p2a: Thunder|Volt Switch|p1a: Avalugg
|-damage|p1a: Avalugg|0 fnt
|faint|p1a: Avalugg
|choice||switch 6
|
|switch|p2a: Literalmente Lixo|Garbodor, M|364\/364
|-damage|p2a: Literalmente Lixo|319\/364|[from] Stealth Rock
|
|upkeep
|choice|switch 6|
|
|switch|p1a: Muk|Muk, M|414\/414
|turn|9
|choice|move poweruppunch|move spikes
|
|move|p2a: Literalmente Lixo|Spikes|p1a: Muk
|-sidestart|p1: Lagarto Demonial|Spikes
|move|p1a: Muk|Power-Up Punch|p2a: Literalmente Lixo
|-resisted|p2a: Literalmente Lixo
|-damage|p2a: Literalmente Lixo|300\/364
|-damage|p1a: Muk|345\/414|[from] item: Rocky Helmet|[of] p2a: Literalmente Lixo
|-boost|p1a: Muk|atk|1
|
|-heal|p1a: Muk|370\/414|[from] item: Black Sludge
|upkeep
|turn|10
|choice|move poweruppunch|switch 6
|
|switch|p2a: Thunder|Rotom|212\/242
|-damage|p2a: Thunder|182\/242|[from] Stealth Rock
|move|p1a: Muk|Power-Up Punch|p2a: Thunder
|-immune|p2a: Thunder|[msg]
|
|-heal|p1a: Muk|395\/414|[from] item: Black Sludge
|upkeep
|turn|11
|choice|move shadowsneak|move hex
|
|move|p1a: Muk|Shadow Sneak|p2a: Thunder
|-supereffective|p2a: Thunder
|-damage|p2a: Thunder|10\/242
|move|p2a: Thunder|Hex|p1a: Muk
|-damage|p1a: Muk|274\/414
|
|-heal|p1a: Muk|299\/414|[from] item: Black Sludge
|upkeep
|turn|12
|choice|move shadowsneak|switch 6
|
|switch|p2a: Literalmente Lixo|Garbodor, M|300\/364
|-damage|p2a: Literalmente Lixo|255\/364|[from] Stealth Rock
|move|p1a: Muk|Shadow Sneak|p2a: Literalmente Lixo
|-damage|p2a: Literalmente Lixo|198\/364
|-damage|p1a: Muk|230\/414|[from] item: Rocky Helmet|[of] p2a: Literalmente Lixo
|
|-heal|p1a: Muk|255\/414|[from] item: Black Sludge
|upkeep
|turn|13
|choice|move poweruppunch|move spikes
|
|move|p2a: Literalmente Lixo|Spikes|p1a: Muk
|-sidestart|p1: Lagarto Demonial|Spikes
|move|p1a: Muk|Power-Up Punch|p2a: Literalmente Lixo
|-resisted|p2a: Literalmente Lixo
|-damage|p2a: Literalmente Lixo|167\/364
|-damage|p1a: Muk|186\/414|[from] item: Rocky Helmet|[of] p2a: Literalmente Lixo
|-boost|p1a: Muk|atk|1
|
|-heal|p1a: Muk|211\/414|[from] item: Black Sludge
|upkeep
|turn|14
|choice|move firepunch|move spikes
|
|move|p2a: Literalmente Lixo|Spikes|p1a: Muk
|-sidestart|p1: Lagarto Demonial|Spikes
|move|p1a: Muk|Fire Punch|p2a: Literalmente Lixo
|-crit|p2a: Literalmente Lixo
|-damage|p2a: Literalmente Lixo|0 fnt
|-damage|p1a: Muk|108\/414|[from] ability: Aftermath|[of] p2a: Literalmente Lixo
|-damage|p1a: Muk|39\/414|[from] item: Rocky Helmet|[of] p2a: Literalmente Lixo
|faint|p2a: Literalmente Lixo
|
|-heal|p1a: Muk|64\/414|[from] item: Black Sludge
|upkeep
|j|samuel 2336
|choice||switch 2
|
|switch|p2a: Nitro|Scyther, M|281\/281
|-damage|p2a: Nitro|141\/281|[from] Stealth Rock
|turn|15
|l|MrPhoenix
|l|samuel 2336
|j|MrPhoenix
|choice|move shadowsneak|move aerialace
|
|move|p1a: Muk|Shadow Sneak|p2a: Nitro
|-damage|p2a: Nitro|70\/281
|-status|p2a: Nitro|psn|[from] ability: Poison Touch|[of] p1a: Muk
|move|p2a: Nitro|Aerial Ace|p1a: Muk
|-crit|p1a: Muk
|-damage|p1a: Muk|0 fnt
|faint|p1a: Muk
|
|-damage|p2a: Nitro|35\/281 psn|[from] psn
|upkeep
|l|MrPhoenix
|choice|switch 3|
|
|switch|p1a: Scyther|Scyther, F|281\/281
|turn|16
|choice|move aerialace|move aerialace
|
|move|p2a: Nitro|Aerial Ace|p1a: Scyther
|-supereffective|p1a: Scyther
|-damage|p1a: Scyther|0 fnt
|faint|p1a: Scyther
|
|-damage|p2a: Nitro|0 fnt|[from] psn
|upkeep
|faint|p2a: Nitro
|choice|switch 4|switch 5
|
|switch|p1a: Simipour|Simipour, F|291\/291
|switch|p2a: Petal Girl|Lilligant, F|281\/281
|-damage|p1a: Simipour|219\/291|[from] Spikes
|-damage|p2a: Petal Girl|246\/281|[from] Stealth Rock
|turn|17
|j|SnakeRL◕_◕
|choice|move nastyplot|move quiverdance
|
|move|p1a: Simipour|Nasty Plot|p1a: Simipour
|-boost|p1a: Simipour|spa|2
|move|p2a: Petal Girl|Quiver Dance|p2a: Petal Girl
|-boost|p2a: Petal Girl|spa|1
|-boost|p2a: Petal Girl|spd|1
|-boost|p2a: Petal Girl|spe|1
|
|upkeep
|turn|18
|choice|move icebeam|move gigadrain
|
|move|p2a: Petal Girl|Giga Drain|p1a: Simipour
|-supereffective|p1a: Simipour
|-damage|p1a: Simipour|0 fnt
|-heal|p2a: Petal Girl|281\/281|[from] drain|[of] p1a: Simipour
|-damage|p2a: Petal Girl|253\/281|[from] item: Life Orb
|faint|p1a: Simipour
|
|win|SouOtaku
|player|p1
|player|p2
|l|SouOtaku
|l|Lagarto Demonial
|j|SouOtaku</script>
</div>
<div class="battle-log battle-log-inline"><div class="inner"><div class="battle-options"></div><div class="inner"><div class="chat"><small>Lagarto Demonial joined.</small></div><div class="chat"><small>SouOtaku joined.</small></div><div class=""><small>Format:</small> <br><strong>NU</strong></div><div class=""><small><em>Sleep Clause Mod:</em> Limit one foe put to sleep</small></div><div class=""><small><em>Species Clause:</em> Limit one of each Pokémon</small></div><div class=""><small><em>OHKO Clause:</em> OHKO moves are banned</small></div><div class=""><small><em>Moody Clause:</em> Moody is banned</small></div><div class=""><small><em>Evasion Moves Clause:</em> Evasion moves are banned</small></div><div class=""><small><em>Endless Battle Clause:</em> Forcing endless battles is banned</small></div><div class=""><small><em>HP Percentage Mod:</em> HP is shown in percentages</small></div><div class=""><small><em>Swagger Clause:</em> Swagger is banned</small></div><div class=""><small><em>Baton Pass Clause:</em> Limit one Baton Passer, can't pass Spe and other stats simultaneously</small></div><div class="chat battle-history"><strong>Lagarto Demonial's team:</strong> <em style="color:#445566;display:block;">Rhydon / Avalugg / Scyther / Simipour / Pawniard / Muk</em></div><div class="chat battle-history"><strong>SouOtaku's team:</strong> <em style="color:#445566;display:block;">Samurott / Scyther / Rotom / Klinklang / Lilligant / Garbodor</em></div><div class="chat"><small>MrPhoenix joined.</small></div><div class="chat chatmessage-souotaku"><strong style="color:hsl(250,49%,61.464525403982634%)"><small>★</small><span class="username" data-name="SouOtaku">SouOtaku</span>:</strong> <em>beim</em></div><div class="chat chatmessage-souotaku"><strong style="color:hsl(250,49%,61.464525403982634%)"><small>★</small><span class="username" data-name="SouOtaku">SouOtaku</span>:</strong> <em>posso perder facilmente</em></div><div class="chat chatmessage-lagartodemonial"><strong style="color:hsl(143,75%,36.87449128523266%)"><small>★</small><span class="username" data-name="Lagarto Demonial">Lagarto Demonial</span>:</strong> <em>eu tambem</em></div><div class="chat chatmessage-souotaku"><strong style="color:hsl(250,49%,61.464525403982634%)"><small>★</small><span class="username" data-name="SouOtaku">SouOtaku</span>:</strong> <em>já que é minha primeira vez em nu</em></div><div class="chat chatmessage-souotaku"><strong style="color:hsl(250,49%,61.464525403982634%)"><small>★</small><span class="username" data-name="SouOtaku">SouOtaku</span>:</strong> <em>:v</em></div><div class="spacer battle-history"><br></div><div class="battle-history">Battle started between Lagarto Demonial and SouOtaku!<br></div><div class="spacer battle-history"><br></div><div class="battle-history">Go! <strong>Rhydon</strong>!<br></div><div class="spacer battle-history"><br></div><div class="battle-history">SouOtaku sent out Atlantida Knight (<strong>Samurott</strong>)!<br></div><div class="spacer battle-history"><br></div><h2 class="battle-history">Turn 1</h2><div class="chat chatmessage-lagartodemonial"><strong style="color:hsl(143,75%,36.87449128523266%)"><small>★</small><span class="username" data-name="Lagarto Demonial">Lagarto Demonial</span>:</strong> <em>boa sorte</em></div><div class="chat chatmessage-souotaku"><strong style="color:hsl(250,49%,61.464525403982634%)"><small>★</small><span class="username" data-name="SouOtaku">SouOtaku</span>:</strong> <em>Boa Sorte Também :v</em></div><div class="spacer battle-history"><br></div><div class="battle-history">The opposing Atlantida Knight used <strong>Swords Dance</strong>!<br></div><div class="battle-history"><small>The opposing Atlantida Knight's Attack rose sharply!</small><br></div><div class="spacer battle-history"><br></div><div class="battle-history">Rhydon used <strong>Stealth Rock</strong>!<br></div><div class="battle-history"><small>Pointed stones float in the air around the opposing team!</small><br></div><div class="spacer battle-history"><br></div><h2 class="battle-history">Turn 2</h2><div class="spacer battle-history"><br></div><div class="battle-history">The opposing Atlantida Knight used <strong>Waterfall</strong>!<br></div><div class="battle-history"><small>It's super effective!</small><br></div><div class="battle-history"><small>(Rhydon lost <abbr title="−406/406">100%</abbr> of its health!)</small><br></div><div class="spacer battle-history"><br></div><div class="battle-history">Rhydon fainted!<br></div><div class="chat chatmessage-mrphoenix"><strong style="color:hsl(137,75%,37.70323770960579%)"><small> </small><span class="username" data-name="MrPhoenix">MrPhoenix</span>:</strong> <em>boa sorte</em></div><div class="spacer battle-history"><br></div><div class="battle-history">Go! <strong>Pawniard</strong>!<br></div><div class="spacer battle-history"><br></div><h2 class="battle-history">Turn 3</h2><div class="spacer battle-history"><br></div><div class="battle-history">The opposing Atlantida Knight used <strong>Aqua Jet</strong>!<br></div><div class="battle-history"><small>(Pawniard lost <abbr title="−171/249">68.7%</abbr> of its health!)</small><br></div><div class="spacer battle-history"><br></div><div class="battle-history">Pawniard used <strong>Knock Off</strong>!<br></div><div class="battle-history"><small>(The opposing Atlantida Knight lost <abbr title="−181/331">54.7%</abbr> of its health!)</small><br></div><div class="battle-history"><small>Pawniard knocked off the opposing Atlantida Knight's Lum Berry!</small><br></div><div class="battle-history"><small>Pawniard lost some of its HP!</small><br></div><div class="spacer battle-history"><br></div><h2 class="battle-history">Turn 4</h2><div class="spacer battle-history"><br></div><div class="battle-history">The opposing Atlantida Knight used <strong>Aqua Jet</strong>!<br></div><div class="battle-history"><small>(Pawniard lost <abbr title="−54/249">21.7%</abbr> of its health!)</small><br></div><div class="spacer battle-history"><br></div><div class="battle-history">Pawniard fainted!<br></div><div class="spacer battle-history"><br></div><div class="battle-history">Go! <strong>Avalugg</strong>!<br></div><div class="spacer battle-history"><br></div><h2 class="battle-history">Turn 5</h2><div class="spacer battle-history"><br></div><div class="battle-history">The opposing Atlantida Knight used <strong>Waterfall</strong>!<br></div><div class="battle-history"><small>(Avalugg lost <abbr title="−133/394">33.8%</abbr> of its health!)</small><br></div><div class="spacer battle-history"><br></div><div class="battle-history">Avalugg used <strong>Gyro Ball</strong>!<br></div><div class="battle-history"><small>It's not very effective...</small><br></div><div class="battle-history"><small>(The opposing Atlantida Knight lost <abbr title="−76/331">23.0%</abbr> of its health!)</small><br></div><div class="spacer battle-history"><br></div><div class="battle-history"><small>Avalugg restored a little HP using its Leftovers!</small><br></div><div class="spacer battle-history"><br></div><h2 class="battle-history">Turn 6</h2><div class="chat chatmessage-souotaku"><strong style="color:hsl(250,49%,61.464525403982634%)"><small>★</small><span class="username" data-name="SouOtaku">SouOtaku</span>:</strong> <em>eu sei que esse bixin é bulky</em></div><div class="spacer battle-history"><br></div><div class="battle-history">The opposing Atlantida Knight used <strong>Swords Dance</strong>!<br></div><div class="battle-history"><small>The opposing Atlantida Knight's Attack rose sharply!</small><br></div><div class="spacer battle-history"><br></div><div class="battle-history">Avalugg used <strong>Avalanche</strong>!<br></div><div class="battle-history"><small>It's not very effective...</small><br></div><div class="battle-history"><small>(The opposing Atlantida Knight lost <abbr title="−67/331">20.2%</abbr> of its health!)</small><br></div><div class="spacer battle-history"><br></div><div class="battle-history"><small>Avalugg restored a little HP using its Leftovers!</small><br></div><div class="spacer battle-history"><br></div><h2 class="battle-history">Turn 7</h2><div class="spacer battle-history"><br></div><div class="battle-history">The opposing Atlantida Knight used <strong>Waterfall</strong>!<br></div><div class="battle-history"><small>(Avalugg lost <abbr title="−192/394">48.7%</abbr> of its health!)</small><br></div><div class="spacer battle-history"><br></div><div class="battle-history">Avalugg used <strong>Avalanche</strong>!<br></div><div class="battle-history"><small>It's not very effective...</small><br></div><div class="battle-history"><small>(The opposing Atlantida Knight lost <abbr title="−7/331">2.1%</abbr> of its health!)</small><br></div><div class="spacer battle-history"><br></div><div class="battle-history">The opposing Atlantida Knight fainted!<br></div><div class="spacer battle-history"><br></div><div class="battle-history"><small>Avalugg restored a little HP using its Leftovers!</small><br></div><div class="chat chatmessage-souotaku"><strong style="color:hsl(250,49%,61.464525403982634%)"><small>★</small><span class="username" data-name="SouOtaku">SouOtaku</span>:</strong> <em>então vo dar dano dele antes de ir</em></div><div class="spacer battle-history"><br></div><div class="battle-history">SouOtaku sent out Thunder (<strong>Rotom</strong>)!<br></div><div class="battle-history"><small>Pointed stones dug into the opposing Thunder!</small><br></div><div class="spacer battle-history"><br></div><h2 class="battle-history">Turn 8</h2><div class="spacer battle-history"><br></div><div class="battle-history">The opposing Thunder used <strong>Volt Switch</strong>!<br></div><div class="battle-history"><small>(Avalugg lost <abbr title="−141/394">35.8%</abbr> of its health!)</small><br></div><div class="spacer battle-history"><br></div><div class="battle-history">Avalugg fainted!<br></div><div class="spacer battle-history"><br></div><div class="battle-history">The opposing Thunder went back to SouOtaku!<br></div><div class="battle-history">SouOtaku sent out Literalmente Lixo (<strong>Garbodor</strong>)!<br></div><div class="battle-history"><small>Pointed stones dug into the opposing Literalmente Lixo!</small><br></div><div class="spacer battle-history"><br></div><div class="battle-history">Go! <strong>Muk</strong>!<br></div><div class="spacer battle-history"><br></div><h2 class="battle-history">Turn 9</h2><div class="spacer battle-history"><br></div><div class="battle-history">The opposing Literalmente Lixo used <strong>Spikes</strong>!<br></div><div class="battle-history"><small>Spikes were scattered on the ground all around your team!</small><br></div><div class="spacer battle-history"><br></div><div class="battle-history">Muk used <strong>Power-Up Punch</strong>!<br></div><div class="battle-history"><small>It's not very effective...</small><br></div><div class="battle-history"><small>(The opposing Literalmente Lixo lost <abbr title="−19/364">5.2%</abbr> of its health!)</small><br></div><div class="battle-history"><small>Muk was hurt by the Rocky Helmet!</small><br></div><div class="battle-history"><small>Muk's Attack rose!</small><br></div><div class="spacer battle-history"><br></div><div class="battle-history"><small>Muk restored a little HP using its Black Sludge!</small><br></div><div class="spacer battle-history"><br></div><h2 class="battle-history">Turn 10</h2><div class="spacer battle-history"><br></div><div class="battle-history">SouOtaku withdrew Literalmente Lixo!<br></div><div class="battle-history">SouOtaku sent out Thunder (<strong>Rotom</strong>)!<br></div><div class="battle-history"><small>Pointed stones dug into the opposing Thunder!</small><br></div><div class="spacer battle-history"><br></div><div class="battle-history">Muk used <strong>Power-Up Punch</strong>!<br></div><div class="battle-history"><small>It doesn't affect the opposing Thunder...</small><br></div><div class="spacer battle-history"><br></div><div class="battle-history"><small>Muk restored a little HP using its Black Sludge!</small><br></div><div class="spacer battle-history"><br></div><h2 class="battle-history">Turn 11</h2><div class="spacer battle-history"><br></div><div class="battle-history">Muk used <strong>Shadow Sneak</strong>!<br></div><div class="battle-history"><small>It's super effective!</small><br></div><div class="battle-history"><small>(The opposing Thunder lost <abbr title="−172/242">71.1%</abbr> of its health!)</small><br></div><div class="spacer battle-history"><br></div><div class="battle-history">The opposing Thunder used <strong>Hex</strong>!<br></div><div class="battle-history"><small>(Muk lost <abbr title="−121/414">29.2%</abbr> of its health!)</small><br></div><div class="spacer battle-history"><br></div><div class="battle-history"><small>Muk restored a little HP using its Black Sludge!</small><br></div><div class="spacer battle-history"><br></div><h2 class="battle-history">Turn 12</h2><div class="spacer battle-history"><br></div><div class="battle-history">SouOtaku withdrew Thunder!<br></div><div class="battle-history">SouOtaku sent out Literalmente Lixo (<strong>Garbodor</strong>)!<br></div><div class="battle-history"><small>Pointed stones dug into the opposing Literalmente Lixo!</small><br></div><div class="spacer battle-history"><br></div><div class="battle-history">Muk used <strong>Shadow Sneak</strong>!<br></div><div class="battle-history"><small>(The opposing Literalmente Lixo lost <abbr title="−57/364">15.7%</abbr> of its health!)</small><br></div><div class="battle-history"><small>Muk was hurt by the Rocky Helmet!</small><br></div><div class="spacer battle-history"><br></div><div class="battle-history"><small>Muk restored a little HP using its Black Sludge!</small><br></div><div class="spacer battle-history"><br></div><h2 class="battle-history">Turn 13</h2><div class="spacer battle-history"><br></div><div class="battle-history">The opposing Literalmente Lixo used <strong>Spikes</strong>!<br></div><div class="battle-history"><small>Spikes were scattered on the ground all around your team!</small><br></div><div class="spacer battle-history"><br></div><div class="battle-history">Muk used <strong>Power-Up Punch</strong>!<br></div><div class="battle-history"><small>It's not very effective...</small><br></div><div class="battle-history"><small>(The opposing Literalmente Lixo lost <abbr title="−31/364">8.5%</abbr> of its health!)</small><br></div><div class="battle-history"><small>Muk was hurt by the Rocky Helmet!</small><br></div><div class="battle-history"><small>Muk's Attack rose!</small><br></div><div class="spacer battle-history"><br></div><div class="battle-history"><small>Muk restored a little HP using its Black Sludge!</small><br></div><div class="spacer battle-history"><br></div><h2 class="battle-history">Turn 14</h2><div class="spacer battle-history"><br></div><div class="battle-history">The opposing Literalmente Lixo used <strong>Spikes</strong>!<br></div><div class="battle-history"><small>Spikes were scattered on the ground all around your team!</small><br></div><div class="spacer battle-history"><br></div><div class="battle-history">Muk used <strong>Fire Punch</strong>!<br></div><div class="battle-history"><small>A critical hit!</small><br></div><div class="battle-history"><small>(The opposing Literalmente Lixo lost <abbr title="−167/364">45.9%</abbr> of its health!)</small><br></div><div class="battle-history"><small>[The opposing Literalmente Lixo's Aftermath]</small><br><small>Muk is hurt!</small><br></div><div class="battle-history"><small>Muk was hurt by the Rocky Helmet!</small><br></div><div class="spacer battle-history"><br></div><div class="battle-history">The opposing Literalmente Lixo fainted!<br></div><div class="spacer battle-history"><br></div><div class="battle-history"><small>Muk restored a little HP using its Black Sludge!</small><br></div><div class="chat"><small>samuel 2336 joined.</small></div><div class="spacer battle-history"><br></div><div class="battle-history">SouOtaku sent out Nitro (<strong>Scyther</strong>)!<br></div><div class="battle-history"><small>Pointed stones dug into the opposing Nitro!</small><br></div><div class="spacer battle-history"><br></div><h2 class="battle-history">Turn 15</h2><div class="chat"><small>MrPhoenix left.</small></div><div class="chat"><small>samuel 2336 left.</small></div><div class="chat"><small>MrPhoenix joined.</small></div><div class="spacer battle-history"><br></div><div class="battle-history">Muk used <strong>Shadow Sneak</strong>!<br></div><div class="battle-history"><small>(The opposing Nitro lost <abbr title="−71/281">25.3%</abbr> of its health!)</small><br></div><div class="battle-history"><small>[Muk's Poison Touch]</small><br><small>The opposing Nitro was poisoned!</small><br></div><div class="spacer battle-history"><br></div><div class="battle-history">The opposing Nitro used <strong>Aerial Ace</strong>!<br></div><div class="battle-history"><small>A critical hit!</small><br></div><div class="battle-history"><small>(Muk lost <abbr title="−64/414">15.5%</abbr> of its health!)</small><br></div><div class="spacer battle-history"><br></div><div class="battle-history">Muk fainted!<br></div><div class="spacer battle-history"><br></div><div class="battle-history"><small>The opposing Nitro was hurt by poison!</small><br></div><div class="chat"><small>MrPhoenix left.</small></div><div class="spacer battle-history"><br></div><div class="battle-history">Go! <strong>Scyther</strong>!<br></div><div class="spacer battle-history"><br></div><h2 class="battle-history">Turn 16</h2><div class="spacer battle-history"><br></div><div class="battle-history">The opposing Nitro used <strong>Aerial Ace</strong>!<br></div><div class="battle-history"><small>It's super effective!</small><br></div><div class="battle-history"><small>(Scyther lost <abbr title="−281/281">100%</abbr> of its health!)</small><br></div><div class="spacer battle-history"><br></div><div class="battle-history">Scyther fainted!<br></div><div class="spacer battle-history"><br></div><div class="battle-history"><small>The opposing Nitro was hurt by poison!</small><br></div><div class="spacer battle-history"><br></div><div class="battle-history">The opposing Nitro fainted!<br></div><div class="spacer battle-history"><br></div><div class="battle-history">Go! <strong>Simipour</strong>!<br></div><div class="spacer battle-history"><br></div><div class="battle-history">SouOtaku sent out Petal Girl (<strong>Lilligant</strong>)!<br></div><div class="battle-history"><small>Simipour is hurt by the spikes!</small><br></div><div class="battle-history"><small>Pointed stones dug into the opposing Petal Girl!</small><br></div><div class="spacer battle-history"><br></div><h2 class="battle-history">Turn 17</h2><div class="chat"><small>SnakeRL◕_◕ joined.</small></div><div class="spacer battle-history"><br></div><div class="battle-history">Simipour used <strong>Nasty Plot</strong>!<br></div><div class="battle-history"><small>Simipour's Special Attack rose sharply!</small><br></div><div class="spacer battle-history"><br></div><div class="battle-history">The opposing Petal Girl used <strong>Quiver Dance</strong>!<br></div><div class="battle-history"><small>The opposing Petal Girl's Special Attack rose!</small><br></div><div class="battle-history"><small>The opposing Petal Girl's Special Defense rose!</small><br></div><div class="battle-history"><small>The opposing Petal Girl's Speed rose!</small><br></div><div class="spacer battle-history"><br></div><h2 class="battle-history">Turn 18</h2><div class="spacer battle-history"><br></div><div class="battle-history">The opposing Petal Girl used <strong>Giga Drain</strong>!<br></div><div class="battle-history"><small>It's super effective!</small><br></div><div class="battle-history"><small>(Simipour lost <abbr title="−219/291">75.3%</abbr> of its health!)</small><br></div><div class="battle-history"><small>Simipour had its energy drained!</small><br></div><div class="battle-history"><small>The opposing Petal Girl lost some of its HP!</small><br></div><div class="spacer battle-history"><br></div><div class="battle-history">Simipour fainted!<br></div><div class="spacer battle-history"><br></div><div class="battle-history"><strong>SouOtaku</strong> won the battle!<br></div><div class="chat"><small>SouOtaku left.</small></div><div class="chat"><small>Lagarto Demonial left.</small></div><div class="chat"><small>SouOtaku joined.</small></div></div><div class="inner-preempt"></div></div></div>
</div>
<script>
let daily = Math.floor(Date.now()/1000/60/60/24);document.write('<script src="https://play.pokemonshowdown.com/js/replay-embed.js?version'+daily+'"></'+'script>');
</script>
