<!DOCTYPE html>
<meta charset="utf-8" />
<!-- version 1 -->
<title>NU replay: Primosss vs. OP pokeman</title>
<style>
html,body {font-family:Verdana, sans-serif;font-size:10pt;margin:0;padding:0;}body{padding:12px 0;} .battle-log {font-family:Verdana, sans-serif;font-size:10pt;} .battle-log-inline {border:1px solid #AAAAAA;background:#EEF2F5;color:black;max-width:640px;margin:0 auto 80px;padding-bottom:5px;} .battle-log .inner {padding:4px 8px 0px 8px;} .battle-log .inner-preempt {padding:0 8px 4px 8px;} .battle-log .inner-after {margin-top:0.5em;} .battle-log h2 {margin:0.5em -8px;padding:4px 8px;border:1px solid #AAAAAA;background:#E0E7EA;border-left:0;border-right:0;font-family:Verdana, sans-serif;font-size:13pt;} .battle-log .chat {vertical-align:middle;padding:3px 0 3px 0;font-size:8pt;} .battle-log .chat strong {color:#40576A;} .battle-log .chat em {padding:1px 4px 1px 3px;color:#000000;font-style:normal;} .chat.mine {background:rgba(0,0,0,0.05);margin-left:-8px;margin-right:-8px;padding-left:8px;padding-right:8px;} .spoiler {color:#BBBBBB;background:#BBBBBB;padding:0px 3px;} .spoiler:hover, .spoiler:active, .spoiler-shown {color:#000000;background:#E2E2E2;padding:0px 3px;} .spoiler a {color:#BBBBBB;} .spoiler:hover a, .spoiler:active a, .spoiler-shown a {color:#2288CC;} .chat code, .chat .spoiler:hover code, .chat .spoiler:active code, .chat .spoiler-shown code {border:1px solid #C0C0C0;background:#EEEEEE;color:black;padding:0 2px;} .chat .spoiler code {border:1px solid #CCCCCC;background:#CCCCCC;color:#CCCCCC;} .battle-log .rated {padding:3px 4px;} .battle-log .rated strong {color:white;background:#89A;padding:1px 4px;border-radius:4px;} .spacer {margin-top:0.5em;} .message-announce {background:#6688AA;color:white;padding:1px 4px 2px;} .message-announce a, .broadcast-green a, .broadcast-blue a, .broadcast-red a {color:#DDEEFF;} .broadcast-green {background-color:#559955;color:white;padding:2px 4px;} .broadcast-blue {background-color:#6688AA;color:white;padding:2px 4px;} .infobox {border:1px solid #6688AA;padding:2px 4px;} .infobox-limited {max-height:200px;overflow:auto;overflow-x:hidden;} .broadcast-red {background-color:#AA5544;color:white;padding:2px 4px;} .message-learn-canlearn {font-weight:bold;color:#228822;text-decoration:underline;} .message-learn-cannotlearn {font-weight:bold;color:#CC2222;text-decoration:underline;} .message-effect-weak {font-weight:bold;color:#CC2222;} .message-effect-resist {font-weight:bold;color:#6688AA;} .message-effect-immune {font-weight:bold;color:#666666;} .message-learn-list {margin-top:0;margin-bottom:0;} .message-throttle-notice, .message-error {color:#992222;} .message-overflow, .chat small.message-overflow {font-size:0pt;} .message-overflow::before {font-size:9pt;content:'...';} .subtle {color:#3A4A66;}
</style>
<div class="wrapper replay-wrapper" style="max-width:1180px;margin:0 auto">
<input type="hidden" name="replayid" value="nu-545809648" />
<div class="battle"></div><div class="battle-log"></div><div class="replay-controls"></div><div class="replay-controls-2"></div>
<h1 style="font-weight:normal;text-align:center"><strong>NU</strong><br /><a href="http://pokemonshowdown.com/users/primosss" class="subtle" target="_blank">Primosss</a> vs. <a href="http://pokemonshowdown.com/users/oppokeman" class="subtle" target="_blank">OP pokeman</a></h1>
<script type="text/plain" class="battle-log-data">|j|Primosss
|j|OP pokeman
|player|p1|Primosss|120
|player|p2|OP pokeman|120
|gametype|singles
|gen|6
|tier|NU
|rated
|seed|40216,49030,62918,60251
|rule|Sleep Clause Mod: Limit one foe put to sleep
|rule|Species Clause: Limit one of each Pokémon
|rule|OHKO Clause: OHKO moves are banned
|rule|Moody Clause: Moody is banned
|rule|Evasion Moves Clause: Evasion moves are banned
|rule|Endless Battle Clause: Forcing endless battles is banned
|rule|HP Percentage Mod: HP is shown in percentages
|clearpoke
|poke|p1|Wobbuffet, M, shiny|item
|poke|p1|Ditto, shiny|item
|poke|p1|Audino, F, shiny|item
|poke|p1|Zangoose, M|item
|poke|p1|Kabutops, M, shiny|item
|poke|p1|Charizard, M, shiny|item
|poke|p2|Ariados, F|item
|poke|p2|Lanturn, M|item
|poke|p2|Vivillon-Pokeball, F|item
|poke|p2|Zangoose, M, shiny|item
|poke|p2|Pinsir, M|item
|poke|p2|Claydol, shiny|
|rule|Swagger Clause: Swagger is banned
|rule|Baton Pass Clause: Limit one Baton Passer, can't pass Spe and other stats simultaneously
|teampreview
|choice|team 4, team 2, team 3, team 1, team 5, team 6|team 2, team 1, team 3, team 4, team 5, team 6
|
|start
|switch|p1a: Zangoose|Zangoose, M|290\/290
|switch|p2a: Lanturn|Lanturn, M|391\/391
|turn|1
|choice|move swordsdance|move iondeluge
|
|move|p2a: Lanturn|Ion Deluge|p2a: Lanturn
|-fieldactivate|move: Ion Deluge
|move|p1a: Zangoose|Swords Dance|p1a: Zangoose
|-boost|p1a: Zangoose|atk|2
|
|-status|p1a: Zangoose|tox|[from] item: Toxic Orb
|upkeep
|turn|2
|choice|move facade|move raindance
|
|move|p1a: Zangoose|Facade|p2a: Lanturn
|-damage|p2a: Lanturn|0 fnt
|faint|p2a: Lanturn
|
|-damage|p1a: Zangoose|272\/290 tox|[from] psn
|upkeep
|choice||switch 2
|
|switch|p2a: Ariados|Ariados, F|281\/281
|turn|3
|choice|move facade|move poisonjab
|
|move|p1a: Zangoose|Facade|p2a: Ariados
|-damage|p2a: Ariados|0 fnt
|faint|p2a: Ariados
|
|-damage|p1a: Zangoose|236\/290 tox|[from] psn
|upkeep
|choice||switch 6
|
|switch|p2a: Claydol|Claydol, shiny|261\/261
|turn|4
|choice|move facade|move drillrun
|
|move|p1a: Zangoose|Facade|p2a: Claydol
|-damage|p2a: Claydol|0 fnt
|faint|p2a: Claydol
|
|-damage|p1a: Zangoose|182\/290 tox|[from] psn
|upkeep
|choice||switch 5
|
|switch|p2a: Pinsir|Pinsir, M|271\/271
|turn|5
|choice|move facade|move seismictoss
|
|move|p1a: Zangoose|Facade|p2a: Pinsir
|-crit|p2a: Pinsir
|-damage|p2a: Pinsir|0 fnt
|faint|p2a: Pinsir
|
|-damage|p1a: Zangoose|110\/290 tox|[from] psn
|upkeep
|choice||switch 3
|
|switch|p2a: Vivillon|Vivillon-Pokeball, F|337\/337
|turn|6
|choice|move facade|move hurricane
|
|move|p1a: Zangoose|Facade|p2a: Vivillon
|-damage|p2a: Vivillon|0 fnt
|faint|p2a: Vivillon
|
|-damage|p1a: Zangoose|20\/290 tox|[from] psn
|upkeep
|choice||switch 4
|
|switch|p2a: Zangoose|Zangoose, M, shiny|287\/287
|turn|7
|choice|move facade|move nightslash
|
|move|p1a: Zangoose|Facade|p2a: Zangoose
|-damage|p2a: Zangoose|0 fnt
|faint|p2a: Zangoose
|
|win|Primosss
|player|p1
|player|p2
|l|OP pokeman
|raw|Primosss's rating: 1078 &rarr; <strong>1100<\/strong><br \/>(+22 for winning)
|raw|OP pokeman's rating: 1000 &rarr; <strong>1000<\/strong><br \/>(+0 for losing)</script>
</div>
<div class="battle-log battle-log-inline"><div class="inner"><div class="battle-options"></div><div class="inner"><div class="chat"><small>Primosss joined.</small></div><div class="chat"><small>OP pokeman joined.</small></div><div class=""><small>Format:</small> <br><strong>NU</strong></div><div class="rated"><strong>Rated battle</strong></div><div class=""><small><em>Sleep Clause Mod:</em> Limit one foe put to sleep</small></div><div class=""><small><em>Species Clause:</em> Limit one of each Pokémon</small></div><div class=""><small><em>OHKO Clause:</em> OHKO moves are banned</small></div><div class=""><small><em>Moody Clause:</em> Moody is banned</small></div><div class=""><small><em>Evasion Moves Clause:</em> Evasion moves are banned</small></div><div class=""><small><em>Endless Battle Clause:</em> Forcing endless battles is banned</small></div><div class=""><small><em>HP Percentage Mod:</em> HP is shown in percentages</small></div><div class=""><small><em>Swagger Clause:</em> Swagger is banned</small></div><div class=""><small><em>Baton Pass Clause:</em> Limit one Baton Passer, can't pass Spe and other stats simultaneously</small></div><div class="chat battle-history"><strong>Primosss's team:</strong> <em style="color:#445566;display:block;">Wobbuffet / Ditto / Audino / Zangoose / Kabutops / Charizard</em></div><div class="chat battle-history"><strong>OP pokeman's team:</strong> <em style="color:#445566;display:block;">Ariados / Lanturn / Vivillon-Pokeball / Zangoose / Pinsir / Claydol</em></div><div class="spacer battle-history"><br></div><div class="battle-history">Battle started between Primosss and OP pokeman!<br></div><div class="spacer battle-history"><br></div><div class="battle-history">Go! <strong>Zangoose</strong>!<br></div><div class="spacer battle-history"><br></div><div class="battle-history">OP pokeman sent out <strong>Lanturn</strong>!<br></div><div class="spacer battle-history"><br></div><h2 class="battle-history">Turn 1</h2><div class="spacer battle-history"><br></div><div class="battle-history">The opposing Lanturn used <strong>Ion Deluge</strong>!<br></div><div class="battle-history"><small>A deluge of ions showers the battlefield!</small><br></div><div class="spacer battle-history"><br></div><div class="battle-history">Zangoose used <strong>Swords Dance</strong>!<br></div><div class="battle-history"><small>Zangoose's Attack rose sharply!</small><br></div><div class="spacer battle-history"><br></div><div class="battle-history"><small>Zangoose was badly poisoned!</small><br></div><div class="spacer battle-history"><br></div><h2 class="battle-history">Turn 2</h2><div class="spacer battle-history"><br></div><div class="battle-history">Zangoose used <strong>Facade</strong>!<br></div><div class="battle-history"><small>(The opposing Lanturn lost <abbr title="−391/391">100%</abbr> of its health!)</small><br></div><div class="spacer battle-history"><br></div><div class="battle-history">The opposing Lanturn fainted!<br></div><div class="spacer battle-history"><br></div><div class="battle-history"><small>Zangoose was hurt by poison!</small><br></div><div class="spacer battle-history"><br></div><div class="battle-history">OP pokeman sent out <strong>Ariados</strong>!<br></div><div class="spacer battle-history"><br></div><h2 class="battle-history">Turn 3</h2><div class="spacer battle-history"><br></div><div class="battle-history">Zangoose used <strong>Facade</strong>!<br></div><div class="battle-history"><small>(The opposing Ariados lost <abbr title="−281/281">100%</abbr> of its health!)</small><br></div><div class="spacer battle-history"><br></div><div class="battle-history">The opposing Ariados fainted!<br></div><div class="spacer battle-history"><br></div><div class="battle-history"><small>Zangoose was hurt by poison!</small><br></div><div class="spacer battle-history"><br></div><div class="battle-history">OP pokeman sent out <strong>Claydol</strong>!<br></div><div class="spacer battle-history"><br></div><h2 class="battle-history">Turn 4</h2><div class="spacer battle-history"><br></div><div class="battle-history">Zangoose used <strong>Facade</strong>!<br></div><div class="battle-history"><small>(The opposing Claydol lost <abbr title="−261/261">100%</abbr> of its health!)</small><br></div><div class="spacer battle-history"><br></div><div class="battle-history">The opposing Claydol fainted!<br></div><div class="spacer battle-history"><br></div><div class="battle-history"><small>Zangoose was hurt by poison!</small><br></div><div class="spacer battle-history"><br></div><div class="battle-history">OP pokeman sent out <strong>Pinsir</strong>!<br></div><div class="spacer battle-history"><br></div><h2 class="battle-history">Turn 5</h2><div class="spacer battle-history"><br></div><div class="battle-history">Zangoose used <strong>Facade</strong>!<br></div><div class="battle-history"><small>A critical hit!</small><br></div><div class="battle-history"><small>(The opposing Pinsir lost <abbr title="−271/271">100%</abbr> of its health!)</small><br></div><div class="spacer battle-history"><br></div><div class="battle-history">The opposing Pinsir fainted!<br></div><div class="spacer battle-history"><br></div><div class="battle-history"><small>Zangoose was hurt by poison!</small><br></div><div class="spacer battle-history"><br></div><div class="battle-history">OP pokeman sent out Vivillon (<strong>Vivillon-Pokeball</strong>)!<br></div><div class="spacer battle-history"><br></div><h2 class="battle-history">Turn 6</h2><div class="spacer battle-history"><br></div><div class="battle-history">Zangoose used <strong>Facade</strong>!<br></div><div class="battle-history"><small>(The opposing Vivillon lost <abbr title="−337/337">100%</abbr> of its health!)</small><br></div><div class="spacer battle-history"><br></div><div class="battle-history">The opposing Vivillon fainted!<br></div><div class="spacer battle-history"><br></div><div class="battle-history"><small>Zangoose was hurt by poison!</small><br></div><div class="spacer battle-history"><br></div><div class="battle-history">OP pokeman sent out <strong>Zangoose</strong>!<br></div><div class="spacer battle-history"><br></div><h2 class="battle-history">Turn 7</h2><div class="spacer battle-history"><br></div><div class="battle-history">Zangoose used <strong>Facade</strong>!<br></div><div class="battle-history"><small>(The opposing Zangoose lost <abbr title="−287/287">100%</abbr> of its health!)</small><br></div><div class="spacer battle-history"><br></div><div class="battle-history">The opposing Zangoose fainted!<br></div><div class="spacer battle-history"><br></div><div class="battle-history"><strong>Primosss</strong> won the battle!<br></div><div class="chat"><small>OP pokeman left.</small></div><div class="chat">Primosss's rating: 1078 → <strong>1100</strong><br>(+22 for winning)</div><div class="chat">OP pokeman's rating: 1000 → <strong>1000</strong><br>(+0 for losing)</div></div><div class="inner-preempt"></div></div></div>
</div>
<script>
let daily = Math.floor(Date.now()/1000/60/60/24);document.write('<script src="https://play.pokemonshowdown.com/js/replay-embed.js?version'+daily+'"></'+'script>');
</script>
