<!DOCTYPE html>
<meta charset="utf-8" />
<!-- version 1 -->
<title>NU replay: KilluaZoldyck11 vs. ZenoZoldyckBR</title>
<style>
html,body {font-family:Verdana, sans-serif;font-size:10pt;margin:0;padding:0;}body{padding:12px 0;} .battle-log {font-family:Verdana, sans-serif;font-size:10pt;} .battle-log-inline {border:1px solid #AAAAAA;background:#EEF2F5;color:black;max-width:640px;margin:0 auto 80px;padding-bottom:5px;} .battle-log .inner {padding:4px 8px 0px 8px;} .battle-log .inner-preempt {padding:0 8px 4px 8px;} .battle-log .inner-after {margin-top:0.5em;} .battle-log h2 {margin:0.5em -8px;padding:4px 8px;border:1px solid #AAAAAA;background:#E0E7EA;border-left:0;border-right:0;font-family:Verdana, sans-serif;font-size:13pt;} .battle-log .chat {vertical-align:middle;padding:3px 0 3px 0;font-size:8pt;} .battle-log .chat strong {color:#40576A;} .battle-log .chat em {padding:1px 4px 1px 3px;color:#000000;font-style:normal;} .chat.mine {background:rgba(0,0,0,0.05);margin-left:-8px;margin-right:-8px;padding-left:8px;padding-right:8px;} .spoiler {color:#BBBBBB;background:#BBBBBB;padding:0px 3px;} .spoiler:hover, .spoiler:active, .spoiler-shown {color:#000000;background:#E2E2E2;padding:0px 3px;} .spoiler a {color:#BBBBBB;} .spoiler:hover a, .spoiler:active a, .spoiler-shown a {color:#2288CC;} .chat code, .chat .spoiler:hover code, .chat .spoiler:active code, .chat .spoiler-shown code {border:1px solid #C0C0C0;background:#EEEEEE;color:black;padding:0 2px;} .chat .spoiler code {border:1px solid #CCCCCC;background:#CCCCCC;color:#CCCCCC;} .battle-log .rated {padding:3px 4px;} .battle-log .rated strong {color:white;background:#89A;padding:1px 4px;border-radius:4px;} .spacer {margin-top:0.5em;} .message-announce {background:#6688AA;color:white;padding:1px 4px 2px;} .message-announce a, .broadcast-green a, .broadcast-blue a, .broadcast-red a {color:#DDEEFF;} .broadcast-green {background-color:#559955;color:white;padding:2px 4px;} .broadcast-blue {background-color:#6688AA;color:white;padding:2px 4px;} .infobox {border:1px solid #6688AA;padding:2px 4px;} .infobox-limited {max-height:200px;overflow:auto;overflow-x:hidden;} .broadcast-red {background-color:#AA5544;color:white;padding:2px 4px;} .message-learn-canlearn {font-weight:bold;color:#228822;text-decoration:underline;} .message-learn-cannotlearn {font-weight:bold;color:#CC2222;text-decoration:underline;} .message-effect-weak {font-weight:bold;color:#CC2222;} .message-effect-resist {font-weight:bold;color:#6688AA;} .message-effect-immune {font-weight:bold;color:#666666;} .message-learn-list {margin-top:0;margin-bottom:0;} .message-throttle-notice, .message-error {color:#992222;} .message-overflow, .chat small.message-overflow {font-size:0pt;} .message-overflow::before {font-size:9pt;content:'...';} .subtle {color:#3A4A66;}
</style>
<div class="wrapper replay-wrapper" style="max-width:1180px;margin:0 auto">
<input type="hidden" name="replayid" value="nu-574163570" />
<div class="battle"></div><div class="battle-log"></div><div class="replay-controls"></div><div class="replay-controls-2"></div>
<h1 style="font-weight:normal;text-align:center"><strong>NU</strong><br /><a href="http://pokemonshowdown.com/users/killuazoldyck11" class="subtle" target="_blank">KilluaZoldyck11</a> vs. <a href="http://pokemonshowdown.com/users/zenozoldyckbr" class="subtle" target="_blank">ZenoZoldyckBR</a></h1>
<script type="text/plain" class="battle-log-data">|j|KilluaZoldyck11
|j|ZenoZoldyckBR
|player|p1|KilluaZoldyck11|167
|player|p2|ZenoZoldyckBR|288
|gametype|singles
|gen|6
|tier|NU
|seed|51818,51733,2510,48011
|rule|Sleep Clause Mod: Limit one foe put to sleep
|rule|Species Clause: Limit one of each Pokémon
|rule|OHKO Clause: OHKO moves are banned
|rule|Moody Clause: Moody is banned
|rule|Evasion Moves Clause: Evasion moves are banned
|rule|Endless Battle Clause: Forcing endless battles is banned
|rule|HP Percentage Mod: HP is shown in percentages
|clearpoke
|poke|p1|Lilligant, F|item
|poke|p1|Mesprit|item
|poke|p1|Gastrodon, F|item
|poke|p1|Garbodor, F|item
|poke|p1|Shiftry, F|item
|poke|p1|Charizard, F|item
|poke|p2|Tauros, M|item
|poke|p2|Mesprit|item
|poke|p2|Steelix, M|item
|poke|p2|Pelipper, M|item
|poke|p2|Magmortar, M|item
|poke|p2|Hariyama, M|item
|rule|Swagger Clause: Swagger is banned
|rule|Baton Pass Clause: Limit one Baton Passer, can't pass Spe and other stats simultaneously
|teampreview
|choice|team 2, team 1, team 3, team 4, team 5, team 6|team 3, team 2, team 1, team 4, team 5, team 6
|
|start
|switch|p1a: Mesprit|Mesprit|364\/364
|switch|p2a: Steelix|Steelix, M|352\/352
|turn|1
|choice|move stealthrock|move stealthrock
|
|move|p1a: Mesprit|Stealth Rock|p2a: Steelix
|-sidestart|p2: ZenoZoldyckBR|move: Stealth Rock
|move|p2a: Steelix|Stealth Rock|p1a: Mesprit
|-sidestart|p1: KilluaZoldyck11|move: Stealth Rock
|
|upkeep
|turn|2
|choice|move uturn|move heavyslam
|
|move|p1a: Mesprit|U-turn|p2a: Steelix
|-resisted|p2a: Steelix
|-damage|p2a: Steelix|339\/352
|choice|switch 3|
|
|switch|p1a: Gastrodon|Gastrodon, F|382\/382
|-damage|p1a: Gastrodon|359\/382|[from] Stealth Rock
|move|p2a: Steelix|Heavy Slam|p1a: Gastrodon
|-resisted|p1a: Gastrodon
|-damage|p1a: Gastrodon|247\/382
|
|-heal|p1a: Gastrodon|270\/382|[from] item: Leftovers
|-heal|p2a: Steelix|352\/352|[from] item: Leftovers
|upkeep
|turn|3
|choice|move scald|switch 4
|
|switch|p2a: Pelipper|Pelipper, M|323\/323
|-damage|p2a: Pelipper|243\/323|[from] Stealth Rock
|move|p1a: Gastrodon|Scald|p2a: Pelipper
|-resisted|p2a: Pelipper
|-damage|p2a: Pelipper|180\/323
|
|-heal|p2a: Pelipper|200\/323|[from] item: Leftovers
|-heal|p1a: Gastrodon|293\/382|[from] item: Leftovers
|upkeep
|turn|4
|choice|move scald|move hurricane
|
|move|p2a: Pelipper|Hurricane|p1a: Gastrodon
|-damage|p1a: Gastrodon|191\/382
|-start|p1a: Gastrodon|confusion
|-activate|p1a: Gastrodon|confusion
|move|p1a: Gastrodon|Scald|p2a: Pelipper
|-resisted|p2a: Pelipper
|-damage|p2a: Pelipper|143\/323
|
|-heal|p2a: Pelipper|163\/323|[from] item: Leftovers
|-heal|p1a: Gastrodon|214\/382|[from] item: Leftovers
|upkeep
|turn|5
|choice|move recover|move roost
|
|move|p2a: Pelipper|Roost|p2a: Pelipper
|-heal|p2a: Pelipper|323\/323
|-activate|p1a: Gastrodon|confusion
|move|p1a: Gastrodon|Recover|p1a: Gastrodon
|-heal|p1a: Gastrodon|382\/382
|
|upkeep
|turn|6
|choice|move scald|move hurricane
|
|move|p2a: Pelipper|Hurricane|p1a: Gastrodon
|-damage|p1a: Gastrodon|277\/382
|-activate|p1a: Gastrodon|confusion
|-damage|p1a: Gastrodon|243\/382|[from] confusion
|
|-heal|p1a: Gastrodon|266\/382|[from] item: Leftovers
|upkeep
|turn|7
|choice|move recover|move hurricane
|
|move|p2a: Pelipper|Hurricane|p1a: Gastrodon
|-damage|p1a: Gastrodon|172\/382
|-end|p1a: Gastrodon|confusion
|move|p1a: Gastrodon|Recover|p1a: Gastrodon
|-heal|p1a: Gastrodon|363\/382
|
|-heal|p1a: Gastrodon|382\/382|[from] item: Leftovers
|upkeep
|turn|8
|choice|move scald|move scald
|
|move|p2a: Pelipper|Scald|p1a: Gastrodon
|-ability|p1a: Gastrodon|Storm Drain|boost
|-boost|p1a: Gastrodon|spa|1
|move|p1a: Gastrodon|Scald|p2a: Pelipper
|-resisted|p2a: Pelipper
|-crit|p2a: Pelipper
|-damage|p2a: Pelipper|188\/323
|-status|p2a: Pelipper|brn
|
|-heal|p2a: Pelipper|208\/323 brn|[from] item: Leftovers
|-damage|p2a: Pelipper|168\/323 brn|[from] brn
|upkeep
|turn|9
|c|☆ZenoZoldyckBR|wtf ?
|c|☆KilluaZoldyck11|ahsuahuahusha
|choice|move scald|move hurricane
|
|move|p2a: Pelipper|Hurricane|p1a: Gastrodon
|-damage|p1a: Gastrodon|274\/382
|-start|p1a: Gastrodon|confusion
|-activate|p1a: Gastrodon|confusion
|-damage|p1a: Gastrodon|242\/382|[from] confusion
|
|-heal|p2a: Pelipper|188\/323 brn|[from] item: Leftovers
|-heal|p1a: Gastrodon|265\/382|[from] item: Leftovers
|-damage|p2a: Pelipper|148\/323 brn|[from] brn
|upkeep
|turn|10
|choice|move scald|switch 3
|
|switch|p2a: Tauros|Tauros, M|291\/291
|-damage|p2a: Tauros|255\/291|[from] Stealth Rock
|-activate|p1a: Gastrodon|confusion
|move|p1a: Gastrodon|Scald|p2a: Tauros
|-damage|p2a: Tauros|11\/291
|
|-heal|p1a: Gastrodon|288\/382|[from] item: Leftovers
|upkeep
|turn|11
|choice|switch 4|move rockclimb
|
|switch|p1a: Garbodor|Garbodor, F|364\/364
|-damage|p1a: Garbodor|319\/364|[from] Stealth Rock
|move|p2a: Tauros|Rock Climb|p1a: Garbodor
|-damage|p1a: Garbodor|123\/364
|-damage|p2a: Tauros|0 fnt|[from] item: Rocky Helmet|[of] p1a: Garbodor
|faint|p2a: Tauros
|
|upkeep
|c|☆ZenoZoldyckBR|a vsf
|choice||switch 2
|
|switch|p2a: Mesprit|Mesprit|301\/301
|-damage|p2a: Mesprit|264\/301|[from] Stealth Rock
|turn|12
|c|☆KilluaZoldyck11|kkkkkk
|choice|switch 5|move psychic
|
|switch|p1a: Shiftry|Shiftry, F|322\/322
|-damage|p1a: Shiftry|282\/322|[from] Stealth Rock
|move|p2a: Mesprit|Psychic|p1a: Shiftry
|-immune|p1a: Shiftry|[msg]
|
|upkeep
|turn|13
|choice|move knockoff|switch 5
|
|switch|p2a: Magmortar|Magmortar, M|315\/315
|-damage|p2a: Magmortar|237\/315|[from] Stealth Rock
|move|p1a: Shiftry|Knock Off|p2a: Magmortar
|-damage|p2a: Magmortar|0 fnt
|-enditem|p2a: Magmortar|Assault Vest|[from] move: Knock Off|[of] p1a: Shiftry
|-damage|p1a: Shiftry|250\/322|[from] item: Life Orb
|faint|p2a: Magmortar
|
|upkeep
|choice||switch 6
|
|switch|p2a: Hariyama|Hariyama, M|429\/429
|-damage|p2a: Hariyama|403\/429|[from] Stealth Rock
|turn|14
|c|☆ZenoZoldyckBR|errei feio
|choice|switch 3|move closecombat
|
|switch|p1a: Mesprit|Mesprit|364\/364
|-damage|p1a: Mesprit|319\/364|[from] Stealth Rock
|move|p2a: Hariyama|Close Combat|p1a: Mesprit
|-resisted|p1a: Mesprit
|-crit|p1a: Mesprit
|-damage|p1a: Mesprit|207\/364
|-unboost|p2a: Hariyama|def|1
|-unboost|p2a: Hariyama|spd|1
|
|-heal|p1a: Mesprit|229\/364|[from] item: Leftovers
|upkeep
|turn|15
|c|☆KilluaZoldyck11|percebi isso mesmo
|choice|move psychic|switch 4
|
|switch|p2a: Steelix|Steelix, M|352\/352
|-damage|p2a: Steelix|341\/352|[from] Stealth Rock
|move|p1a: Mesprit|Psychic|p2a: Steelix
|-resisted|p2a: Steelix
|-damage|p2a: Steelix|278\/352
|-unboost|p2a: Steelix|spd|1
|
|-heal|p1a: Mesprit|251\/364|[from] item: Leftovers
|-heal|p2a: Steelix|300\/352|[from] item: Leftovers
|upkeep
|turn|16
|choice|move uturn|move heavyslam
|
|move|p1a: Mesprit|U-turn|p2a: Steelix
|-resisted|p2a: Steelix
|-damage|p2a: Steelix|286\/352
|choice|switch 4|
|
|switch|p1a: Gastrodon|Gastrodon, F|288\/382
|-damage|p1a: Gastrodon|265\/382|[from] Stealth Rock
|move|p2a: Steelix|Heavy Slam|p1a: Gastrodon
|-resisted|p1a: Gastrodon
|-damage|p1a: Gastrodon|153\/382
|
|-heal|p1a: Gastrodon|176\/382|[from] item: Leftovers
|-heal|p2a: Steelix|308\/352|[from] item: Leftovers
|upkeep
|turn|17
|choice|move recover|switch 4
|
|switch|p2a: Hariyama|Hariyama, M|403\/429
|-damage|p2a: Hariyama|377\/429|[from] Stealth Rock
|move|p1a: Gastrodon|Recover|p1a: Gastrodon
|-heal|p1a: Gastrodon|367\/382
|
|-heal|p1a: Gastrodon|382\/382|[from] item: Leftovers
|upkeep
|turn|18
|choice|switch 5|move closecombat
|
|switch|p1a: Garbodor|Garbodor, F|123\/364
|-damage|p1a: Garbodor|78\/364|[from] Stealth Rock
|move|p2a: Hariyama|Close Combat|p1a: Garbodor
|-resisted|p1a: Garbodor
|-damage|p1a: Garbodor|0 fnt
|-damage|p2a: Hariyama|270\/429|[from] ability: Aftermath|[of] p1a: Garbodor
|-damage|p2a: Hariyama|199\/429|[from] item: Rocky Helmet|[of] p1a: Garbodor
|-unboost|p2a: Hariyama|def|1
|-unboost|p2a: Hariyama|spd|1
|faint|p1a: Garbodor
|
|upkeep
|choice|switch 6|
|
|switch|p1a: Charizard|Charizard, F|297\/297
|-damage|p1a: Charizard|149\/297|[from] Stealth Rock
|turn|19
|choice|move airslash|switch 5
|
|switch|p2a: Mesprit|Mesprit|264\/301
|-damage|p2a: Mesprit|227\/301|[from] Stealth Rock
|move|p1a: Charizard|Air Slash|p2a: Mesprit
|-damage|p2a: Mesprit|85\/301
|-damage|p1a: Charizard|120\/297|[from] item: Life Orb
|
|upkeep
|turn|20
|choice|move airslash|move psychic
|
|move|p1a: Charizard|Air Slash|p2a: Mesprit
|-damage|p2a: Mesprit|0 fnt
|-damage|p1a: Charizard|91\/297|[from] item: Life Orb
|faint|p2a: Mesprit
|
|upkeep
|c|☆ZenoZoldyckBR|aaaaaaaaaaa
|c|☆ZenoZoldyckBR|gg
|choice||switch 5
|
|switch|p2a: Hariyama|Hariyama, M|199\/429
|-damage|p2a: Hariyama|173\/429|[from] Stealth Rock
|turn|21
|choice|move airslash|switch 4
|
|switch|p2a: Steelix|Steelix, M|308\/352
|-damage|p2a: Steelix|297\/352|[from] Stealth Rock
|move|p1a: Charizard|Air Slash|p2a: Steelix
|-resisted|p2a: Steelix
|-damage|p2a: Steelix|210\/352
|-damage|p1a: Charizard|62\/297|[from] item: Life Orb
|
|-heal|p2a: Steelix|232\/352|[from] item: Leftovers
|upkeep
|turn|22
|choice|move fireblast|switch 3
|
|switch|p2a: Pelipper|Pelipper, M|148\/323 brn
|-damage|p2a: Pelipper|68\/323 brn|[from] Stealth Rock
|move|p1a: Charizard|Fire Blast|p2a: Pelipper
|-resisted|p2a: Pelipper
|-damage|p2a: Pelipper|0 fnt
|-damage|p1a: Charizard|33\/297|[from] item: Life Orb
|faint|p2a: Pelipper
|
|upkeep
|choice||switch 4
|
|switch|p2a: Hariyama|Hariyama, M|173\/429
|-damage|p2a: Hariyama|147\/429|[from] Stealth Rock
|turn|23
|c|☆KilluaZoldyck11|gg
|choice|move airslash|move bulletpunch
|
|move|p2a: Hariyama|Bullet Punch|p1a: Charizard
|-resisted|p1a: Charizard
|-damage|p1a: Charizard|4\/297
|move|p1a: Charizard|Air Slash|p2a: Hariyama
|-supereffective|p2a: Hariyama
|-damage|p2a: Hariyama|0 fnt
|-damage|p1a: Charizard|0 fnt|[from] item: Life Orb
|faint|p2a: Hariyama
|faint|p1a: Charizard
|
|upkeep
|choice|switch 5|switch 3
|
|switch|p1a: Gastrodon|Gastrodon, F|382\/382
|switch|p2a: Steelix|Steelix, M|232\/352
|-damage|p1a: Gastrodon|359\/382|[from] Stealth Rock
|-damage|p2a: Steelix|221\/352|[from] Stealth Rock
|turn|24
|choice|move scald|move earthquake
|
|move|p1a: Gastrodon|Scald|p2a: Steelix
|-supereffective|p2a: Steelix
|-damage|p2a: Steelix|0 fnt
|faint|p2a: Steelix
|
|win|KilluaZoldyck11</script>
</div>
<div class="battle-log battle-log-inline"><div class="inner"><div class="battle-options"></div><div class="inner"><div class="chat"><small>KilluaZoldyck11 joined.</small></div><div class="chat"><small>ZenoZoldyckBR joined.</small></div><div class=""><small>Format:</small> <br><strong>NU</strong></div><div class=""><small><em>Sleep Clause Mod:</em> Limit one foe put to sleep</small></div><div class=""><small><em>Species Clause:</em> Limit one of each Pokémon</small></div><div class=""><small><em>OHKO Clause:</em> OHKO moves are banned</small></div><div class=""><small><em>Moody Clause:</em> Moody is banned</small></div><div class=""><small><em>Evasion Moves Clause:</em> Evasion moves are banned</small></div><div class=""><small><em>Endless Battle Clause:</em> Forcing endless battles is banned</small></div><div class=""><small><em>HP Percentage Mod:</em> HP is shown in percentages</small></div><div class=""><small><em>Swagger Clause:</em> Swagger is banned</small></div><div class=""><small><em>Baton Pass Clause:</em> Limit one Baton Passer, can't pass Spe and other stats simultaneously</small></div><div class="chat battle-history"><strong>KilluaZoldyck11's team:</strong> <em style="color:#445566;display:block;">Lilligant / Mesprit / Gastrodon / Garbodor / Shiftry / Charizard</em></div><div class="chat battle-history"><strong>ZenoZoldyckBR's team:</strong> <em style="color:#445566;display:block;">Tauros / Mesprit / Steelix / Pelipper / Magmortar / Hariyama</em></div><div class="spacer battle-history"><br></div><div class="battle-history">Battle started between KilluaZoldyck11 and ZenoZoldyckBR!<br></div><div class="spacer battle-history"><br></div><div class="battle-history">Go! <strong>Mesprit</strong>!<br></div><div class="spacer battle-history"><br></div><div class="battle-history">ZenoZoldyckBR sent out <strong>Steelix</strong>!<br></div><div class="spacer battle-history"><br></div><h2 class="battle-history">Turn 1</h2><div class="spacer battle-history"><br></div><div class="battle-history">Mesprit used <strong>Stealth Rock</strong>!<br></div><div class="battle-history"><small>Pointed stones float in the air around the opposing team!</small><br></div><div class="spacer battle-history"><br></div><div class="battle-history">The opposing Steelix used <strong>Stealth Rock</strong>!<br></div><div class="battle-history"><small>Pointed stones float in the air around your team!</small><br></div><div class="spacer battle-history"><br></div><h2 class="battle-history">Turn 2</h2><div class="spacer battle-history"><br></div><div class="battle-history">Mesprit used <strong>U-turn</strong>!<br></div><div class="battle-history"><small>It's not very effective...</small><br></div><div class="battle-history"><small>(The opposing Steelix lost <abbr title="−13/352">3.7%</abbr> of its health!)</small><br></div><div class="spacer battle-history"><br></div><div class="battle-history">Mesprit went back to KilluaZoldyck11!<br></div><div class="battle-history">Go! <strong>Gastrodon</strong>!<br></div><div class="battle-history"><small>Pointed stones dug into Gastrodon!</small><br></div><div class="spacer battle-history"><br></div><div class="battle-history">The opposing Steelix used <strong>Heavy Slam</strong>!<br></div><div class="battle-history"><small>It's not very effective...</small><br></div><div class="battle-history"><small>(Gastrodon lost <abbr title="−112/382">29.3%</abbr> of its health!)</small><br></div><div class="spacer battle-history"><br></div><div class="battle-history"><small>Gastrodon restored a little HP using its Leftovers!</small><br></div><div class="battle-history"><small>The opposing Steelix restored a little HP using its Leftovers!</small><br></div><div class="spacer battle-history"><br></div><h2 class="battle-history">Turn 3</h2><div class="spacer battle-history"><br></div><div class="battle-history">ZenoZoldyckBR withdrew Steelix!<br></div><div class="battle-history">ZenoZoldyckBR sent out <strong>Pelipper</strong>!<br></div><div class="battle-history"><small>Pointed stones dug into the opposing Pelipper!</small><br></div><div class="spacer battle-history"><br></div><div class="battle-history">Gastrodon used <strong>Scald</strong>!<br></div><div class="battle-history"><small>It's not very effective...</small><br></div><div class="battle-history"><small>(The opposing Pelipper lost <abbr title="−63/323">19.5%</abbr> of its health!)</small><br></div><div class="spacer battle-history"><br></div><div class="battle-history"><small>The opposing Pelipper restored a little HP using its Leftovers!</small><br></div><div class="battle-history"><small>Gastrodon restored a little HP using its Leftovers!</small><br></div><div class="spacer battle-history"><br></div><h2 class="battle-history">Turn 4</h2><div class="spacer battle-history"><br></div><div class="battle-history">The opposing Pelipper used <strong>Hurricane</strong>!<br></div><div class="battle-history"><small>(Gastrodon lost <abbr title="−102/382">26.7%</abbr> of its health!)</small><br></div><div class="battle-history"><small>Gastrodon became confused!</small><br></div><div class="spacer battle-history"><br></div><div class="battle-history"><small>Gastrodon is confused!</small><br></div><div class="battle-history">Gastrodon used <strong>Scald</strong>!<br></div><div class="battle-history"><small>It's not very effective...</small><br></div><div class="battle-history"><small>(The opposing Pelipper lost <abbr title="−57/323">17.6%</abbr> of its health!)</small><br></div><div class="spacer battle-history"><br></div><div class="battle-history"><small>The opposing Pelipper restored a little HP using its Leftovers!</small><br></div><div class="battle-history"><small>Gastrodon restored a little HP using its Leftovers!</small><br></div><div class="spacer battle-history"><br></div><h2 class="battle-history">Turn 5</h2><div class="spacer battle-history"><br></div><div class="battle-history">The opposing Pelipper used <strong>Roost</strong>!<br></div><div class="battle-history"><small>The opposing Pelipper restored its HP.</small><br></div><div class="spacer battle-history"><br></div><div class="battle-history"><small>Gastrodon is confused!</small><br></div><div class="battle-history">Gastrodon used <strong>Recover</strong>!<br></div><div class="battle-history"><small>Gastrodon restored its HP.</small><br></div><div class="spacer battle-history"><br></div><h2 class="battle-history">Turn 6</h2><div class="spacer battle-history"><br></div><div class="battle-history">The opposing Pelipper used <strong>Hurricane</strong>!<br></div><div class="battle-history"><small>(Gastrodon lost <abbr title="−105/382">27.5%</abbr> of its health!)</small><br></div><div class="spacer battle-history"><br></div><div class="battle-history"><small>Gastrodon is confused!</small><br></div><div class="battle-history">It hurt itself in its confusion!<br></div><div class="spacer battle-history"><br></div><div class="battle-history"><small>Gastrodon restored a little HP using its Leftovers!</small><br></div><div class="spacer battle-history"><br></div><h2 class="battle-history">Turn 7</h2><div class="spacer battle-history"><br></div><div class="battle-history">The opposing Pelipper used <strong>Hurricane</strong>!<br></div><div class="battle-history"><small>(Gastrodon lost <abbr title="−94/382">24.6%</abbr> of its health!)</small><br></div><div class="battle-history"><small>Gastrodon snapped out of its confusion!</small><br></div><div class="spacer battle-history"><br></div><div class="battle-history">Gastrodon used <strong>Recover</strong>!<br></div><div class="battle-history"><small>Gastrodon restored its HP.</small><br></div><div class="spacer battle-history"><br></div><div class="battle-history"><small>Gastrodon restored a little HP using its Leftovers!</small><br></div><div class="spacer battle-history"><br></div><h2 class="battle-history">Turn 8</h2><div class="spacer battle-history"><br></div><div class="battle-history">The opposing Pelipper used <strong>Scald</strong>!<br></div><div class="battle-history"><small>[Gastrodon's Storm Drain]</small><br></div><div class="battle-history"><small>Gastrodon's Special Attack rose!</small><br></div><div class="spacer battle-history"><br></div><div class="battle-history">Gastrodon used <strong>Scald</strong>!<br></div><div class="battle-history"><small>It's not very effective...</small><br></div><div class="battle-history"><small>A critical hit!</small><br></div><div class="battle-history"><small>(The opposing Pelipper lost <abbr title="−135/323">41.8%</abbr> of its health!)</small><br></div><div class="battle-history"><small>The opposing Pelipper was burned!</small><br></div><div class="spacer battle-history"><br></div><div class="battle-history"><small>The opposing Pelipper restored a little HP using its Leftovers!</small><br></div><div class="battle-history"><small>The opposing Pelipper was hurt by its burn!</small><br></div><div class="spacer battle-history"><br></div><h2 class="battle-history">Turn 9</h2><div class="chat chatmessage-zenozoldyckbr"><strong style="color:hsl(256,56%,57.799146261471556%)"><small>☆</small><span class="username" data-name="ZenoZoldyckBR">ZenoZoldyckBR</span>:</strong> <em>wtf ?</em></div><div class="chat chatmessage-killuazoldyck11"><strong style="color:hsl(319,65%,47%)"><small>☆</small><span class="username" data-name="KilluaZoldyck11">KilluaZoldyck11</span>:</strong> <em>ahsuahuahusha</em></div><div class="spacer battle-history"><br></div><div class="battle-history">The opposing Pelipper used <strong>Hurricane</strong>!<br></div><div class="battle-history"><small>(Gastrodon lost <abbr title="−108/382">28.3%</abbr> of its health!)</small><br></div><div class="battle-history"><small>Gastrodon became confused!</small><br></div><div class="spacer battle-history"><br></div><div class="battle-history"><small>Gastrodon is confused!</small><br></div><div class="battle-history">It hurt itself in its confusion!<br></div><div class="spacer battle-history"><br></div><div class="battle-history"><small>The opposing Pelipper restored a little HP using its Leftovers!</small><br></div><div class="battle-history"><small>Gastrodon restored a little HP using its Leftovers!</small><br></div><div class="battle-history"><small>The opposing Pelipper was hurt by its burn!</small><br></div><div class="spacer battle-history"><br></div><h2 class="battle-history">Turn 10</h2><div class="spacer battle-history"><br></div><div class="battle-history">ZenoZoldyckBR withdrew Pelipper!<br></div><div class="battle-history">ZenoZoldyckBR sent out <strong>Tauros</strong>!<br></div><div class="battle-history"><small>Pointed stones dug into the opposing Tauros!</small><br></div><div class="spacer battle-history"><br></div><div class="battle-history"><small>Gastrodon is confused!</small><br></div><div class="battle-history">Gastrodon used <strong>Scald</strong>!<br></div><div class="battle-history"><small>(The opposing Tauros lost <abbr title="−244/291">83.8%</abbr> of its health!)</small><br></div><div class="spacer battle-history"><br></div><div class="battle-history"><small>Gastrodon restored a little HP using its Leftovers!</small><br></div><div class="spacer battle-history"><br></div><h2 class="battle-history">Turn 11</h2><div class="spacer battle-history"><br></div><div class="battle-history">Gastrodon, come back!<br></div><div class="battle-history">Go! <strong>Garbodor</strong>!<br></div><div class="battle-history"><small>Pointed stones dug into Garbodor!</small><br></div><div class="spacer battle-history"><br></div><div class="battle-history">The opposing Tauros used <strong>Rock Climb</strong>!<br></div><div class="battle-history"><small>(Garbodor lost <abbr title="−196/364">53.8%</abbr> of its health!)</small><br></div><div class="battle-history"><small>The opposing Tauros was hurt by the Rocky Helmet!</small><br></div><div class="spacer battle-history"><br></div><div class="battle-history">The opposing Tauros fainted!<br></div><div class="chat chatmessage-zenozoldyckbr"><strong style="color:hsl(256,56%,57.799146261471556%)"><small>☆</small><span class="username" data-name="ZenoZoldyckBR">ZenoZoldyckBR</span>:</strong> <em>a vsf</em></div><div class="spacer battle-history"><br></div><div class="battle-history">ZenoZoldyckBR sent out <strong>Mesprit</strong>!<br></div><div class="battle-history"><small>Pointed stones dug into the opposing Mesprit!</small><br></div><div class="spacer battle-history"><br></div><h2 class="battle-history">Turn 12</h2><div class="chat chatmessage-killuazoldyck11"><strong style="color:hsl(319,65%,47%)"><small>☆</small><span class="username" data-name="KilluaZoldyck11">KilluaZoldyck11</span>:</strong> <em>kkkkkk</em></div><div class="spacer battle-history"><br></div><div class="battle-history">Garbodor, come back!<br></div><div class="battle-history">Go! <strong>Shiftry</strong>!<br></div><div class="battle-history"><small>Pointed stones dug into Shiftry!</small><br></div><div class="spacer battle-history"><br></div><div class="battle-history">The opposing Mesprit used <strong>Psychic</strong>!<br></div><div class="battle-history"><small>It doesn't affect Shiftry...</small><br></div><div class="spacer battle-history"><br></div><h2 class="battle-history">Turn 13</h2><div class="spacer battle-history"><br></div><div class="battle-history">ZenoZoldyckBR withdrew Mesprit!<br></div><div class="battle-history">ZenoZoldyckBR sent out <strong>Magmortar</strong>!<br></div><div class="battle-history"><small>Pointed stones dug into the opposing Magmortar!</small><br></div><div class="spacer battle-history"><br></div><div class="battle-history">Shiftry used <strong>Knock Off</strong>!<br></div><div class="battle-history"><small>(The opposing Magmortar lost <abbr title="−237/315">75.2%</abbr> of its health!)</small><br></div><div class="battle-history"><small>Shiftry knocked off the opposing Magmortar's Assault Vest!</small><br></div><div class="battle-history"><small>Shiftry lost some of its HP!</small><br></div><div class="spacer battle-history"><br></div><div class="battle-history">The opposing Magmortar fainted!<br></div><div class="spacer battle-history"><br></div><div class="battle-history">ZenoZoldyckBR sent out <strong>Hariyama</strong>!<br></div><div class="battle-history"><small>Pointed stones dug into the opposing Hariyama!</small><br></div><div class="spacer battle-history"><br></div><h2 class="battle-history">Turn 14</h2><div class="chat chatmessage-zenozoldyckbr"><strong style="color:hsl(256,56%,57.799146261471556%)"><small>☆</small><span class="username" data-name="ZenoZoldyckBR">ZenoZoldyckBR</span>:</strong> <em>errei feio</em></div><div class="spacer battle-history"><br></div><div class="battle-history">Shiftry, come back!<br></div><div class="battle-history">Go! <strong>Mesprit</strong>!<br></div><div class="battle-history"><small>Pointed stones dug into Mesprit!</small><br></div><div class="spacer battle-history"><br></div><div class="battle-history">The opposing Hariyama used <strong>Close Combat</strong>!<br></div><div class="battle-history"><small>It's not very effective...</small><br></div><div class="battle-history"><small>A critical hit!</small><br></div><div class="battle-history"><small>(Mesprit lost <abbr title="−112/364">30.8%</abbr> of its health!)</small><br></div><div class="battle-history"><small>The opposing Hariyama's Defense fell!</small><br></div><div class="battle-history"><small>The opposing Hariyama's Special Defense fell!</small><br></div><div class="spacer battle-history"><br></div><div class="battle-history"><small>Mesprit restored a little HP using its Leftovers!</small><br></div><div class="spacer battle-history"><br></div><h2 class="battle-history">Turn 15</h2><div class="chat chatmessage-killuazoldyck11"><strong style="color:hsl(319,65%,47%)"><small>☆</small><span class="username" data-name="KilluaZoldyck11">KilluaZoldyck11</span>:</strong> <em>percebi isso mesmo</em></div><div class="spacer battle-history"><br></div><div class="battle-history">ZenoZoldyckBR withdrew Hariyama!<br></div><div class="battle-history">ZenoZoldyckBR sent out <strong>Steelix</strong>!<br></div><div class="battle-history"><small>Pointed stones dug into the opposing Steelix!</small><br></div><div class="spacer battle-history"><br></div><div class="battle-history">Mesprit used <strong>Psychic</strong>!<br></div><div class="battle-history"><small>It's not very effective...</small><br></div><div class="battle-history"><small>(The opposing Steelix lost <abbr title="−63/352">17.9%</abbr> of its health!)</small><br></div><div class="battle-history"><small>The opposing Steelix's Special Defense fell!</small><br></div><div class="spacer battle-history"><br></div><div class="battle-history"><small>Mesprit restored a little HP using its Leftovers!</small><br></div><div class="battle-history"><small>The opposing Steelix restored a little HP using its Leftovers!</small><br></div><div class="spacer battle-history"><br></div><h2 class="battle-history">Turn 16</h2><div class="spacer battle-history"><br></div><div class="battle-history">Mesprit used <strong>U-turn</strong>!<br></div><div class="battle-history"><small>It's not very effective...</small><br></div><div class="battle-history"><small>(The opposing Steelix lost <abbr title="−14/352">4.0%</abbr> of its health!)</small><br></div><div class="spacer battle-history"><br></div><div class="battle-history">Mesprit went back to KilluaZoldyck11!<br></div><div class="battle-history">Go! <strong>Gastrodon</strong>!<br></div><div class="battle-history"><small>Pointed stones dug into Gastrodon!</small><br></div><div class="spacer battle-history"><br></div><div class="battle-history">The opposing Steelix used <strong>Heavy Slam</strong>!<br></div><div class="battle-history"><small>It's not very effective...</small><br></div><div class="battle-history"><small>(Gastrodon lost <abbr title="−112/382">29.3%</abbr> of its health!)</small><br></div><div class="spacer battle-history"><br></div><div class="battle-history"><small>Gastrodon restored a little HP using its Leftovers!</small><br></div><div class="battle-history"><small>The opposing Steelix restored a little HP using its Leftovers!</small><br></div><div class="spacer battle-history"><br></div><h2 class="battle-history">Turn 17</h2><div class="spacer battle-history"><br></div><div class="battle-history">ZenoZoldyckBR withdrew Steelix!<br></div><div class="battle-history">ZenoZoldyckBR sent out <strong>Hariyama</strong>!<br></div><div class="battle-history"><small>Pointed stones dug into the opposing Hariyama!</small><br></div><div class="spacer battle-history"><br></div><div class="battle-history">Gastrodon used <strong>Recover</strong>!<br></div><div class="battle-history"><small>Gastrodon restored its HP.</small><br></div><div class="spacer battle-history"><br></div><div class="battle-history"><small>Gastrodon restored a little HP using its Leftovers!</small><br></div><div class="spacer battle-history"><br></div><h2 class="battle-history">Turn 18</h2><div class="spacer battle-history"><br></div><div class="battle-history">Gastrodon, come back!<br></div><div class="battle-history">Go! <strong>Garbodor</strong>!<br></div><div class="battle-history"><small>Pointed stones dug into Garbodor!</small><br></div><div class="spacer battle-history"><br></div><div class="battle-history">The opposing Hariyama used <strong>Close Combat</strong>!<br></div><div class="battle-history"><small>It's not very effective...</small><br></div><div class="battle-history"><small>(Garbodor lost <abbr title="−78/364">21.4%</abbr> of its health!)</small><br></div><div class="battle-history"><small>[Garbodor's Aftermath]</small><br><small>The opposing Hariyama is hurt!</small><br></div><div class="battle-history"><small>The opposing Hariyama was hurt by the Rocky Helmet!</small><br></div><div class="battle-history"><small>The opposing Hariyama's Defense fell!</small><br></div><div class="battle-history"><small>The opposing Hariyama's Special Defense fell!</small><br></div><div class="spacer battle-history"><br></div><div class="battle-history">Garbodor fainted!<br></div><div class="spacer battle-history"><br></div><div class="battle-history">Go! <strong>Charizard</strong>!<br></div><div class="battle-history"><small>Pointed stones dug into Charizard!</small><br></div><div class="spacer battle-history"><br></div><h2 class="battle-history">Turn 19</h2><div class="spacer battle-history"><br></div><div class="battle-history">ZenoZoldyckBR withdrew Hariyama!<br></div><div class="battle-history">ZenoZoldyckBR sent out <strong>Mesprit</strong>!<br></div><div class="battle-history"><small>Pointed stones dug into the opposing Mesprit!</small><br></div><div class="spacer battle-history"><br></div><div class="battle-history">Charizard used <strong>Air Slash</strong>!<br></div><div class="battle-history"><small>(The opposing Mesprit lost <abbr title="−142/301">47.2%</abbr> of its health!)</small><br></div><div class="battle-history"><small>Charizard lost some of its HP!</small><br></div><div class="spacer battle-history"><br></div><h2 class="battle-history">Turn 20</h2><div class="spacer battle-history"><br></div><div class="battle-history">Charizard used <strong>Air Slash</strong>!<br></div><div class="battle-history"><small>(The opposing Mesprit lost <abbr title="−85/301">28.2%</abbr> of its health!)</small><br></div><div class="battle-history"><small>Charizard lost some of its HP!</small><br></div><div class="spacer battle-history"><br></div><div class="battle-history">The opposing Mesprit fainted!<br></div><div class="chat chatmessage-zenozoldyckbr"><strong style="color:hsl(256,56%,57.799146261471556%)"><small>☆</small><span class="username" data-name="ZenoZoldyckBR">ZenoZoldyckBR</span>:</strong> <em>aaaaaaaaaaa</em></div><div class="chat chatmessage-zenozoldyckbr"><strong style="color:hsl(256,56%,57.799146261471556%)"><small>☆</small><span class="username" data-name="ZenoZoldyckBR">ZenoZoldyckBR</span>:</strong> <em>gg</em></div><div class="spacer battle-history"><br></div><div class="battle-history">ZenoZoldyckBR sent out <strong>Hariyama</strong>!<br></div><div class="battle-history"><small>Pointed stones dug into the opposing Hariyama!</small><br></div><div class="spacer battle-history"><br></div><h2 class="battle-history">Turn 21</h2><div class="spacer battle-history"><br></div><div class="battle-history">ZenoZoldyckBR withdrew Hariyama!<br></div><div class="battle-history">ZenoZoldyckBR sent out <strong>Steelix</strong>!<br></div><div class="battle-history"><small>Pointed stones dug into the opposing Steelix!</small><br></div><div class="spacer battle-history"><br></div><div class="battle-history">Charizard used <strong>Air Slash</strong>!<br></div><div class="battle-history"><small>It's not very effective...</small><br></div><div class="battle-history"><small>(The opposing Steelix lost <abbr title="−87/352">24.7%</abbr> of its health!)</small><br></div><div class="battle-history"><small>Charizard lost some of its HP!</small><br></div><div class="spacer battle-history"><br></div><div class="battle-history"><small>The opposing Steelix restored a little HP using its Leftovers!</small><br></div><div class="spacer battle-history"><br></div><h2 class="battle-history">Turn 22</h2><div class="spacer battle-history"><br></div><div class="battle-history">ZenoZoldyckBR withdrew Steelix!<br></div><div class="battle-history">ZenoZoldyckBR sent out <strong>Pelipper</strong>!<br></div><div class="battle-history"><small>Pointed stones dug into the opposing Pelipper!</small><br></div><div class="spacer battle-history"><br></div><div class="battle-history">Charizard used <strong>Fire Blast</strong>!<br></div><div class="battle-history"><small>It's not very effective...</small><br></div><div class="battle-history"><small>(The opposing Pelipper lost <abbr title="−68/323">21.1%</abbr> of its health!)</small><br></div><div class="battle-history"><small>Charizard lost some of its HP!</small><br></div><div class="spacer battle-history"><br></div><div class="battle-history">The opposing Pelipper fainted!<br></div><div class="spacer battle-history"><br></div><div class="battle-history">ZenoZoldyckBR sent out <strong>Hariyama</strong>!<br></div><div class="battle-history"><small>Pointed stones dug into the opposing Hariyama!</small><br></div><div class="spacer battle-history"><br></div><h2 class="battle-history">Turn 23</h2><div class="chat chatmessage-killuazoldyck11"><strong style="color:hsl(319,65%,47%)"><small>☆</small><span class="username" data-name="KilluaZoldyck11">KilluaZoldyck11</span>:</strong> <em>gg</em></div><div class="spacer battle-history"><br></div><div class="battle-history">The opposing Hariyama used <strong>Bullet Punch</strong>!<br></div><div class="battle-history"><small>It's not very effective...</small><br></div><div class="battle-history"><small>(Charizard lost <abbr title="−29/297">9.8%</abbr> of its health!)</small><br></div><div class="spacer battle-history"><br></div><div class="battle-history">Charizard used <strong>Air Slash</strong>!<br></div><div class="battle-history"><small>It's super effective!</small><br></div><div class="battle-history"><small>(The opposing Hariyama lost <abbr title="−147/429">34.3%</abbr> of its health!)</small><br></div><div class="battle-history"><small>Charizard lost some of its HP!</small><br></div><div class="spacer battle-history"><br></div><div class="battle-history">The opposing Hariyama fainted!<br></div><div class="battle-history">Charizard fainted!<br></div><div class="spacer battle-history"><br></div><div class="battle-history">Go! <strong>Gastrodon</strong>!<br></div><div class="spacer battle-history"><br></div><div class="battle-history">ZenoZoldyckBR sent out <strong>Steelix</strong>!<br></div><div class="battle-history"><small>Pointed stones dug into Gastrodon!</small><br></div><div class="battle-history"><small>Pointed stones dug into the opposing Steelix!</small><br></div><div class="spacer battle-history"><br></div><h2 class="battle-history">Turn 24</h2><div class="spacer battle-history"><br></div><div class="battle-history">Gastrodon used <strong>Scald</strong>!<br></div><div class="battle-history"><small>It's super effective!</small><br></div><div class="battle-history"><small>(The opposing Steelix lost <abbr title="−221/352">62.8%</abbr> of its health!)</small><br></div><div class="spacer battle-history"><br></div><div class="battle-history">The opposing Steelix fainted!<br></div><div class="spacer battle-history"><br></div><div class="battle-history"><strong>KilluaZoldyck11</strong> won the battle!<br></div></div><div class="inner-preempt"></div></div></div>
</div>
<script>
let daily = Math.floor(Date.now()/1000/60/60/24);document.write('<script src="https://play.pokemonshowdown.com/js/replay-embed.js?version'+daily+'"></'+'script>');
</script>
