<!DOCTYPE html>
<meta charset="utf-8" />
<!-- version 1 -->
<title>NU replay: AssassinRogue vs. Garay oak</title>
<style>
html,body {font-family:Verdana, sans-serif;font-size:10pt;margin:0;padding:0;}body{padding:12px 0;} .battle-log {font-family:Verdana, sans-serif;font-size:10pt;} .battle-log-inline {border:1px solid #AAAAAA;background:#EEF2F5;color:black;max-width:640px;margin:0 auto 80px;padding-bottom:5px;} .battle-log .inner {padding:4px 8px 0px 8px;} .battle-log .inner-preempt {padding:0 8px 4px 8px;} .battle-log .inner-after {margin-top:0.5em;} .battle-log h2 {margin:0.5em -8px;padding:4px 8px;border:1px solid #AAAAAA;background:#E0E7EA;border-left:0;border-right:0;font-family:Verdana, sans-serif;font-size:13pt;} .battle-log .chat {vertical-align:middle;padding:3px 0 3px 0;font-size:8pt;} .battle-log .chat strong {color:#40576A;} .battle-log .chat em {padding:1px 4px 1px 3px;color:#000000;font-style:normal;} .chat.mine {background:rgba(0,0,0,0.05);margin-left:-8px;margin-right:-8px;padding-left:8px;padding-right:8px;} .spoiler {color:#BBBBBB;background:#BBBBBB;padding:0px 3px;} .spoiler:hover, .spoiler:active, .spoiler-shown {color:#000000;background:#E2E2E2;padding:0px 3px;} .spoiler a {color:#BBBBBB;} .spoiler:hover a, .spoiler:active a, .spoiler-shown a {color:#2288CC;} .chat code, .chat .spoiler:hover code, .chat .spoiler:active code, .chat .spoiler-shown code {border:1px solid #C0C0C0;background:#EEEEEE;color:black;padding:0 2px;} .chat .spoiler code {border:1px solid #CCCCCC;background:#CCCCCC;color:#CCCCCC;} .battle-log .rated {padding:3px 4px;} .battle-log .rated strong {color:white;background:#89A;padding:1px 4px;border-radius:4px;} .spacer {margin-top:0.5em;} .message-announce {background:#6688AA;color:white;padding:1px 4px 2px;} .message-announce a, .broadcast-green a, .broadcast-blue a, .broadcast-red a {color:#DDEEFF;} .broadcast-green {background-color:#559955;color:white;padding:2px 4px;} .broadcast-blue {background-color:#6688AA;color:white;padding:2px 4px;} .infobox {border:1px solid #6688AA;padding:2px 4px;} .infobox-limited {max-height:200px;overflow:auto;overflow-x:hidden;} .broadcast-red {background-color:#AA5544;color:white;padding:2px 4px;} .message-learn-canlearn {font-weight:bold;color:#228822;text-decoration:underline;} .message-learn-cannotlearn {font-weight:bold;color:#CC2222;text-decoration:underline;} .message-effect-weak {font-weight:bold;color:#CC2222;} .message-effect-resist {font-weight:bold;color:#6688AA;} .message-effect-immune {font-weight:bold;color:#666666;} .message-learn-list {margin-top:0;margin-bottom:0;} .message-throttle-notice, .message-error {color:#992222;} .message-overflow, .chat small.message-overflow {font-size:0pt;} .message-overflow::before {font-size:9pt;content:'...';} .subtle {color:#3A4A66;}
</style>
<div class="wrapper replay-wrapper" style="max-width:1180px;margin:0 auto">
<input type="hidden" name="replayid" value="nu-510277765" />
<div class="battle"></div><div class="battle-log"></div><div class="replay-controls"></div><div class="replay-controls-2"></div>
<h1 style="font-weight:normal;text-align:center"><strong>NU</strong><br /><a href="http://pokemonshowdown.com/users/assassinrogue" class="subtle" target="_blank">AssassinRogue</a> vs. <a href="http://pokemonshowdown.com/users/garayoak" class="subtle" target="_blank">Garay oak</a></h1>
<script type="text/plain" class="battle-log-data">|j|AssassinRogue
|j|Garay oak
|player|p1|AssassinRogue|76
|player|p2|Garay oak|142
|gametype|singles
|gen|6
|tier|NU
|seed|9903,63108,60525,26642
|rule|Sleep Clause Mod: Limit one foe put to sleep
|rule|Species Clause: Limit one of each Pokémon
|rule|OHKO Clause: OHKO moves are banned
|rule|Moody Clause: Moody is banned
|rule|Evasion Moves Clause: Evasion moves are banned
|rule|Endless Battle Clause: Forcing endless battles is banned
|rule|HP Percentage Mod: HP is shown in percentages
|clearpoke
|poke|p1|Hitmonchan, M|item
|poke|p1|Golurk|item
|poke|p1|Kangaskhan, F|item
|poke|p1|Metang|item
|poke|p1|Combusken, F|item
|poke|p1|Gurdurr, M|item
|poke|p2|Archeops, M|
|poke|p2|Hariyama, M|item
|poke|p2|Skuntank, F|item
|poke|p2|Mesprit|item
|poke|p2|Rhydon, M|item
|poke|p2|Vileplume, F|item
|rule|Swagger Clause: Swagger is banned
|rule|Baton Pass Clause: Limit one Baton Passer, can't pass Spe and other stats simultaneously
|teampreview
|c|★Garay oak|hf
|c|★AssassinRogue|you too
|choice|team 2, team 1, team 3, team 4, team 5, team 6|team 2, team 1, team 3, team 4, team 5, team 6
|
|start
|switch|p1a: Mike Tyson|Golurk|319\/319
|switch|p2a: Hariyama|Hariyama, M|429\/429
|turn|1
|choice|move dynamicpunch|switch 4
|
|switch|p2a: Mesprit|Mesprit|301\/301
|move|p1a: Mike Tyson|Dynamic Punch|p2a: Mesprit
|-resisted|p2a: Mesprit
|-damage|p2a: Mesprit|212\/301
|-start|p2a: Mesprit|confusion
|
|upkeep
|turn|2
|choice|move dynamicpunch|switch 4
|
|switch|p2a: Hariyama|Hariyama, M|429\/429
|move|p1a: Mike Tyson|Dynamic Punch|p2a: Hariyama
|-damage|p2a: Hariyama|154\/429
|-start|p2a: Hariyama|confusion
|
|upkeep
|turn|3
|c|★AssassinRogue|xd
|c|★Garay oak|Wut
|choice|move dynamicpunch|switch 6
|
|switch|p2a: Vileplume|Vileplume, F|353\/353
|move|p1a: Mike Tyson|Dynamic Punch|p2a: Vileplume
|-resisted|p2a: Vileplume
|-damage|p2a: Vileplume|278\/353
|-start|p2a: Vileplume|confusion
|
|-heal|p2a: Vileplume|300\/353|[from] item: Black Sludge
|upkeep
|turn|4
|choice|switch 5|switch 6
|
|switch|p1a: Ronda Rousey|Combusken, F|261\/261
|switch|p2a: Hariyama|Hariyama, M|154\/429
|
|upkeep
|turn|5
|choice|move skyuppercut|move earthquake
|
|move|p1a: Ronda Rousey|Sky Uppercut|p2a: Hariyama
|-damage|p2a: Hariyama|0 fnt
|-damage|p1a: Ronda Rousey|235\/261|[from] item: Life Orb
|faint|p2a: Hariyama
|
|-ability|p1a: Ronda Rousey|Speed Boost|boost
|-boost|p1a: Ronda Rousey|spe|1
|upkeep
|choice||switch 5
|
|switch|p2a: Rhydon|Rhydon, M|414\/414
|turn|6
|choice|switch 6|move earthquake
|
|switch|p1a: Mohammad Ali|Gurdurr, M|374\/374
|move|p2a: Rhydon|Earthquake|p1a: Mohammad Ali
|-damage|p1a: Mohammad Ali|269\/374
|
|upkeep
|turn|7
|choice|move icepunch|switch 2
|
|switch|p2a: Archeops|Archeops, M|353\/353
|move|p1a: Mohammad Ali|Ice Punch|p2a: Archeops
|-supereffective|p2a: Archeops
|-damage|p2a: Archeops|117\/353
|
|upkeep
|turn|8
|choice|move machpunch|move roost
|
|move|p1a: Mohammad Ali|Mach Punch|p2a: Archeops
|-damage|p2a: Archeops|26\/353
|move|p2a: Archeops|Roost|p2a: Archeops
|-heal|p2a: Archeops|203\/353
|
|upkeep
|turn|9
|choice|move machpunch|switch 2
|
|switch|p2a: Rhydon|Rhydon, M|414\/414
|move|p1a: Mohammad Ali|Mach Punch|p2a: Rhydon
|-supereffective|p2a: Rhydon
|-damage|p2a: Rhydon|352\/414
|
|upkeep
|turn|10
|choice|move drainpunch|switch 4
|
|switch|p2a: Mesprit|Mesprit|212\/301
|move|p1a: Mohammad Ali|Drain Punch|p2a: Mesprit
|-resisted|p2a: Mesprit
|-damage|p2a: Mesprit|158\/301
|-heal|p1a: Mohammad Ali|296\/374|[from] drain|[of] p2a: Mesprit
|
|upkeep
|turn|11
|choice|switch 4|switch 4
|
|switch|p2a: Rhydon|Rhydon, M|352\/414
|switch|p1a: Real Steel|Metang|324\/324
|
|upkeep
|turn|12
|choice|move meteormash|move earthquake
|
|move|p1a: Real Steel|Meteor Mash|p2a: Rhydon
|-supereffective|p2a: Rhydon
|-damage|p2a: Rhydon|224\/414
|move|p2a: Rhydon|Earthquake|p1a: Real Steel
|-supereffective|p1a: Real Steel
|-damage|p1a: Real Steel|124\/324
|
|upkeep
|turn|13
|choice|move meteormash|move earthquake
|
|move|p1a: Real Steel|Meteor Mash|p2a: Rhydon
|-supereffective|p2a: Rhydon
|-damage|p2a: Rhydon|108\/414
|move|p2a: Rhydon|Earthquake|p1a: Real Steel
|-supereffective|p1a: Real Steel
|-damage|p1a: Real Steel|0 fnt
|faint|p1a: Real Steel
|
|upkeep
|j|eternally
|choice|switch 5|
|
|switch|p1a: Mike Tyson|Golurk|319\/319
|turn|14
|choice|move icepunch|switch 2
|
|switch|p2a: Archeops|Archeops, M|203\/353
|move|p1a: Mike Tyson|Ice Punch|p2a: Archeops
|-supereffective|p2a: Archeops
|-damage|p2a: Archeops|0 fnt
|faint|p2a: Archeops
|
|upkeep
|choice||switch 3
|
|switch|p2a: Skuntank|Skuntank, F|347\/347
|turn|15
|choice|move icepunch|move poisonjab
|
|move|p2a: Skuntank|Poison Jab|p1a: Mike Tyson
|-resisted|p1a: Mike Tyson
|-damage|p1a: Mike Tyson|261\/319
|-status|p1a: Mike Tyson|psn
|move|p1a: Mike Tyson|Ice Punch|p2a: Skuntank
|-damage|p2a: Skuntank|143\/347
|
|-damage|p1a: Mike Tyson|222\/319 psn|[from] psn
|upkeep
|turn|16
|choice|switch 4|move poisonjab
|
|switch|p1a: Mohammad Ali|Gurdurr, M|296\/374
|move|p2a: Skuntank|Poison Jab|p1a: Mohammad Ali
|-damage|p1a: Mohammad Ali|175\/374
|
|upkeep
|turn|17
|choice|move icepunch|move poisonjab
|
|move|p2a: Skuntank|Poison Jab|p1a: Mohammad Ali
|-damage|p1a: Mohammad Ali|34\/374
|-status|p1a: Mohammad Ali|psn
|move|p1a: Mohammad Ali|Ice Punch|p2a: Skuntank
|-damage|p2a: Skuntank|0 fnt
|-damage|p1a: Mohammad Ali|0 fnt|[from] ability: Aftermath|[of] p2a: Skuntank
|faint|p1a: Mohammad Ali
|faint|p2a: Skuntank
|
|upkeep
|choice|switch 6|switch 4
|
|switch|p2a: Mesprit|Mesprit|158\/301
|switch|p1a: Ronda Rousey|Combusken, F|235\/261
|turn|18
|choice|move firepunch|move healingwish
|
|move|p2a: Mesprit|Healing Wish|p2a: Mesprit
|faint|p2a: Mesprit
|move|p1a: Ronda Rousey|Fire Punch|p2: Mesprit|[notarget]
|-notarget
|
|-ability|p1a: Ronda Rousey|Speed Boost|boost
|-boost|p1a: Ronda Rousey|spe|1
|upkeep
|choice||switch 2
|
|switch|p2a: Rhydon|Rhydon, M|108\/414
|-heal|p2a: Rhydon|414\/414|[from] move: Healing Wish
|turn|19
|choice|move skyuppercut|move earthquake
|
|move|p1a: Ronda Rousey|Sky Uppercut|p2a: Rhydon
|-supereffective|p2a: Rhydon
|-damage|p2a: Rhydon|255\/414
|-damage|p1a: Ronda Rousey|209\/261|[from] item: Life Orb
|move|p2a: Rhydon|Earthquake|p1a: Ronda Rousey
|-supereffective|p1a: Ronda Rousey
|-damage|p1a: Ronda Rousey|0 fnt
|faint|p1a: Ronda Rousey
|
|upkeep
|choice|switch 2|
|
|switch|p1a: Floyd Mayweather|Hitmonchan, M|293\/293
|turn|20
|choice|move icepunch|switch 6
|
|switch|p2a: Vileplume|Vileplume, F|300\/353
|move|p1a: Floyd Mayweather|Ice Punch|p2a: Vileplume
|-supereffective|p2a: Vileplume
|-damage|p2a: Vileplume|146\/353
|
|-heal|p2a: Vileplume|168\/353|[from] item: Black Sludge
|upkeep
|turn|21
|choice|move firepunch|move moonlight
|
|move|p1a: Floyd Mayweather|Fire Punch|p2a: Vileplume
|-supereffective|p2a: Vileplume
|-damage|p2a: Vileplume|0 fnt
|faint|p2a: Vileplume
|
|upkeep
|c|★AssassinRogue|lol
|c|★Garay oak|Rol
|c|★Garay oak|Meh
|choice||switch 6
|
|switch|p2a: Rhydon|Rhydon, M|255\/414
|turn|22
|choice|move drainpunch|move earthquake
|
|move|p1a: Floyd Mayweather|Drain Punch|p2a: Rhydon
|-supereffective|p2a: Rhydon
|-damage|p2a: Rhydon|87\/414
|move|p2a: Rhydon|Earthquake|p1a: Floyd Mayweather
|-damage|p1a: Floyd Mayweather|113\/293
|
|upkeep
|turn|23
|choice|move drainpunch|move earthquake
|
|move|p1a: Floyd Mayweather|Drain Punch|p2a: Rhydon
|-supereffective|p2a: Rhydon
|-damage|p2a: Rhydon|0 fnt
|-heal|p1a: Floyd Mayweather|157\/293|[from] drain|[of] p2a: Rhydon
|faint|p2a: Rhydon
|
|win|AssassinRogue
|player|p1
|player|p2
|c|★AssassinRogue|gg
|c|★Garay oak|gg
|l|Garay oak
|l|eternally</script>
</div>
<div class="battle-log battle-log-inline"><div class="inner"><div class="battle-options"></div><div class="inner"><div class="chat"><small>AssassinRogue joined.</small></div><div class="chat"><small>Garay oak joined.</small></div><div class=""><small>Format:</small> <br><strong>NU</strong></div><div class=""><small><em>Sleep Clause Mod:</em> Limit one foe put to sleep</small></div><div class=""><small><em>Species Clause:</em> Limit one of each Pokémon</small></div><div class=""><small><em>OHKO Clause:</em> OHKO moves are banned</small></div><div class=""><small><em>Moody Clause:</em> Moody is banned</small></div><div class=""><small><em>Evasion Moves Clause:</em> Evasion moves are banned</small></div><div class=""><small><em>Endless Battle Clause:</em> Forcing endless battles is banned</small></div><div class=""><small><em>HP Percentage Mod:</em> HP is shown in percentages</small></div><div class=""><small><em>Swagger Clause:</em> Swagger is banned</small></div><div class=""><small><em>Baton Pass Clause:</em> Limit one Baton Passer, can't pass Spe and other stats simultaneously</small></div><div class="chat battle-history"><strong>AssassinRogue's team:</strong> <em style="color:#445566;display:block;">Hitmonchan / Golurk / Kangaskhan / Metang / Combusken / Gurdurr</em></div><div class="chat battle-history"><strong>Garay oak's team:</strong> <em style="color:#445566;display:block;">Archeops / Hariyama / Skuntank / Mesprit / Rhydon / Vileplume</em></div><div class="chat chatmessage-garayoak"><strong style="color:hsl(180,40%,51.02009642336%)"><small>★</small><span class="username" data-name="Garay oak">Garay oak</span>:</strong> <em>hf</em></div><div class="chat chatmessage-assassinrogue"><strong style="color:hsl(183,66%,44.25940850946007%)"><small>★</small><span class="username" data-name="AssassinRogue">AssassinRogue</span>:</strong> <em>you too</em></div><div class="spacer battle-history"><br></div><div class="battle-history">Battle started between AssassinRogue and Garay oak!<br></div><div class="spacer battle-history"><br></div><div class="battle-history">Go! Mike Tyson (<strong>Golurk</strong>)!<br></div><div class="spacer battle-history"><br></div><div class="battle-history">Garay oak sent out <strong>Hariyama</strong>!<br></div><div class="spacer battle-history"><br></div><h2 class="battle-history">Turn 1</h2><div class="spacer battle-history"><br></div><div class="battle-history">Garay oak withdrew Hariyama!<br></div><div class="battle-history">Garay oak sent out <strong>Mesprit</strong>!<br></div><div class="spacer battle-history"><br></div><div class="battle-history">Mike Tyson used <strong>Dynamic Punch</strong>!<br></div><div class="battle-history"><small>It's not very effective...</small><br></div><div class="battle-history"><small>(The opposing Mesprit lost <abbr title="−89/301">29.6%</abbr> of its health!)</small><br></div><div class="battle-history"><small>The opposing Mesprit became confused!</small><br></div><div class="spacer battle-history"><br></div><h2 class="battle-history">Turn 2</h2><div class="spacer battle-history"><br></div><div class="battle-history">Garay oak withdrew Mesprit!<br></div><div class="battle-history">Garay oak sent out <strong>Hariyama</strong>!<br></div><div class="spacer battle-history"><br></div><div class="battle-history">Mike Tyson used <strong>Dynamic Punch</strong>!<br></div><div class="battle-history"><small>(The opposing Hariyama lost <abbr title="−275/429">64.1%</abbr> of its health!)</small><br></div><div class="battle-history"><small>The opposing Hariyama became confused!</small><br></div><div class="spacer battle-history"><br></div><h2 class="battle-history">Turn 3</h2><div class="chat chatmessage-assassinrogue"><strong style="color:hsl(183,66%,44.25940850946007%)"><small>★</small><span class="username" data-name="AssassinRogue">AssassinRogue</span>:</strong> <em>xd</em></div><div class="chat chatmessage-garayoak"><strong style="color:hsl(180,40%,51.02009642336%)"><small>★</small><span class="username" data-name="Garay oak">Garay oak</span>:</strong> <em>Wut</em></div><div class="spacer battle-history"><br></div><div class="battle-history">Garay oak withdrew Hariyama!<br></div><div class="battle-history">Garay oak sent out <strong>Vileplume</strong>!<br></div><div class="spacer battle-history"><br></div><div class="battle-history">Mike Tyson used <strong>Dynamic Punch</strong>!<br></div><div class="battle-history"><small>It's not very effective...</small><br></div><div class="battle-history"><small>(The opposing Vileplume lost <abbr title="−75/353">21.2%</abbr> of its health!)</small><br></div><div class="battle-history"><small>The opposing Vileplume became confused!</small><br></div><div class="spacer battle-history"><br></div><div class="battle-history"><small>The opposing Vileplume restored a little HP using its Black Sludge!</small><br></div><div class="spacer battle-history"><br></div><h2 class="battle-history">Turn 4</h2><div class="spacer battle-history"><br></div><div class="battle-history">Mike Tyson, come back!<br></div><div class="battle-history">Go! Ronda Rousey (<strong>Combusken</strong>)!<br></div><div class="spacer battle-history"><br></div><div class="battle-history">Garay oak withdrew Vileplume!<br></div><div class="battle-history">Garay oak sent out <strong>Hariyama</strong>!<br></div><div class="spacer battle-history"><br></div><h2 class="battle-history">Turn 5</h2><div class="spacer battle-history"><br></div><div class="battle-history">Ronda Rousey used <strong>Sky Uppercut</strong>!<br></div><div class="battle-history"><small>(The opposing Hariyama lost <abbr title="−154/429">35.9%</abbr> of its health!)</small><br></div><div class="battle-history"><small>Ronda Rousey lost some of its HP!</small><br></div><div class="spacer battle-history"><br></div><div class="battle-history">The opposing Hariyama fainted!<br></div><div class="spacer battle-history"><br></div><div class="battle-history"><small>[Ronda Rousey's Speed Boost]</small><br></div><div class="battle-history"><small>Ronda Rousey's Speed rose!</small><br></div><div class="spacer battle-history"><br></div><div class="battle-history">Garay oak sent out <strong>Rhydon</strong>!<br></div><div class="spacer battle-history"><br></div><h2 class="battle-history">Turn 6</h2><div class="spacer battle-history"><br></div><div class="battle-history">Ronda Rousey, come back!<br></div><div class="battle-history">Go! Mohammad Ali (<strong>Gurdurr</strong>)!<br></div><div class="spacer battle-history"><br></div><div class="battle-history">The opposing Rhydon used <strong>Earthquake</strong>!<br></div><div class="battle-history"><small>(Mohammad Ali lost <abbr title="−105/374">28.1%</abbr> of its health!)</small><br></div><div class="spacer battle-history"><br></div><h2 class="battle-history">Turn 7</h2><div class="spacer battle-history"><br></div><div class="battle-history">Garay oak withdrew Rhydon!<br></div><div class="battle-history">Garay oak sent out <strong>Archeops</strong>!<br></div><div class="spacer battle-history"><br></div><div class="battle-history">Mohammad Ali used <strong>Ice Punch</strong>!<br></div><div class="battle-history"><small>It's super effective!</small><br></div><div class="battle-history"><small>(The opposing Archeops lost <abbr title="−236/353">66.9%</abbr> of its health!)</small><br></div><div class="spacer battle-history"><br></div><h2 class="battle-history">Turn 8</h2><div class="spacer battle-history"><br></div><div class="battle-history">Mohammad Ali used <strong>Mach Punch</strong>!<br></div><div class="battle-history"><small>(The opposing Archeops lost <abbr title="−91/353">25.8%</abbr> of its health!)</small><br></div><div class="spacer battle-history"><br></div><div class="battle-history">The opposing Archeops used <strong>Roost</strong>!<br></div><div class="battle-history"><small>The opposing Archeops restored its HP.</small><br></div><div class="spacer battle-history"><br></div><h2 class="battle-history">Turn 9</h2><div class="spacer battle-history"><br></div><div class="battle-history">Garay oak withdrew Archeops!<br></div><div class="battle-history">Garay oak sent out <strong>Rhydon</strong>!<br></div><div class="spacer battle-history"><br></div><div class="battle-history">Mohammad Ali used <strong>Mach Punch</strong>!<br></div><div class="battle-history"><small>It's super effective!</small><br></div><div class="battle-history"><small>(The opposing Rhydon lost <abbr title="−62/414">15.0%</abbr> of its health!)</small><br></div><div class="spacer battle-history"><br></div><h2 class="battle-history">Turn 10</h2><div class="spacer battle-history"><br></div><div class="battle-history">Garay oak withdrew Rhydon!<br></div><div class="battle-history">Garay oak sent out <strong>Mesprit</strong>!<br></div><div class="spacer battle-history"><br></div><div class="battle-history">Mohammad Ali used <strong>Drain Punch</strong>!<br></div><div class="battle-history"><small>It's not very effective...</small><br></div><div class="battle-history"><small>(The opposing Mesprit lost <abbr title="−54/301">17.9%</abbr> of its health!)</small><br></div><div class="battle-history"><small>The opposing Mesprit had its energy drained!</small><br></div><div class="spacer battle-history"><br></div><h2 class="battle-history">Turn 11</h2><div class="spacer battle-history"><br></div><div class="battle-history">Garay oak withdrew Mesprit!<br></div><div class="battle-history">Garay oak sent out <strong>Rhydon</strong>!<br></div><div class="spacer battle-history"><br></div><div class="battle-history">Mohammad Ali, come back!<br></div><div class="battle-history">Go! Real Steel (<strong>Metang</strong>)!<br></div><div class="spacer battle-history"><br></div><h2 class="battle-history">Turn 12</h2><div class="spacer battle-history"><br></div><div class="battle-history">Real Steel used <strong>Meteor Mash</strong>!<br></div><div class="battle-history"><small>It's super effective!</small><br></div><div class="battle-history"><small>(The opposing Rhydon lost <abbr title="−128/414">30.9%</abbr> of its health!)</small><br></div><div class="spacer battle-history"><br></div><div class="battle-history">The opposing Rhydon used <strong>Earthquake</strong>!<br></div><div class="battle-history"><small>It's super effective!</small><br></div><div class="battle-history"><small>(Real Steel lost <abbr title="−200/324">61.7%</abbr> of its health!)</small><br></div><div class="spacer battle-history"><br></div><h2 class="battle-history">Turn 13</h2><div class="spacer battle-history"><br></div><div class="battle-history">Real Steel used <strong>Meteor Mash</strong>!<br></div><div class="battle-history"><small>It's super effective!</small><br></div><div class="battle-history"><small>(The opposing Rhydon lost <abbr title="−116/414">28.0%</abbr> of its health!)</small><br></div><div class="spacer battle-history"><br></div><div class="battle-history">The opposing Rhydon used <strong>Earthquake</strong>!<br></div><div class="battle-history"><small>It's super effective!</small><br></div><div class="battle-history"><small>(Real Steel lost <abbr title="−124/324">38.3%</abbr> of its health!)</small><br></div><div class="spacer battle-history"><br></div><div class="battle-history">Real Steel fainted!<br></div><div class="chat"><small>eternally joined.</small></div><div class="spacer battle-history"><br></div><div class="battle-history">Go! Mike Tyson (<strong>Golurk</strong>)!<br></div><div class="spacer battle-history"><br></div><h2 class="battle-history">Turn 14</h2><div class="spacer battle-history"><br></div><div class="battle-history">Garay oak withdrew Rhydon!<br></div><div class="battle-history">Garay oak sent out <strong>Archeops</strong>!<br></div><div class="spacer battle-history"><br></div><div class="battle-history">Mike Tyson used <strong>Ice Punch</strong>!<br></div><div class="battle-history"><small>It's super effective!</small><br></div><div class="battle-history"><small>(The opposing Archeops lost <abbr title="−203/353">57.5%</abbr> of its health!)</small><br></div><div class="spacer battle-history"><br></div><div class="battle-history">The opposing Archeops fainted!<br></div><div class="spacer battle-history"><br></div><div class="battle-history">Garay oak sent out <strong>Skuntank</strong>!<br></div><div class="spacer battle-history"><br></div><h2 class="battle-history">Turn 15</h2><div class="spacer battle-history"><br></div><div class="battle-history">The opposing Skuntank used <strong>Poison Jab</strong>!<br></div><div class="battle-history"><small>It's not very effective...</small><br></div><div class="battle-history"><small>(Mike Tyson lost <abbr title="−58/319">18.2%</abbr> of its health!)</small><br></div><div class="battle-history"><small>Mike Tyson was poisoned!</small><br></div><div class="spacer battle-history"><br></div><div class="battle-history">Mike Tyson used <strong>Ice Punch</strong>!<br></div><div class="battle-history"><small>(The opposing Skuntank lost <abbr title="−204/347">58.8%</abbr> of its health!)</small><br></div><div class="spacer battle-history"><br></div><div class="battle-history"><small>Mike Tyson was hurt by poison!</small><br></div><div class="spacer battle-history"><br></div><h2 class="battle-history">Turn 16</h2><div class="spacer battle-history"><br></div><div class="battle-history">Mike Tyson, come back!<br></div><div class="battle-history">Go! Mohammad Ali (<strong>Gurdurr</strong>)!<br></div><div class="spacer battle-history"><br></div><div class="battle-history">The opposing Skuntank used <strong>Poison Jab</strong>!<br></div><div class="battle-history"><small>(Mohammad Ali lost <abbr title="−121/374">32.4%</abbr> of its health!)</small><br></div><div class="spacer battle-history"><br></div><h2 class="battle-history">Turn 17</h2><div class="spacer battle-history"><br></div><div class="battle-history">The opposing Skuntank used <strong>Poison Jab</strong>!<br></div><div class="battle-history"><small>(Mohammad Ali lost <abbr title="−141/374">37.7%</abbr> of its health!)</small><br></div><div class="battle-history"><small>Mohammad Ali was poisoned!</small><br></div><div class="spacer battle-history"><br></div><div class="battle-history">Mohammad Ali used <strong>Ice Punch</strong>!<br></div><div class="battle-history"><small>(The opposing Skuntank lost <abbr title="−143/347">41.2%</abbr> of its health!)</small><br></div><div class="battle-history"><small>[The opposing Skuntank's Aftermath]</small><br><small>Mohammad Ali is hurt!</small><br></div><div class="spacer battle-history"><br></div><div class="battle-history">Mohammad Ali fainted!<br></div><div class="battle-history">The opposing Skuntank fainted!<br></div><div class="spacer battle-history"><br></div><div class="battle-history">Garay oak sent out <strong>Mesprit</strong>!<br></div><div class="spacer battle-history"><br></div><div class="battle-history">Go! Ronda Rousey (<strong>Combusken</strong>)!<br></div><div class="spacer battle-history"><br></div><h2 class="battle-history">Turn 18</h2><div class="spacer battle-history"><br></div><div class="battle-history">The opposing Mesprit used <strong>Healing Wish</strong>!<br></div><div class="spacer battle-history"><br></div><div class="battle-history">The opposing Mesprit fainted!<br></div><div class="battle-history">Ronda Rousey used <strong>Fire Punch</strong>!<br></div><div class="battle-history"><small>But there was no target...</small><br></div><div class="spacer battle-history"><br></div><div class="battle-history"><small>[Ronda Rousey's Speed Boost]</small><br></div><div class="battle-history"><small>Ronda Rousey's Speed rose!</small><br></div><div class="spacer battle-history"><br></div><div class="battle-history">Garay oak sent out <strong>Rhydon</strong>!<br></div><div class="battle-history"><small>The healing wish came true for the opposing Rhydon!</small><br></div><div class="spacer battle-history"><br></div><h2 class="battle-history">Turn 19</h2><div class="spacer battle-history"><br></div><div class="battle-history">Ronda Rousey used <strong>Sky Uppercut</strong>!<br></div><div class="battle-history"><small>It's super effective!</small><br></div><div class="battle-history"><small>(The opposing Rhydon lost <abbr title="−159/414">38.4%</abbr> of its health!)</small><br></div><div class="battle-history"><small>Ronda Rousey lost some of its HP!</small><br></div><div class="spacer battle-history"><br></div><div class="battle-history">The opposing Rhydon used <strong>Earthquake</strong>!<br></div><div class="battle-history"><small>It's super effective!</small><br></div><div class="battle-history"><small>(Ronda Rousey lost <abbr title="−209/261">80.1%</abbr> of its health!)</small><br></div><div class="spacer battle-history"><br></div><div class="battle-history">Ronda Rousey fainted!<br></div><div class="spacer battle-history"><br></div><div class="battle-history">Go! Floyd Mayweather (<strong>Hitmonchan</strong>)!<br></div><div class="spacer battle-history"><br></div><h2 class="battle-history">Turn 20</h2><div class="spacer battle-history"><br></div><div class="battle-history">Garay oak withdrew Rhydon!<br></div><div class="battle-history">Garay oak sent out <strong>Vileplume</strong>!<br></div><div class="spacer battle-history"><br></div><div class="battle-history">Floyd Mayweather used <strong>Ice Punch</strong>!<br></div><div class="battle-history"><small>It's super effective!</small><br></div><div class="battle-history"><small>(The opposing Vileplume lost <abbr title="−154/353">43.6%</abbr> of its health!)</small><br></div><div class="spacer battle-history"><br></div><div class="battle-history"><small>The opposing Vileplume restored a little HP using its Black Sludge!</small><br></div><div class="spacer battle-history"><br></div><h2 class="battle-history">Turn 21</h2><div class="spacer battle-history"><br></div><div class="battle-history">Floyd Mayweather used <strong>Fire Punch</strong>!<br></div><div class="battle-history"><small>It's super effective!</small><br></div><div class="battle-history"><small>(The opposing Vileplume lost <abbr title="−168/353">47.6%</abbr> of its health!)</small><br></div><div class="spacer battle-history"><br></div><div class="battle-history">The opposing Vileplume fainted!<br></div><div class="chat chatmessage-assassinrogue"><strong style="color:hsl(183,66%,44.25940850946007%)"><small>★</small><span class="username" data-name="AssassinRogue">AssassinRogue</span>:</strong> <em>lol</em></div><div class="chat chatmessage-garayoak"><strong style="color:hsl(180,40%,51.02009642336%)"><small>★</small><span class="username" data-name="Garay oak">Garay oak</span>:</strong> <em>Rol</em></div><div class="chat chatmessage-garayoak"><strong style="color:hsl(180,40%,51.02009642336%)"><small>★</small><span class="username" data-name="Garay oak">Garay oak</span>:</strong> <em>Meh</em></div><div class="spacer battle-history"><br></div><div class="battle-history">Garay oak sent out <strong>Rhydon</strong>!<br></div><div class="spacer battle-history"><br></div><h2 class="battle-history">Turn 22</h2><div class="spacer battle-history"><br></div><div class="battle-history">Floyd Mayweather used <strong>Drain Punch</strong>!<br></div><div class="battle-history"><small>It's super effective!</small><br></div><div class="battle-history"><small>(The opposing Rhydon lost <abbr title="−168/414">40.6%</abbr> of its health!)</small><br></div><div class="spacer battle-history"><br></div><div class="battle-history">The opposing Rhydon used <strong>Earthquake</strong>!<br></div><div class="battle-history"><small>(Floyd Mayweather lost <abbr title="−180/293">61.4%</abbr> of its health!)</small><br></div><div class="spacer battle-history"><br></div><h2 class="battle-history">Turn 23</h2><div class="spacer battle-history"><br></div><div class="battle-history">Floyd Mayweather used <strong>Drain Punch</strong>!<br></div><div class="battle-history"><small>It's super effective!</small><br></div><div class="battle-history"><small>(The opposing Rhydon lost <abbr title="−87/414">21.0%</abbr> of its health!)</small><br></div><div class="battle-history"><small>The opposing Rhydon had its energy drained!</small><br></div><div class="spacer battle-history"><br></div><div class="battle-history">The opposing Rhydon fainted!<br></div><div class="spacer battle-history"><br></div><div class="battle-history"><strong>AssassinRogue</strong> won the battle!<br></div><div class="chat chatmessage-assassinrogue"><strong style="color:hsl(183,66%,44.25940850946007%)"><small>★</small><span class="username" data-name="AssassinRogue">AssassinRogue</span>:</strong> <em>gg</em></div><div class="chat chatmessage-garayoak"><strong style="color:hsl(180,40%,51.02009642336%)"><small>★</small><span class="username" data-name="Garay oak">Garay oak</span>:</strong> <em>gg</em></div><div class="chat"><small>Garay oak left.</small></div><div class="chat"><small>eternally left.</small></div></div><div class="inner-preempt"></div></div></div>
</div>
<script>
let daily = Math.floor(Date.now()/1000/60/60/24);document.write('<script src="https://play.pokemonshowdown.com/js/replay-embed.js?version'+daily+'"></'+'script>');
</script>
