<!DOCTYPE html>
<meta charset="utf-8" />
<!-- version 1 -->
<title>NU replay: R∅derick vs. Chief Time</title>
<style>
html,body {font-family:Verdana, sans-serif;font-size:10pt;margin:0;padding:0;}body{padding:12px 0;} .battle-log {font-family:Verdana, sans-serif;font-size:10pt;} .battle-log-inline {border:1px solid #AAAAAA;background:#EEF2F5;color:black;max-width:640px;margin:0 auto 80px;padding-bottom:5px;} .battle-log .inner {padding:4px 8px 0px 8px;} .battle-log .inner-preempt {padding:0 8px 4px 8px;} .battle-log .inner-after {margin-top:0.5em;} .battle-log h2 {margin:0.5em -8px;padding:4px 8px;border:1px solid #AAAAAA;background:#E0E7EA;border-left:0;border-right:0;font-family:Verdana, sans-serif;font-size:13pt;} .battle-log .chat {vertical-align:middle;padding:3px 0 3px 0;font-size:8pt;} .battle-log .chat strong {color:#40576A;} .battle-log .chat em {padding:1px 4px 1px 3px;color:#000000;font-style:normal;} .chat.mine {background:rgba(0,0,0,0.05);margin-left:-8px;margin-right:-8px;padding-left:8px;padding-right:8px;} .spoiler {color:#BBBBBB;background:#BBBBBB;padding:0px 3px;} .spoiler:hover, .spoiler:active, .spoiler-shown {color:#000000;background:#E2E2E2;padding:0px 3px;} .spoiler a {color:#BBBBBB;} .spoiler:hover a, .spoiler:active a, .spoiler-shown a {color:#2288CC;} .chat code, .chat .spoiler:hover code, .chat .spoiler:active code, .chat .spoiler-shown code {border:1px solid #C0C0C0;background:#EEEEEE;color:black;padding:0 2px;} .chat .spoiler code {border:1px solid #CCCCCC;background:#CCCCCC;color:#CCCCCC;} .battle-log .rated {padding:3px 4px;} .battle-log .rated strong {color:white;background:#89A;padding:1px 4px;border-radius:4px;} .spacer {margin-top:0.5em;} .message-announce {background:#6688AA;color:white;padding:1px 4px 2px;} .message-announce a, .broadcast-green a, .broadcast-blue a, .broadcast-red a {color:#DDEEFF;} .broadcast-green {background-color:#559955;color:white;padding:2px 4px;} .broadcast-blue {background-color:#6688AA;color:white;padding:2px 4px;} .infobox {border:1px solid #6688AA;padding:2px 4px;} .infobox-limited {max-height:200px;overflow:auto;overflow-x:hidden;} .broadcast-red {background-color:#AA5544;color:white;padding:2px 4px;} .message-learn-canlearn {font-weight:bold;color:#228822;text-decoration:underline;} .message-learn-cannotlearn {font-weight:bold;color:#CC2222;text-decoration:underline;} .message-effect-weak {font-weight:bold;color:#CC2222;} .message-effect-resist {font-weight:bold;color:#6688AA;} .message-effect-immune {font-weight:bold;color:#666666;} .message-learn-list {margin-top:0;margin-bottom:0;} .message-throttle-notice, .message-error {color:#992222;} .message-overflow, .chat small.message-overflow {font-size:0pt;} .message-overflow::before {font-size:9pt;content:'...';} .subtle {color:#3A4A66;}
</style>
<div class="wrapper replay-wrapper" style="max-width:1180px;margin:0 auto">
<input type="hidden" name="replayid" value="nu-516955788" />
<div class="battle"></div><div class="battle-log"></div><div class="replay-controls"></div><div class="replay-controls-2"></div>
<h1 style="font-weight:normal;text-align:center"><strong>NU</strong><br /><a href="http://pokemonshowdown.com/users/rderick" class="subtle" target="_blank">R∅derick</a> vs. <a href="http://pokemonshowdown.com/users/chieftime" class="subtle" target="_blank">Chief Time</a></h1>
<script type="text/plain" class="battle-log-data">|j|R∅derick
|j|Chief Time
|player|p1|R∅derick|25
|player|p2|Chief Time|153
|gametype|singles
|gen|6
|tier|NU
|rated
|seed|23591,13973,40769,31241
|rule|Sleep Clause Mod: Limit one foe put to sleep
|rule|Species Clause: Limit one of each Pokémon
|rule|OHKO Clause: OHKO moves are banned
|rule|Moody Clause: Moody is banned
|rule|Evasion Moves Clause: Evasion moves are banned
|rule|Endless Battle Clause: Forcing endless battles is banned
|rule|HP Percentage Mod: HP is shown in percentages
|clearpoke
|poke|p1|Mismagius, F|item
|poke|p1|Vileplume, M|item
|poke|p1|Magmortar, M|item
|poke|p1|Lapras, F|item
|poke|p1|Audino, F|item
|poke|p1|Xatu, M, shiny|item
|poke|p2|Haunter, F|item
|poke|p2|Slaking, M|item
|poke|p2|Kecleon, F|item
|poke|p2|Skuntank, F|item
|poke|p2|Victreebel, F|item
|poke|p2|Audino, F|item
|rule|Swagger Clause: Swagger is banned
|rule|Baton Pass Clause: Limit one Baton Passer, can't pass Spe and other stats simultaneously
|teampreview
|choice|team 6, team 2, team 3, team 4, team 5, team 1|team 1, team 2, team 3, team 4, team 5, team 6
|
|start
|switch|p1a: H∅rick|Xatu, M, shiny|334\/334
|switch|p2a: Haunter|Haunter, F|231\/231
|turn|1
|choice|move thunderwave|move shadowball
|
|move|p2a: Haunter|Shadow Ball|p1a: H∅rick
|-supereffective|p1a: H∅rick
|-damage|p1a: H∅rick|0 fnt
|faint|p1a: H∅rick
|
|upkeep
|choice|switch 4|
|
|switch|p1a: Lapras|Lapras, F|431\/431
|turn|2
|choice|move icebeam|switch 5
|
|switch|p2a: Victreebel|Victreebel, F|301\/301
|move|p1a: Lapras|Ice Beam|p2a: Victreebel
|-supereffective|p2a: Victreebel
|-damage|p2a: Victreebel|0 fnt
|faint|p2a: Victreebel
|
|upkeep
|choice||switch 2
|
|switch|p2a: Slaking|Slaking, M|442\/442
|turn|3
|choice|move icebeam|move retaliate
|
|move|p2a: Slaking|Retaliate|p1a: Lapras
|-damage|p1a: Lapras|0 fnt
|faint|p1a: Lapras
|
|upkeep
|choice|switch 3|
|
|switch|p1a: Magmortar|Magmortar, M|307\/307
|turn|4
|choice|move focusblast|switch 3
|
|switch|p2a: Kecleon|Kecleon, F|324\/324
|move|p1a: Magmortar|Focus Blast|p2a: Kecleon
|-supereffective|p2a: Kecleon
|-damage|p2a: Kecleon|156\/324
|-unboost|p2a: Kecleon|spd|1
|
|upkeep
|turn|5
|choice|move fireblast|move fakeout
|
|move|p2a: Kecleon|Fake Out|p1a: Magmortar
|-damage|p1a: Magmortar|217\/307
|cant|p1a: Magmortar|flinch
|
|upkeep
|turn|6
|choice|move fireblast|switch 5
|
|switch|p2a: Haunter|Haunter, F|231\/231
|move|p1a: Magmortar|Fire Blast|p2a: Haunter
|-damage|p2a: Haunter|0 fnt
|faint|p2a: Haunter
|
|upkeep
|choice||switch 3
|
|switch|p2a: Slaking|Slaking, M|442\/442
|turn|7
|choice|move focusblast|move retaliate
|
|move|p2a: Slaking|Retaliate|p1a: Magmortar
|-damage|p1a: Magmortar|0 fnt
|faint|p1a: Magmortar
|
|upkeep
|choice|switch 6|
|
|switch|p1a: Mismagius|Mismagius, F|324\/324
|turn|8
|choice|move willowisp|switch 4
|
|switch|p2a: Skuntank|Skuntank, F|348\/348
|move|p1a: Mismagius|Will-O-Wisp|p2a: Skuntank
|-status|p2a: Skuntank|brn
|
|-damage|p2a: Skuntank|305\/348 brn|[from] brn
|upkeep
|turn|9
|choice|switch 5|move toxic
|
|switch|p1a: Audino|Audino, F|410\/410
|move|p2a: Skuntank|Toxic|p1a: Audino
|-status|p1a: Audino|tox
|
|-damage|p2a: Skuntank|262\/348 brn|[from] brn
|-damage|p1a: Audino|385\/410 tox|[from] psn
|upkeep
|turn|10
|choice|move wish mega|switch 6
|
|switch|p2a: Audino|Audino, F|410\/410
|detailschange|p1a: Audino|Audino-Mega, F
|-mega|p1a: Audino|Audino|Audinite
|move|p1a: Audino|Wish|p1a: Audino
|
|-damage|p1a: Audino|335\/410 tox|[from] psn
|upkeep
|turn|11
|choice|move healbell|move healbell mega
|
|detailschange|p2a: Audino|Audino-Mega, F
|-mega|p2a: Audino|Audino|Audinite
|move|p1a: Audino|Heal Bell|p1a: Audino
|-activate|p1a: Audino|move: Heal Bell
|-curestatus|p1a: Audino|tox|[msg]
|move|p2a: Audino|Heal Bell|p2a: Audino
|-activate|p2a: Audino|move: Heal Bell
|-curestatus|p2: Skuntank|brn|[msg]
|
|-heal|p1a: Audino|410\/410|[from] move: Wish|[wisher] Audino
|upkeep
|turn|12
|choice|move calmmind|switch 6
|
|switch|p2a: Skuntank|Skuntank, F|262\/348
|move|p1a: Audino|Calm Mind|p1a: Audino
|-boost|p1a: Audino|spa|1
|-boost|p1a: Audino|spd|1
|
|upkeep
|turn|13
|choice|move wish|move poisonjab
|
|move|p2a: Skuntank|Poison Jab|p1a: Audino
|-supereffective|p1a: Audino
|-damage|p1a: Audino|205\/410
|-damage|p2a: Skuntank|228\/348|[from] item: Life Orb
|move|p1a: Audino|Wish|p1a: Audino
|
|upkeep
|turn|14
|choice|switch 2|move poisonjab
|
|switch|p1a: Vileplume|Vileplume, M|354\/354
|move|p2a: Skuntank|Poison Jab|p1a: Vileplume
|-damage|p1a: Vileplume|225\/354
|-damage|p2a: Skuntank|194\/348|[from] item: Life Orb
|
|-heal|p1a: Vileplume|354\/354|[from] move: Wish|[wisher] Audino
|upkeep
|turn|15
|choice|move sleeppowder|switch 5
|
|switch|p2a: Kecleon|Kecleon, F|156\/324
|move|p1a: Vileplume|Sleep Powder|p2a: Kecleon
|-status|p2a: Kecleon|slp
|
|upkeep
|turn|16
|choice|move sludgebomb|move fakeout
|
|cant|p2a: Kecleon|slp
|move|p1a: Vileplume|Sludge Bomb|p2a: Kecleon
|-damage|p2a: Kecleon|87\/324 slp
|
|upkeep
|turn|17
|choice|move sludgebomb|switch 5
|
|switch|p2a: Skuntank|Skuntank, F|194\/348
|move|p1a: Vileplume|Sludge Bomb|p2a: Skuntank
|-resisted|p2a: Skuntank
|-damage|p2a: Skuntank|107\/348
|
|upkeep
|turn|18
|choice|move sludgebomb|move suckerpunch
|
|move|p2a: Skuntank|Sucker Punch|p1a: Vileplume
|-damage|p1a: Vileplume|218\/354
|-status|p2a: Skuntank|par|[from] ability: Effect Spore|[of] p1a: Vileplume
|-damage|p2a: Skuntank|73\/348 par|[from] item: Life Orb
|move|p1a: Vileplume|Sludge Bomb|p2a: Skuntank
|-resisted|p2a: Skuntank
|-damage|p2a: Skuntank|0 fnt
|faint|p2a: Skuntank
|
|-heal|p1a: Vileplume|240\/354|[from] item: Black Sludge
|upkeep
|choice||switch 4
|
|switch|p2a: Slaking|Slaking, M|442\/442
|turn|19
|choice|switch 5|move retaliate
|
|switch|p1a: Mismagius|Mismagius, F|324\/324
|move|p2a: Slaking|Retaliate|p1a: Mismagius
|-immune|p1a: Mismagius|[msg]
|
|upkeep
|turn|20
|choice|move willowisp|switch 6
|
|switch|p2a: Audino|Audino-Mega, F|410\/410
|move|p1a: Mismagius|Will-O-Wisp|p2a: Audino
|-status|p2a: Audino|brn
|
|-damage|p2a: Audino|359\/410 brn|[from] brn
|upkeep
|turn|21
|choice|move taunt|switch 6
|
|switch|p2a: Slaking|Slaking, M|442\/442
|move|p1a: Mismagius|Taunt|p2a: Slaking
|-start|p2a: Slaking|move: Taunt
|
|upkeep
|turn|22
|choice|move willowisp|move nightslash
|
|move|p1a: Mismagius|Will-O-Wisp|p2a: Slaking|[miss]
|-miss|p1a: Mismagius|p2a: Slaking
|move|p2a: Slaking|Night Slash|p1a: Mismagius
|-supereffective|p1a: Mismagius
|-enditem|p1a: Mismagius|Colbur Berry|[eat]
|-enditem|p1a: Mismagius|Colbur Berry|[weaken]
|-damage|p1a: Mismagius|96\/324
|
|upkeep
|turn|23
|choice|move destinybond|switch 5
|
|switch|p2a: Kecleon|Kecleon, F|87\/324 slp
|move|p1a: Mismagius|Destiny Bond|p1a: Mismagius
|-singlemove|p1a: Mismagius|Destiny Bond
|
|upkeep
|turn|24
|choice|switch 2|move shadowsneak
|
|switch|p1a: Audino|Audino-Mega, F|205\/410
|cant|p2a: Kecleon|slp
|
|upkeep
|turn|25
|choice|move wish|move poweruppunch
|
|move|p1a: Audino|Wish|p1a: Audino
|-curestatus|p2a: Kecleon|slp|[msg]
|move|p2a: Kecleon|Power-Up Punch|p1a: Audino
|-start|p2a: Kecleon|typechange|Fighting|[from] Protean
|-damage|p1a: Audino|166\/410
|-boost|p2a: Kecleon|atk|1
|
|upkeep
|turn|26
|choice|move calmmind|move shadowsneak
|
|move|p2a: Kecleon|Shadow Sneak|p1a: Audino
|-start|p2a: Kecleon|typechange|Ghost|[from] Protean
|-immune|p1a: Audino|[msg]
|move|p1a: Audino|Calm Mind|p1a: Audino
|-boost|p1a: Audino|spa|1
|-boost|p1a: Audino|spd|1
|
|-heal|p1a: Audino|371\/410|[from] move: Wish|[wisher] Audino
|upkeep
|turn|27
|choice|move calmmind|move poweruppunch
|
|move|p1a: Audino|Calm Mind|p1a: Audino
|-boost|p1a: Audino|spa|1
|-boost|p1a: Audino|spd|1
|move|p2a: Kecleon|Power-Up Punch|p1a: Audino
|-start|p2a: Kecleon|typechange|Fighting|[from] Protean
|-damage|p1a: Audino|314\/410
|-boost|p2a: Kecleon|atk|1
|
|upkeep
|turn|28
|choice|move wish|move poweruppunch
|
|move|p1a: Audino|Wish|p1a: Audino
|move|p2a: Kecleon|Power-Up Punch|p1a: Audino
|-damage|p1a: Audino|242\/410
|-boost|p2a: Kecleon|atk|1
|
|upkeep
|turn|29
|choice|move dazzlinggleam|move poweruppunch
|
|move|p1a: Audino|Dazzling Gleam|p2a: Kecleon
|-supereffective|p2a: Kecleon
|-damage|p2a: Kecleon|0 fnt
|faint|p2a: Kecleon
|
|-heal|p1a: Audino|410\/410|[from] move: Wish|[wisher] Audino
|upkeep
|choice||switch 5
|
|switch|p2a: Slaking|Slaking, M|442\/442
|turn|30
|choice|move wish|move retaliate
|
|move|p2a: Slaking|Retaliate|p1a: Audino
|-damage|p1a: Audino|116\/410
|move|p1a: Audino|Wish|p1a: Audino
|
|upkeep
|turn|31
|choice|move dazzlinggleam|switch 6
|
|switch|p2a: Audino|Audino-Mega, F|359\/410 brn
|move|p1a: Audino|Dazzling Gleam|p2a: Audino
|-damage|p2a: Audino|230\/410 brn
|
|-heal|p1a: Audino|321\/410|[from] move: Wish|[wisher] Audino
|-damage|p2a: Audino|179\/410 brn|[from] brn
|upkeep
|turn|32
|choice|move wish|move healbell
|
|move|p2a: Audino|Heal Bell|p2a: Audino
|-activate|p2a: Audino|move: Heal Bell
|-curestatus|p2a: Audino|brn|[msg]
|move|p1a: Audino|Wish|p1a: Audino
|
|upkeep
|turn|33
|choice|move dazzlinggleam|move toxic
|
|move|p1a: Audino|Dazzling Gleam|p2a: Audino
|-damage|p2a: Audino|40\/410
|move|p2a: Audino|Toxic|p1a: Audino
|-status|p1a: Audino|tox
|
|-heal|p1a: Audino|410\/410 tox|[from] move: Wish|[wisher] Audino
|-damage|p1a: Audino|385\/410 tox|[from] psn
|upkeep
|turn|34
|choice|move healbell|move protect
|
|move|p2a: Audino|Protect|p2a: Audino
|-singleturn|p2a: Audino|Protect
|move|p1a: Audino|Heal Bell|p1a: Audino
|-activate|p1a: Audino|move: Heal Bell
|-curestatus|p1a: Audino|tox|[msg]
|
|upkeep
|turn|35
|choice|move dazzlinggleam|move wish
|
|move|p2a: Audino|Wish|p2a: Audino
|move|p1a: Audino|Dazzling Gleam|p2a: Audino
|-damage|p2a: Audino|0 fnt
|faint|p2a: Audino
|
|upkeep
|choice||switch 6
|
|switch|p2a: Slaking|Slaking, M|442\/442
|turn|36
|choice|move wish|move retaliate
|
|move|p2a: Slaking|Retaliate|p1a: Audino
|-damage|p1a: Audino|66\/410
|move|p1a: Audino|Wish|p1a: Audino
|
|upkeep
|turn|37
|choice|move dazzlinggleam|move retaliate
|
|cant|p2a: Slaking|ability: Truant
|move|p1a: Audino|Dazzling Gleam|p2a: Slaking
|-crit|p2a: Slaking
|-damage|p2a: Slaking|91\/442
|
|-heal|p1a: Audino|271\/410|[from] move: Wish|[wisher] Audino
|upkeep
|turn|38
|choice|switch 2|move retaliate
|
|switch|p1a: Mismagius|Mismagius, F|96\/324
|move|p2a: Slaking|Retaliate|p1a: Mismagius
|-immune|p1a: Mismagius|[msg]
|
|upkeep
|turn|39
|choice|move destinybond|move retaliate
|
|move|p1a: Mismagius|Destiny Bond|p1a: Mismagius
|-singlemove|p1a: Mismagius|Destiny Bond
|cant|p2a: Slaking|ability: Truant
|
|upkeep
|turn|40
|choice|move destinybond|move retaliate
|
|move|p1a: Mismagius|Destiny Bond|p1a: Mismagius
|-singlemove|p1a: Mismagius|Destiny Bond
|move|p2a: Slaking|Retaliate|p1a: Mismagius
|-immune|p1a: Mismagius|[msg]
|
|upkeep
|turn|41
|choice|move willowisp|move retaliate
|
|move|p1a: Mismagius|Will-O-Wisp|p2a: Slaking
|-status|p2a: Slaking|brn
|cant|p2a: Slaking|ability: Truant
|
|-damage|p2a: Slaking|36\/442 brn|[from] brn
|upkeep
|turn|42
|choice|move taunt|move retaliate
|
|move|p1a: Mismagius|Taunt|p2a: Slaking
|-start|p2a: Slaking|move: Taunt
|move|p2a: Slaking|Retaliate|p1a: Mismagius
|-immune|p1a: Mismagius|[msg]
|
|-damage|p2a: Slaking|0 fnt|[from] brn
|upkeep
|faint|p2a: Slaking
|
|win|R∅derick
|player|p1
|player|p2
|raw|R∅derick's rating: 1244 &rarr; <strong>1257<\/strong><br \/>(+13 for winning)
|raw|Chief Time's rating: 1065 &rarr; <strong>1054<\/strong><br \/>(-11 for losing)</script>
</div>
<div class="battle-log battle-log-inline"><div class="inner"><div class="battle-options"></div><div class="inner"><div class="chat"><small>R∅derick joined.</small></div><div class="chat"><small>Chief Time joined.</small></div><div class=""><small>Format:</small> <br><strong>NU</strong></div><div class="rated"><strong>Rated battle</strong></div><div class=""><small><em>Sleep Clause Mod:</em> Limit one foe put to sleep</small></div><div class=""><small><em>Species Clause:</em> Limit one of each Pokémon</small></div><div class=""><small><em>OHKO Clause:</em> OHKO moves are banned</small></div><div class=""><small><em>Moody Clause:</em> Moody is banned</small></div><div class=""><small><em>Evasion Moves Clause:</em> Evasion moves are banned</small></div><div class=""><small><em>Endless Battle Clause:</em> Forcing endless battles is banned</small></div><div class=""><small><em>HP Percentage Mod:</em> HP is shown in percentages</small></div><div class=""><small><em>Swagger Clause:</em> Swagger is banned</small></div><div class=""><small><em>Baton Pass Clause:</em> Limit one Baton Passer, can't pass Spe and other stats simultaneously</small></div><div class="chat battle-history"><strong>R∅derick's team:</strong> <em style="color:#445566;display:block;">Mismagius / Vileplume / Magmortar / Lapras / Audino / Xatu</em></div><div class="chat battle-history"><strong>Chief Time's team:</strong> <em style="color:#445566;display:block;">Haunter / Slaking / Kecleon / Skuntank / Victreebel / Audino</em></div><div class="spacer battle-history"><br></div><div class="battle-history">Battle started between R∅derick and Chief Time!<br></div><div class="spacer battle-history"><br></div><div class="battle-history">Go! H∅rick (<strong>Xatu</strong>)!<br></div><div class="spacer battle-history"><br></div><div class="battle-history">Chief Time sent out <strong>Haunter</strong>!<br></div><div class="spacer battle-history"><br></div><h2 class="battle-history">Turn 1</h2><div class="spacer battle-history"><br></div><div class="battle-history">The opposing Haunter used <strong>Shadow Ball</strong>!<br></div><div class="battle-history"><small>It's super effective!</small><br></div><div class="battle-history"><small>(H∅rick lost <abbr title="−334/334">100%</abbr> of its health!)</small><br></div><div class="spacer battle-history"><br></div><div class="battle-history">H∅rick fainted!<br></div><div class="spacer battle-history"><br></div><div class="battle-history">Go! <strong>Lapras</strong>!<br></div><div class="spacer battle-history"><br></div><h2 class="battle-history">Turn 2</h2><div class="spacer battle-history"><br></div><div class="battle-history">Chief Time withdrew Haunter!<br></div><div class="battle-history">Chief Time sent out <strong>Victreebel</strong>!<br></div><div class="spacer battle-history"><br></div><div class="battle-history">Lapras used <strong>Ice Beam</strong>!<br></div><div class="battle-history"><small>It's super effective!</small><br></div><div class="battle-history"><small>(The opposing Victreebel lost <abbr title="−301/301">100%</abbr> of its health!)</small><br></div><div class="spacer battle-history"><br></div><div class="battle-history">The opposing Victreebel fainted!<br></div><div class="spacer battle-history"><br></div><div class="battle-history">Chief Time sent out <strong>Slaking</strong>!<br></div><div class="spacer battle-history"><br></div><h2 class="battle-history">Turn 3</h2><div class="spacer battle-history"><br></div><div class="battle-history">The opposing Slaking used <strong>Retaliate</strong>!<br></div><div class="battle-history"><small>(Lapras lost <abbr title="−431/431">100%</abbr> of its health!)</small><br></div><div class="spacer battle-history"><br></div><div class="battle-history">Lapras fainted!<br></div><div class="spacer battle-history"><br></div><div class="battle-history">Go! <strong>Magmortar</strong>!<br></div><div class="spacer battle-history"><br></div><h2 class="battle-history">Turn 4</h2><div class="spacer battle-history"><br></div><div class="battle-history">Chief Time withdrew Slaking!<br></div><div class="battle-history">Chief Time sent out <strong>Kecleon</strong>!<br></div><div class="spacer battle-history"><br></div><div class="battle-history">Magmortar used <strong>Focus Blast</strong>!<br></div><div class="battle-history"><small>It's super effective!</small><br></div><div class="battle-history"><small>(The opposing Kecleon lost <abbr title="−168/324">51.9%</abbr> of its health!)</small><br></div><div class="battle-history"><small>The opposing Kecleon's Special Defense fell!</small><br></div><div class="spacer battle-history"><br></div><h2 class="battle-history">Turn 5</h2><div class="spacer battle-history"><br></div><div class="battle-history">The opposing Kecleon used <strong>Fake Out</strong>!<br></div><div class="battle-history"><small>(Magmortar lost <abbr title="−90/307">29.3%</abbr> of its health!)</small><br></div><div class="spacer battle-history"><br></div><div class="battle-history">Magmortar flinched and couldn't move!<br></div><div class="spacer battle-history"><br></div><h2 class="battle-history">Turn 6</h2><div class="spacer battle-history"><br></div><div class="battle-history">Chief Time withdrew Kecleon!<br></div><div class="battle-history">Chief Time sent out <strong>Haunter</strong>!<br></div><div class="spacer battle-history"><br></div><div class="battle-history">Magmortar used <strong>Fire Blast</strong>!<br></div><div class="battle-history"><small>(The opposing Haunter lost <abbr title="−231/231">100%</abbr> of its health!)</small><br></div><div class="spacer battle-history"><br></div><div class="battle-history">The opposing Haunter fainted!<br></div><div class="spacer battle-history"><br></div><div class="battle-history">Chief Time sent out <strong>Slaking</strong>!<br></div><div class="spacer battle-history"><br></div><h2 class="battle-history">Turn 7</h2><div class="spacer battle-history"><br></div><div class="battle-history">The opposing Slaking used <strong>Retaliate</strong>!<br></div><div class="battle-history"><small>(Magmortar lost <abbr title="−217/307">70.7%</abbr> of its health!)</small><br></div><div class="spacer battle-history"><br></div><div class="battle-history">Magmortar fainted!<br></div><div class="spacer battle-history"><br></div><div class="battle-history">Go! <strong>Mismagius</strong>!<br></div><div class="spacer battle-history"><br></div><h2 class="battle-history">Turn 8</h2><div class="spacer battle-history"><br></div><div class="battle-history">Chief Time withdrew Slaking!<br></div><div class="battle-history">Chief Time sent out <strong>Skuntank</strong>!<br></div><div class="spacer battle-history"><br></div><div class="battle-history">Mismagius used <strong>Will-O-Wisp</strong>!<br></div><div class="battle-history"><small>The opposing Skuntank was burned!</small><br></div><div class="spacer battle-history"><br></div><div class="battle-history"><small>The opposing Skuntank was hurt by its burn!</small><br></div><div class="spacer battle-history"><br></div><h2 class="battle-history">Turn 9</h2><div class="spacer battle-history"><br></div><div class="battle-history">Mismagius, come back!<br></div><div class="battle-history">Go! <strong>Audino</strong>!<br></div><div class="spacer battle-history"><br></div><div class="battle-history">The opposing Skuntank used <strong>Toxic</strong>!<br></div><div class="battle-history"><small>Audino was badly poisoned!</small><br></div><div class="spacer battle-history"><br></div><div class="battle-history"><small>The opposing Skuntank was hurt by its burn!</small><br></div><div class="battle-history"><small>Audino was hurt by poison!</small><br></div><div class="spacer battle-history"><br></div><h2 class="battle-history">Turn 10</h2><div class="spacer battle-history"><br></div><div class="battle-history">Chief Time withdrew Skuntank!<br></div><div class="battle-history">Chief Time sent out <strong>Audino</strong>!<br></div><div class="spacer battle-history"><br></div><div class="battle-history"><small>Audino's Audinite is reacting to R∅derick's Mega Bracelet!</small><br>Audino has Mega Evolved into Mega Audino!<br></div><div class="spacer battle-history"><br></div><div class="battle-history">Audino used <strong>Wish</strong>!<br></div><div class="spacer battle-history"><br></div><div class="battle-history"><small>Audino was hurt by poison!</small><br></div><div class="spacer battle-history"><br></div><h2 class="battle-history">Turn 11</h2><div class="spacer battle-history"><br></div><div class="battle-history"><small>The opposing Audino's Audinite is reacting to Chief Time's Mega Bracelet!</small><br>The opposing Audino has Mega Evolved into Mega Audino!<br></div><div class="spacer battle-history"><br></div><div class="battle-history">Audino used <strong>Heal Bell</strong>!<br></div><div class="battle-history"><small>A bell chimed!</small><br></div><div class="battle-history"><small>Audino was cured of its poisoning.</small><br></div><div class="spacer battle-history"><br></div><div class="battle-history">The opposing Audino used <strong>Heal Bell</strong>!<br></div><div class="battle-history"><small>A bell chimed!</small><br></div><div class="battle-history"><small>The opposing Skuntank's burn was healed.</small><br></div><div class="spacer battle-history"><br></div><div class="battle-history"><small>Audino's wish came true!</small><br></div><div class="spacer battle-history"><br></div><h2 class="battle-history">Turn 12</h2><div class="spacer battle-history"><br></div><div class="battle-history">Chief Time withdrew Audino!<br></div><div class="battle-history">Chief Time sent out <strong>Skuntank</strong>!<br></div><div class="spacer battle-history"><br></div><div class="battle-history">Audino used <strong>Calm Mind</strong>!<br></div><div class="battle-history"><small>Audino's Special Attack rose!</small><br></div><div class="battle-history"><small>Audino's Special Defense rose!</small><br></div><div class="spacer battle-history"><br></div><h2 class="battle-history">Turn 13</h2><div class="spacer battle-history"><br></div><div class="battle-history">The opposing Skuntank used <strong>Poison Jab</strong>!<br></div><div class="battle-history"><small>It's super effective!</small><br></div><div class="battle-history"><small>(Audino lost <abbr title="−205/410">50%</abbr> of its health!)</small><br></div><div class="battle-history"><small>The opposing Skuntank lost some of its HP!</small><br></div><div class="spacer battle-history"><br></div><div class="battle-history">Audino used <strong>Wish</strong>!<br></div><div class="spacer battle-history"><br></div><h2 class="battle-history">Turn 14</h2><div class="spacer battle-history"><br></div><div class="battle-history">Audino, come back!<br></div><div class="battle-history">Go! <strong>Vileplume</strong>!<br></div><div class="spacer battle-history"><br></div><div class="battle-history">The opposing Skuntank used <strong>Poison Jab</strong>!<br></div><div class="battle-history"><small>(Vileplume lost <abbr title="−129/354">36.4%</abbr> of its health!)</small><br></div><div class="battle-history"><small>The opposing Skuntank lost some of its HP!</small><br></div><div class="spacer battle-history"><br></div><div class="battle-history"><small>Audino's wish came true!</small><br></div><div class="spacer battle-history"><br></div><h2 class="battle-history">Turn 15</h2><div class="spacer battle-history"><br></div><div class="battle-history">Chief Time withdrew Skuntank!<br></div><div class="battle-history">Chief Time sent out <strong>Kecleon</strong>!<br></div><div class="spacer battle-history"><br></div><div class="battle-history">Vileplume used <strong>Sleep Powder</strong>!<br></div><div class="battle-history"><small>The opposing Kecleon fell asleep!</small><br></div><div class="spacer battle-history"><br></div><h2 class="battle-history">Turn 16</h2><div class="spacer battle-history"><br></div><div class="battle-history">The opposing Kecleon is fast asleep.<br></div><div class="spacer battle-history"><br></div><div class="battle-history">Vileplume used <strong>Sludge Bomb</strong>!<br></div><div class="battle-history"><small>(The opposing Kecleon lost <abbr title="−69/324">21.3%</abbr> of its health!)</small><br></div><div class="spacer battle-history"><br></div><h2 class="battle-history">Turn 17</h2><div class="spacer battle-history"><br></div><div class="battle-history">Chief Time withdrew Kecleon!<br></div><div class="battle-history">Chief Time sent out <strong>Skuntank</strong>!<br></div><div class="spacer battle-history"><br></div><div class="battle-history">Vileplume used <strong>Sludge Bomb</strong>!<br></div><div class="battle-history"><small>It's not very effective...</small><br></div><div class="battle-history"><small>(The opposing Skuntank lost <abbr title="−87/348">25%</abbr> of its health!)</small><br></div><div class="spacer battle-history"><br></div><h2 class="battle-history">Turn 18</h2><div class="spacer battle-history"><br></div><div class="battle-history">The opposing Skuntank used <strong>Sucker Punch</strong>!<br></div><div class="battle-history"><small>(Vileplume lost <abbr title="−136/354">38.4%</abbr> of its health!)</small><br></div><div class="battle-history"><small>[Vileplume's Effect Spore]</small><br><small>The opposing Skuntank is paralyzed! It may be unable to move!</small><br></div><div class="battle-history"><small>The opposing Skuntank lost some of its HP!</small><br></div><div class="spacer battle-history"><br></div><div class="battle-history">Vileplume used <strong>Sludge Bomb</strong>!<br></div><div class="battle-history"><small>It's not very effective...</small><br></div><div class="battle-history"><small>(The opposing Skuntank lost <abbr title="−73/348">21.0%</abbr> of its health!)</small><br></div><div class="spacer battle-history"><br></div><div class="battle-history">The opposing Skuntank fainted!<br></div><div class="spacer battle-history"><br></div><div class="battle-history"><small>Vileplume restored a little HP using its Black Sludge!</small><br></div><div class="spacer battle-history"><br></div><div class="battle-history">Chief Time sent out <strong>Slaking</strong>!<br></div><div class="spacer battle-history"><br></div><h2 class="battle-history">Turn 19</h2><div class="spacer battle-history"><br></div><div class="battle-history">Vileplume, come back!<br></div><div class="battle-history">Go! <strong>Mismagius</strong>!<br></div><div class="spacer battle-history"><br></div><div class="battle-history">The opposing Slaking used <strong>Retaliate</strong>!<br></div><div class="battle-history"><small>It doesn't affect Mismagius...</small><br></div><div class="spacer battle-history"><br></div><h2 class="battle-history">Turn 20</h2><div class="spacer battle-history"><br></div><div class="battle-history">Chief Time withdrew Slaking!<br></div><div class="battle-history">Chief Time sent out Audino (<strong>Audino-Mega</strong>)!<br></div><div class="spacer battle-history"><br></div><div class="battle-history">Mismagius used <strong>Will-O-Wisp</strong>!<br></div><div class="battle-history"><small>The opposing Audino was burned!</small><br></div><div class="spacer battle-history"><br></div><div class="battle-history"><small>The opposing Audino was hurt by its burn!</small><br></div><div class="spacer battle-history"><br></div><h2 class="battle-history">Turn 21</h2><div class="spacer battle-history"><br></div><div class="battle-history">Chief Time withdrew Audino!<br></div><div class="battle-history">Chief Time sent out <strong>Slaking</strong>!<br></div><div class="spacer battle-history"><br></div><div class="battle-history">Mismagius used <strong>Taunt</strong>!<br></div><div class="battle-history"><small>The opposing Slaking fell for the taunt!</small><br></div><div class="spacer battle-history"><br></div><h2 class="battle-history">Turn 22</h2><div class="spacer battle-history"><br></div><div class="battle-history">Mismagius used <strong>Will-O-Wisp</strong>!<br></div><div class="battle-history"><small>The opposing Slaking avoided the attack!</small><br></div><div class="spacer battle-history"><br></div><div class="battle-history">The opposing Slaking used <strong>Night Slash</strong>!<br></div><div class="battle-history"><small>It's super effective!</small><br></div><div class="battle-history"><small>Mismagius ate its Colbur Berry!</small><br></div><div class="battle-history"><small>The Colbur Berry weakened the damage to Mismagius!</small><br></div><div class="battle-history"><small>(Mismagius lost <abbr title="−228/324">70.4%</abbr> of its health!)</small><br></div><div class="spacer battle-history"><br></div><h2 class="battle-history">Turn 23</h2><div class="spacer battle-history"><br></div><div class="battle-history">Chief Time withdrew Slaking!<br></div><div class="battle-history">Chief Time sent out <strong>Kecleon</strong>!<br></div><div class="spacer battle-history"><br></div><div class="battle-history">Mismagius used <strong>Destiny Bond</strong>!<br></div><div class="battle-history">Mismagius is hoping to take its attacker down with it!<br></div><div class="spacer battle-history"><br></div><h2 class="battle-history">Turn 24</h2><div class="spacer battle-history"><br></div><div class="battle-history">Mismagius, come back!<br></div><div class="battle-history">Go! Audino (<strong>Audino-Mega</strong>)!<br></div><div class="spacer battle-history"><br></div><div class="battle-history">The opposing Kecleon is fast asleep.<br></div><div class="spacer battle-history"><br></div><h2 class="battle-history">Turn 25</h2><div class="spacer battle-history"><br></div><div class="battle-history">Audino used <strong>Wish</strong>!<br></div><div class="battle-history"><small>The opposing Kecleon woke up!</small><br></div><div class="spacer battle-history"><br></div><div class="battle-history">The opposing Kecleon used <strong>Power-Up Punch</strong>!<br></div><div class="spacer battle-history"><br></div><div class="battle-history"><small>[The opposing Kecleon's Protean]</small><br><small>The opposing Kecleon transformed into the Fighting type!</small><br></div><div class="battle-history"><small>(Audino lost <abbr title="−39/410">9.5%</abbr> of its health!)</small><br></div><div class="battle-history"><small>The opposing Kecleon's Attack rose!</small><br></div><div class="spacer battle-history"><br></div><h2 class="battle-history">Turn 26</h2><div class="spacer battle-history"><br></div><div class="battle-history">The opposing Kecleon used <strong>Shadow Sneak</strong>!<br></div><div class="spacer battle-history"><br></div><div class="battle-history"><small>[The opposing Kecleon's Protean]</small><br><small>The opposing Kecleon transformed into the Ghost type!</small><br></div><div class="battle-history"><small>It doesn't affect Audino...</small><br></div><div class="spacer battle-history"><br></div><div class="battle-history">Audino used <strong>Calm Mind</strong>!<br></div><div class="battle-history"><small>Audino's Special Attack rose!</small><br></div><div class="battle-history"><small>Audino's Special Defense rose!</small><br></div><div class="spacer battle-history"><br></div><div class="battle-history"><small>Audino's wish came true!</small><br></div><div class="spacer battle-history"><br></div><h2 class="battle-history">Turn 27</h2><div class="spacer battle-history"><br></div><div class="battle-history">Audino used <strong>Calm Mind</strong>!<br></div><div class="battle-history"><small>Audino's Special Attack rose!</small><br></div><div class="battle-history"><small>Audino's Special Defense rose!</small><br></div><div class="spacer battle-history"><br></div><div class="battle-history">The opposing Kecleon used <strong>Power-Up Punch</strong>!<br></div><div class="spacer battle-history"><br></div><div class="battle-history"><small>[The opposing Kecleon's Protean]</small><br><small>The opposing Kecleon transformed into the Fighting type!</small><br></div><div class="battle-history"><small>(Audino lost <abbr title="−57/410">13.9%</abbr> of its health!)</small><br></div><div class="battle-history"><small>The opposing Kecleon's Attack rose!</small><br></div><div class="spacer battle-history"><br></div><h2 class="battle-history">Turn 28</h2><div class="spacer battle-history"><br></div><div class="battle-history">Audino used <strong>Wish</strong>!<br></div><div class="spacer battle-history"><br></div><div class="battle-history">The opposing Kecleon used <strong>Power-Up Punch</strong>!<br></div><div class="battle-history"><small>(Audino lost <abbr title="−72/410">17.6%</abbr> of its health!)</small><br></div><div class="battle-history"><small>The opposing Kecleon's Attack rose!</small><br></div><div class="spacer battle-history"><br></div><h2 class="battle-history">Turn 29</h2><div class="spacer battle-history"><br></div><div class="battle-history">Audino used <strong>Dazzling Gleam</strong>!<br></div><div class="battle-history"><small>It's super effective!</small><br></div><div class="battle-history"><small>(The opposing Kecleon lost <abbr title="−87/324">26.9%</abbr> of its health!)</small><br></div><div class="spacer battle-history"><br></div><div class="battle-history">The opposing Kecleon fainted!<br></div><div class="spacer battle-history"><br></div><div class="battle-history"><small>Audino's wish came true!</small><br></div><div class="spacer battle-history"><br></div><div class="battle-history">Chief Time sent out <strong>Slaking</strong>!<br></div><div class="spacer battle-history"><br></div><h2 class="battle-history">Turn 30</h2><div class="spacer battle-history"><br></div><div class="battle-history">The opposing Slaking used <strong>Retaliate</strong>!<br></div><div class="battle-history"><small>(Audino lost <abbr title="−294/410">71.7%</abbr> of its health!)</small><br></div><div class="spacer battle-history"><br></div><div class="battle-history">Audino used <strong>Wish</strong>!<br></div><div class="spacer battle-history"><br></div><h2 class="battle-history">Turn 31</h2><div class="spacer battle-history"><br></div><div class="battle-history">Chief Time withdrew Slaking!<br></div><div class="battle-history">Chief Time sent out Audino (<strong>Audino-Mega</strong>)!<br></div><div class="spacer battle-history"><br></div><div class="battle-history">Audino used <strong>Dazzling Gleam</strong>!<br></div><div class="battle-history"><small>(The opposing Audino lost <abbr title="−129/410">31.5%</abbr> of its health!)</small><br></div><div class="spacer battle-history"><br></div><div class="battle-history"><small>Audino's wish came true!</small><br></div><div class="battle-history"><small>The opposing Audino was hurt by its burn!</small><br></div><div class="spacer battle-history"><br></div><h2 class="battle-history">Turn 32</h2><div class="spacer battle-history"><br></div><div class="battle-history">The opposing Audino used <strong>Heal Bell</strong>!<br></div><div class="battle-history"><small>A bell chimed!</small><br></div><div class="battle-history"><small>The opposing Audino's burn was healed.</small><br></div><div class="spacer battle-history"><br></div><div class="battle-history">Audino used <strong>Wish</strong>!<br></div><div class="spacer battle-history"><br></div><h2 class="battle-history">Turn 33</h2><div class="spacer battle-history"><br></div><div class="battle-history">Audino used <strong>Dazzling Gleam</strong>!<br></div><div class="battle-history"><small>(The opposing Audino lost <abbr title="−139/410">33.9%</abbr> of its health!)</small><br></div><div class="spacer battle-history"><br></div><div class="battle-history">The opposing Audino used <strong>Toxic</strong>!<br></div><div class="battle-history"><small>Audino was badly poisoned!</small><br></div><div class="spacer battle-history"><br></div><div class="battle-history"><small>Audino's wish came true!</small><br></div><div class="battle-history"><small>Audino was hurt by poison!</small><br></div><div class="spacer battle-history"><br></div><h2 class="battle-history">Turn 34</h2><div class="spacer battle-history"><br></div><div class="battle-history">The opposing Audino used <strong>Protect</strong>!<br></div><div class="battle-history"><small>The opposing Audino protected itself!</small><br></div><div class="spacer battle-history"><br></div><div class="battle-history">Audino used <strong>Heal Bell</strong>!<br></div><div class="battle-history"><small>A bell chimed!</small><br></div><div class="battle-history"><small>Audino was cured of its poisoning.</small><br></div><div class="spacer battle-history"><br></div><h2 class="battle-history">Turn 35</h2><div class="spacer battle-history"><br></div><div class="battle-history">The opposing Audino used <strong>Wish</strong>!<br></div><div class="spacer battle-history"><br></div><div class="battle-history">Audino used <strong>Dazzling Gleam</strong>!<br></div><div class="battle-history"><small>(The opposing Audino lost <abbr title="−40/410">9.8%</abbr> of its health!)</small><br></div><div class="spacer battle-history"><br></div><div class="battle-history">The opposing Audino fainted!<br></div><div class="spacer battle-history"><br></div><div class="battle-history">Chief Time sent out <strong>Slaking</strong>!<br></div><div class="spacer battle-history"><br></div><h2 class="battle-history">Turn 36</h2><div class="spacer battle-history"><br></div><div class="battle-history">The opposing Slaking used <strong>Retaliate</strong>!<br></div><div class="battle-history"><small>(Audino lost <abbr title="−319/410">77.8%</abbr> of its health!)</small><br></div><div class="spacer battle-history"><br></div><div class="battle-history">Audino used <strong>Wish</strong>!<br></div><div class="spacer battle-history"><br></div><h2 class="battle-history">Turn 37</h2><div class="spacer battle-history"><br></div><div class="battle-history"><small>[The opposing Slaking's Truant]</small><br>The opposing Slaking is loafing around!<br></div><div class="spacer battle-history"><br></div><div class="battle-history">Audino used <strong>Dazzling Gleam</strong>!<br></div><div class="battle-history"><small>A critical hit!</small><br></div><div class="battle-history"><small>(The opposing Slaking lost <abbr title="−351/442">79.4%</abbr> of its health!)</small><br></div><div class="spacer battle-history"><br></div><div class="battle-history"><small>Audino's wish came true!</small><br></div><div class="spacer battle-history"><br></div><h2 class="battle-history">Turn 38</h2><div class="spacer battle-history"><br></div><div class="battle-history">Audino, come back!<br></div><div class="battle-history">Go! <strong>Mismagius</strong>!<br></div><div class="spacer battle-history"><br></div><div class="battle-history">The opposing Slaking used <strong>Retaliate</strong>!<br></div><div class="battle-history"><small>It doesn't affect Mismagius...</small><br></div><div class="spacer battle-history"><br></div><h2 class="battle-history">Turn 39</h2><div class="spacer battle-history"><br></div><div class="battle-history">Mismagius used <strong>Destiny Bond</strong>!<br></div><div class="battle-history">Mismagius is hoping to take its attacker down with it!<br></div><div class="spacer battle-history"><br></div><div class="battle-history"><small>[The opposing Slaking's Truant]</small><br>The opposing Slaking is loafing around!<br></div><div class="spacer battle-history"><br></div><h2 class="battle-history">Turn 40</h2><div class="spacer battle-history"><br></div><div class="battle-history">Mismagius used <strong>Destiny Bond</strong>!<br></div><div class="battle-history">Mismagius is hoping to take its attacker down with it!<br></div><div class="spacer battle-history"><br></div><div class="battle-history">The opposing Slaking used <strong>Retaliate</strong>!<br></div><div class="battle-history"><small>It doesn't affect Mismagius...</small><br></div><div class="spacer battle-history"><br></div><h2 class="battle-history">Turn 41</h2><div class="spacer battle-history"><br></div><div class="battle-history">Mismagius used <strong>Will-O-Wisp</strong>!<br></div><div class="battle-history"><small>The opposing Slaking was burned!</small><br></div><div class="spacer battle-history"><br></div><div class="battle-history"><small>[The opposing Slaking's Truant]</small><br>The opposing Slaking is loafing around!<br></div><div class="spacer battle-history"><br></div><div class="battle-history"><small>The opposing Slaking was hurt by its burn!</small><br></div><div class="spacer battle-history"><br></div><h2 class="battle-history">Turn 42</h2><div class="spacer battle-history"><br></div><div class="battle-history">Mismagius used <strong>Taunt</strong>!<br></div><div class="battle-history"><small>The opposing Slaking fell for the taunt!</small><br></div><div class="spacer battle-history"><br></div><div class="battle-history">The opposing Slaking used <strong>Retaliate</strong>!<br></div><div class="battle-history"><small>It doesn't affect Mismagius...</small><br></div><div class="spacer battle-history"><br></div><div class="battle-history"><small>The opposing Slaking was hurt by its burn!</small><br></div><div class="spacer battle-history"><br></div><div class="battle-history">The opposing Slaking fainted!<br></div><div class="spacer battle-history"><br></div><div class="battle-history"><strong>R∅derick</strong> won the battle!<br></div><div class="chat">R∅derick's rating: 1244 → <strong>1257</strong><br>(+13 for winning)</div><div class="chat">Chief Time's rating: 1065 → <strong>1054</strong><br>(-11 for losing)</div></div><div class="inner-preempt"></div></div></div>
</div>
<script>
let daily = Math.floor(Date.now()/1000/60/60/24);document.write('<script src="https://play.pokemonshowdown.com/js/replay-embed.js?version'+daily+'"></'+'script>');
</script>
