<!DOCTYPE html>
<meta charset="utf-8" />
<!-- version 1 -->
<title>NU replay: Ottobots vs. SSalamence</title>
<style>
html,body {font-family:Verdana, sans-serif;font-size:10pt;margin:0;padding:0;}body{padding:12px 0;} .battle-log {font-family:Verdana, sans-serif;font-size:10pt;} .battle-log-inline {border:1px solid #AAAAAA;background:#EEF2F5;color:black;max-width:640px;margin:0 auto 80px;padding-bottom:5px;} .battle-log .inner {padding:4px 8px 0px 8px;} .battle-log .inner-preempt {padding:0 8px 4px 8px;} .battle-log .inner-after {margin-top:0.5em;} .battle-log h2 {margin:0.5em -8px;padding:4px 8px;border:1px solid #AAAAAA;background:#E0E7EA;border-left:0;border-right:0;font-family:Verdana, sans-serif;font-size:13pt;} .battle-log .chat {vertical-align:middle;padding:3px 0 3px 0;font-size:8pt;} .battle-log .chat strong {color:#40576A;} .battle-log .chat em {padding:1px 4px 1px 3px;color:#000000;font-style:normal;} .chat.mine {background:rgba(0,0,0,0.05);margin-left:-8px;margin-right:-8px;padding-left:8px;padding-right:8px;} .spoiler {color:#BBBBBB;background:#BBBBBB;padding:0px 3px;} .spoiler:hover, .spoiler:active, .spoiler-shown {color:#000000;background:#E2E2E2;padding:0px 3px;} .spoiler a {color:#BBBBBB;} .spoiler:hover a, .spoiler:active a, .spoiler-shown a {color:#2288CC;} .chat code, .chat .spoiler:hover code, .chat .spoiler:active code, .chat .spoiler-shown code {border:1px solid #C0C0C0;background:#EEEEEE;color:black;padding:0 2px;} .chat .spoiler code {border:1px solid #CCCCCC;background:#CCCCCC;color:#CCCCCC;} .battle-log .rated {padding:3px 4px;} .battle-log .rated strong {color:white;background:#89A;padding:1px 4px;border-radius:4px;} .spacer {margin-top:0.5em;} .message-announce {background:#6688AA;color:white;padding:1px 4px 2px;} .message-announce a, .broadcast-green a, .broadcast-blue a, .broadcast-red a {color:#DDEEFF;} .broadcast-green {background-color:#559955;color:white;padding:2px 4px;} .broadcast-blue {background-color:#6688AA;color:white;padding:2px 4px;} .infobox {border:1px solid #6688AA;padding:2px 4px;} .infobox-limited {max-height:200px;overflow:auto;overflow-x:hidden;} .broadcast-red {background-color:#AA5544;color:white;padding:2px 4px;} .message-learn-canlearn {font-weight:bold;color:#228822;text-decoration:underline;} .message-learn-cannotlearn {font-weight:bold;color:#CC2222;text-decoration:underline;} .message-effect-weak {font-weight:bold;color:#CC2222;} .message-effect-resist {font-weight:bold;color:#6688AA;} .message-effect-immune {font-weight:bold;color:#666666;} .message-learn-list {margin-top:0;margin-bottom:0;} .message-throttle-notice, .message-error {color:#992222;} .message-overflow, .chat small.message-overflow {font-size:0pt;} .message-overflow::before {font-size:9pt;content:'...';} .subtle {color:#3A4A66;}
</style>
<div class="wrapper replay-wrapper" style="max-width:1180px;margin:0 auto">
<input type="hidden" name="replayid" value="nu-553358886" />
<div class="battle"></div><div class="battle-log"></div><div class="replay-controls"></div><div class="replay-controls-2"></div>
<h1 style="font-weight:normal;text-align:center"><strong>NU</strong><br /><a href="http://pokemonshowdown.com/users/ottobots" class="subtle" target="_blank">Ottobots</a> vs. <a href="http://pokemonshowdown.com/users/ssalamence" class="subtle" target="_blank">SSalamence</a></h1>
<script type="text/plain" class="battle-log-data">|j|Ottobots
|j|SSalamence
|player|p1|Ottobots|237
|player|p2|SSalamence|266
|gametype|singles
|gen|6
|tier|NU
|seed|25002,57444,64058,61563
|rule|Sleep Clause Mod: Limit one foe put to sleep
|rule|Species Clause: Limit one of each Pokémon
|rule|OHKO Clause: OHKO moves are banned
|rule|Moody Clause: Moody is banned
|rule|Evasion Moves Clause: Evasion moves are banned
|rule|Endless Battle Clause: Forcing endless battles is banned
|rule|HP Percentage Mod: HP is shown in percentages
|clearpoke
|poke|p1|Abomasnow, F|item
|poke|p1|Pyroar, M|item
|poke|p1|Tropius, F|item
|poke|p1|Dedenne, M|item
|poke|p1|Cradily, M|item
|poke|p1|Clefairy, F|item
|poke|p2|Seaking, F|item
|poke|p2|Piloswine, F|item
|poke|p2|Claydol|item
|poke|p2|Xatu, M|item
|poke|p2|Archeops, M|
|poke|p2|Vivillon, F|item
|rule|Swagger Clause: Swagger is banned
|rule|Baton Pass Clause: Limit one Baton Passer, can't pass Spe and other stats simultaneously
|teampreview
|c|☆Ottobots|gl hf
|j|aki0s-test
|c|☆SSalamence|You too
|j|my name is P S Y
|j|Gazmo
|choice|team 5, team 2, team 3, team 4, team 1, team 6|team 2, team 1, team 3, team 4, team 5, team 6
|
|start
|switch|p1a: ARCdily|Cradily, M|376\/376
|switch|p2a: Piloswine|Piloswine, F|396\/396
|turn|1
|c| Gazmo|Go Smence
|j|Magick
|c|☆Ottobots|wow ur cool
|c| aki0s-test|mence <3
|choice|move gigadrain|switch 4
|
|switch|p2a: Xatu|Xatu, M|334\/334
|move|p1a: ARCdily|Giga Drain|p2a: Xatu
|-resisted|p2a: Xatu
|-crit|p2a: Xatu
|-damage|p2a: Xatu|261\/334
|
|upkeep
|turn|2
|c| my name is P S Y|https:\/\/www.youtube.com\/watch?v=ywp22_LfgTQ
|c| my name is P S Y|go Mencie
|j|pkm_trainer_gary
|j|EvoJanus
|c|☆Ottobots|i need support ;-;
|c|☆Ottobots|I need validation ;-;
|c| pkm_trainer_gary|Ottobots roll out
|choice|move rockslide|move thunderwave
|
|move|p2a: Xatu|Thunder Wave|p1a: ARCdily
|-status|p1a: ARCdily|par
|move|p1a: ARCdily|Rock Slide|p2a: Xatu
|-supereffective|p2a: Xatu
|-damage|p2a: Xatu|111\/334
|
|upkeep
|turn|3
|c|☆Ottobots|not from gary ;-;
|c| pkm_trainer_gary|Fine
|c|☆Ottobots|jk ily
|choice|move rockslide|move roost
|
|move|p2a: Xatu|Roost|p2a: Xatu
|-heal|p2a: Xatu|278\/334
|cant|p1a: ARCdily|par
|
|upkeep
|turn|4
|choice|move rockslide|move psychic
|
|move|p2a: Xatu|Psychic|p1a: ARCdily
|-damage|p1a: ARCdily|306\/376 par
|move|p1a: ARCdily|Rock Slide|p2a: Xatu
|-supereffective|p2a: Xatu
|-damage|p2a: Xatu|126\/334
|
|-heal|p1a: ARCdily|329\/376 par|[from] item: Leftovers
|upkeep
|turn|5
|c| my name is P S Y|nobody likes gary
|c| pkm_trainer_gary|'~'
|c|☆Ottobots|wait for the flinch
|choice|switch 5|move roost
|
|switch|p1a: ARCbomasnow|Abomasnow, F|321\/321
|-weather|Hail|[from] ability: Snow Warning|[of] p1a: ARCbomasnow
|move|p2a: Xatu|Roost|p2a: Xatu
|-heal|p2a: Xatu|293\/334
|
|-weather|Hail|[upkeep]
|-damage|p2a: Xatu|273\/334|[from] hail
|upkeep
|turn|6
|c| pkm_trainer_gary|no cuz I'm beating all you newbies
|c| pkm_trainer_gary|hahaha!
|choice|move blizzard|move heatwave
|
|move|p2a: Xatu|Heat Wave|p1a: ARCbomasnow
|-supereffective|p1a: ARCbomasnow
|-damage|p1a: ARCbomasnow|0 fnt
|faint|p1a: ARCbomasnow
|
|-weather|Hail|[upkeep]
|-damage|p2a: Xatu|253\/334|[from] hail
|upkeep
|choice|switch 4|
|
|switch|p1a: ARCdenne|Dedenne, M|276\/276
|turn|7
|choice|move substitute|switch 2
|
|switch|p2a: Seaking|Seaking, F|364\/364
|move|p1a: ARCdenne|Substitute|p1a: ARCdenne
|-start|p1a: ARCdenne|Substitute
|-damage|p1a: ARCdenne|207\/276
|
|-weather|Hail|[upkeep]
|-damage|p1a: ARCdenne|190\/276|[from] hail
|-damage|p2a: Seaking|342\/364|[from] hail
|upkeep
|turn|8
|c| pkm_trainer_gary|Rest in pieces
|c| EvoJanus|I'm loving these names
|c|☆Ottobots|this will be a fun time
|choice|move hiddenpower|move poisonjab
|
|move|p1a: ARCdenne|Hidden Power|p2a: Seaking
|-resisted|p2a: Seaking
|-damage|p2a: Seaking|320\/364
|move|p2a: Seaking|Poison Jab|p1a: ARCdenne
|-supereffective|p1a: ARCdenne
|-end|p1a: ARCdenne|Substitute
|
|-weather|Hail|[upkeep]
|-damage|p1a: ARCdenne|173\/276|[from] hail
|-damage|p2a: Seaking|298\/364|[from] hail
|upkeep
|turn|9
|choice|switch 5|move poisonjab
|
|switch|p1a: ARCdily|Cradily, M|329\/376 par
|move|p2a: Seaking|Poison Jab|p1a: ARCdily
|-damage|p1a: ARCdily|249\/376 par
|
|-weather|none
|-heal|p1a: ARCdily|272\/376 par|[from] item: Leftovers
|upkeep
|turn|10
|choice|move rockslide|move knockoff
|
|move|p2a: Seaking|Knock Off|p1a: ARCdily
|-damage|p1a: ARCdily|168\/376 par
|-enditem|p1a: ARCdily|Leftovers|[from] move: Knock Off|[of] p2a: Seaking
|move|p1a: ARCdily|Rock Slide|p2a: Seaking
|-damage|p2a: Seaking|192\/364
|
|upkeep
|turn|11
|j|TheGodOfPie
|c|☆Ottobots|oh no the timer fell
|choice|move gigadrain|switch 4
|
|switch|p2a: Piloswine|Piloswine, F|396\/396
|move|p1a: ARCdily|Giga Drain|p2a: Piloswine
|-supereffective|p2a: Piloswine
|-damage|p2a: Piloswine|238\/396
|-heal|p1a: ARCdily|247\/376 par|[from] drain|[of] p2a: Piloswine
|
|upkeep
|turn|12
|choice|move stealthrock|move iciclecrash
|
|move|p2a: Piloswine|Icicle Crash|p1a: ARCdily
|-supereffective|p1a: ARCdily
|-damage|p1a: ARCdily|0 fnt
|faint|p1a: ARCdily
|
|upkeep
|c| pkm_trainer_gary|-_- Frisk strikes again
|choice|switch 2|
|
|switch|p1a: PyroARC|Pyroar, M|313\/313
|-ability|p1a: PyroARC|Unnerve|p2: SSalamence
|turn|13
|choice|move fireblast|move earthquake
|
|move|p1a: PyroARC|Fire Blast|p2a: Piloswine
|-supereffective|p2a: Piloswine
|-damage|p2a: Piloswine|0 fnt
|faint|p2a: Piloswine
|
|upkeep
|c| Gazmo|no one can beat Mence
|choice||switch 4
|
|switch|p2a: Seaking|Seaking, F|192\/364
|turn|14
|c| TheGodOfPie|~~literally beat him a week ago~~
|c|☆SSalamence|No
|c| TheGodOfPie|twice
|c|☆SSalamence|No
|c| TheGodOfPie|eksdee
|choice|switch 5|move knockoff
|
|switch|p1a: ARCdenne|Dedenne, M|173\/276
|move|p2a: Seaking|Knock Off|p1a: ARCdenne
|-resisted|p1a: ARCdenne
|-damage|p1a: ARCdenne|92\/276
|-enditem|p1a: ARCdenne|Petaya Berry|[from] move: Knock Off|[of] p2a: Seaking
|
|upkeep
|turn|15
|c| Gazmo|LIES
|c|☆Ottobots|rude
|choice|move substitute|move poisonjab
|
|move|p1a: ARCdenne|Substitute|p1a: ARCdenne
|-start|p1a: ARCdenne|Substitute
|-damage|p1a: ARCdenne|23\/276
|move|p2a: Seaking|Poison Jab|p1a: ARCdenne
|-supereffective|p1a: ARCdenne
|-end|p1a: ARCdenne|Substitute
|
|upkeep
|turn|16
|c|☆Ottobots|pls big berro
|c| Gazmo|you mean r00d
|choice|move recycle|move poisonjab
|
|move|p1a: ARCdenne|Recycle|p1a: ARCdenne
|-fail|p1a: ARCdenne
|move|p2a: Seaking|Poison Jab|p1a: ARCdenne
|-supereffective|p1a: ARCdenne
|-damage|p1a: ARCdenne|0 fnt
|faint|p1a: ARCdenne
|
|upkeep
|c|☆Ottobots|darno
|choice|switch 3|
|
|switch|p1a: ARCius|Tropius, F|401\/401
|turn|17
|choice|move leechseed|move poisonjab
|
|move|p1a: ARCius|Leech Seed|p2a: Seaking
|-start|p2a: Seaking|move: Leech Seed
|move|p2a: Seaking|Poison Jab|p1a: ARCius
|-supereffective|p1a: ARCius
|-damage|p1a: ARCius|211\/401
|-status|p1a: ARCius|psn
|
|-damage|p2a: Seaking|147\/364|[from] Leech Seed|[of] p1a: ARCius
|-heal|p1a: ARCius|256\/401 psn|[silent]
|-damage|p1a: ARCius|206\/401 psn|[from] psn
|upkeep
|turn|18
|c|☆SSalamence|Rip
|choice|move substitute|switch 5
|
|switch|p2a: Archeops|Archeops, M|291\/291
|move|p1a: ARCius|Substitute|p1a: ARCius
|-start|p1a: ARCius|Substitute
|-damage|p1a: ARCius|106\/401 psn
|-enditem|p1a: ARCius|Sitrus Berry|[eat]
|-heal|p1a: ARCius|206\/401 psn|[from] item: Sitrus Berry
|
|-damage|p1a: ARCius|156\/401 psn|[from] psn
|-item|p1a: ARCius|Sitrus Berry|[from] ability: Harvest
|upkeep
|-enditem|p1a: ARCius|Sitrus Berry|[eat]
|-heal|p1a: ARCius|256\/401 psn|[from] item: Sitrus Berry
|turn|19
|c|☆Ottobots|i thought god loved med ;-;
|c|☆Ottobots|me*
|c| my name is P S Y|y
|c|☆Ottobots|and meds
|c|☆Ottobots|because veggietales told me when I was 5
|c| my name is P S Y|rip
|choice|move leechseed|move acrobatics
|
|move|p2a: Archeops|Acrobatics|p1a: ARCius
|-supereffective|p1a: ARCius
|-end|p1a: ARCius|Substitute
|move|p1a: ARCius|Leech Seed|p2a: Archeops|[miss]
|-miss|p1a: ARCius|p2a: Archeops
|
|-damage|p1a: ARCius|206\/401 psn|[from] psn
|-item|p1a: ARCius|Sitrus Berry|[from] ability: Harvest
|upkeep
|turn|20
|c|☆Ottobots|and thats when I knew
|c|☆Ottobots|that I could beat mence
|c|☆Ottobots|jk
|c|☆SSalamence|Rip
|l|pkm_trainer_gary
|choice|move tailwind|move acrobatics
|
|move|p2a: Archeops|Acrobatics|p1a: ARCius
|-supereffective|p1a: ARCius
|-damage|p1a: ARCius|0 fnt
|faint|p1a: ARCius
|
|upkeep
|choice|switch 6|
|
|switch|p1a: ClefairARC|Clefairy, F|344\/344
|turn|21
|choice|move thunderwave|move acrobatics
|
|move|p2a: Archeops|Acrobatics|p1a: ClefairARC
|-damage|p1a: ClefairARC|130\/344
|move|p1a: ClefairARC|Thunder Wave|p2a: Archeops
|-status|p2a: Archeops|par
|
|upkeep
|turn|22
|choice|move softboiled|move acrobatics
|
|move|p1a: ClefairARC|Soft-Boiled|p1a: ClefairARC
|-heal|p1a: ClefairARC|302\/344
|move|p2a: Archeops|Acrobatics|p1a: ClefairARC
|-damage|p1a: ClefairARC|71\/344
|
|upkeep
|turn|23
|c|☆Ottobots|mmmisss
|choice|move softboiled|move acrobatics
|
|move|p1a: ClefairARC|Soft-Boiled|p1a: ClefairARC
|-heal|p1a: ClefairARC|243\/344
|move|p2a: Archeops|Acrobatics|p1a: ClefairARC
|-damage|p1a: ClefairARC|44\/344
|
|upkeep
|turn|24
|c|☆Ottobots|i warned you guys I had a soft-boiled egg addiction
|choice|move softboiled|switch 5
|
|switch|p2a: Seaking|Seaking, F|147\/364
|move|p1a: ClefairARC|Soft-Boiled|p1a: ClefairARC
|-heal|p1a: ClefairARC|216\/344
|
|upkeep
|turn|25
|choice|move softboiled|move poisonjab
|
|move|p2a: Seaking|Poison Jab|p1a: ClefairARC
|-supereffective|p1a: ClefairARC
|-damage|p1a: ClefairARC|48\/344
|-status|p1a: ClefairARC|psn
|move|p1a: ClefairARC|Soft-Boiled|p1a: ClefairARC
|-heal|p1a: ClefairARC|220\/344 psn
|
|upkeep
|turn|26
|choice|move softboiled|move knockoff
|
|move|p2a: Seaking|Knock Off|p1a: ClefairARC
|-resisted|p1a: ClefairARC
|-damage|p1a: ClefairARC|166\/344 psn
|-enditem|p1a: ClefairARC|Eviolite|[from] move: Knock Off|[of] p2a: Seaking
|move|p1a: ClefairARC|Soft-Boiled|p1a: ClefairARC
|-heal|p1a: ClefairARC|338\/344 psn
|
|upkeep
|turn|27
|choice|move moonblast|move poisonjab
|
|move|p2a: Seaking|Poison Jab|p1a: ClefairARC
|-supereffective|p1a: ClefairARC
|-damage|p1a: ClefairARC|90\/344 psn
|move|p1a: ClefairARC|Moonblast|p2a: Seaking
|-damage|p2a: Seaking|84\/364
|
|upkeep
|turn|28
|choice|move moonblast|move poisonjab
|
|move|p2a: Seaking|Poison Jab|p1a: ClefairARC
|-supereffective|p1a: ClefairARC
|-damage|p1a: ClefairARC|0 fnt
|faint|p1a: ClefairARC
|
|upkeep
|choice|switch 5|
|
|switch|p1a: PyroARC|Pyroar, M|313\/313
|-ability|p1a: PyroARC|Unnerve|p2: SSalamence
|turn|29
|c|☆Ottobots|I will now proceed
|c|☆Ottobots|to crit evry flamethrower
|c|☆Ottobots|and dodge every attack
|choice|move flamethrower|move waterfall
|
|move|p1a: PyroARC|Flamethrower|p2a: Seaking
|-resisted|p2a: Seaking
|-damage|p2a: Seaking|2\/364
|move|p2a: Seaking|Waterfall|p1a: PyroARC
|-supereffective|p1a: PyroARC
|-damage|p1a: PyroARC|0 fnt
|faint|p1a: PyroARC
|
|win|SSalamence
|c| aki0s-test|yuzy
|c|☆Ottobots|gg
|l|my name is P S Y
|l|TheGodOfPie
|c|☆SSalamence|GG
|l|Ottobots
|l|aki0s-test
|l|SSalamence
|l|EvoJanus
|l|Gazmo
|j|Destiny's Embrace
|l|Destiny's Embrace
|j|SSalamence</script>
</div>
<div class="battle-log battle-log-inline"><div class="inner"><div class="battle-options"></div><div class="inner"><div class="chat"><small>Ottobots joined.</small></div><div class="chat"><small>SSalamence joined.</small></div><div class=""><small>Format:</small> <br><strong>NU</strong></div><div class=""><small><em>Sleep Clause Mod:</em> Limit one foe put to sleep</small></div><div class=""><small><em>Species Clause:</em> Limit one of each Pokémon</small></div><div class=""><small><em>OHKO Clause:</em> OHKO moves are banned</small></div><div class=""><small><em>Moody Clause:</em> Moody is banned</small></div><div class=""><small><em>Evasion Moves Clause:</em> Evasion moves are banned</small></div><div class=""><small><em>Endless Battle Clause:</em> Forcing endless battles is banned</small></div><div class=""><small><em>HP Percentage Mod:</em> HP is shown in percentages</small></div><div class=""><small><em>Swagger Clause:</em> Swagger is banned</small></div><div class=""><small><em>Baton Pass Clause:</em> Limit one Baton Passer, can't pass Spe and other stats simultaneously</small></div><div class="chat battle-history"><strong>Ottobots's team:</strong> <em style="color:#445566;display:block;">Abomasnow / Pyroar / Tropius / Dedenne / Cradily / Clefairy</em></div><div class="chat battle-history"><strong>SSalamence's team:</strong> <em style="color:#445566;display:block;">Seaking / Piloswine / Claydol / Xatu / Archeops / Vivillon</em></div><div class="chat chatmessage-ottobots"><strong style="color:hsl(190,77%,38.666666666666664%)"><small>☆</small><span class="username" data-name="Ottobots">Ottobots</span>:</strong> <em>gl hf</em></div><div class="chat"><small>aki0s-test joined.</small></div><div class="chat chatmessage-ssalamence"><strong style="color:hsl(342,77%,47.46508957693561%)"><small>☆</small><span class="username" data-name="SSalamence">SSalamence</span>:</strong> <em>You too</em></div><div class="chat"><small>my name is P S Y joined.</small></div><div class="chat"><small>Gazmo joined.</small></div><div class="spacer battle-history"><br></div><div class="battle-history">Battle started between Ottobots and SSalamence!<br></div><div class="spacer battle-history"><br></div><div class="battle-history">Go! ARCdily (<strong>Cradily</strong>)!<br></div><div class="spacer battle-history"><br></div><div class="battle-history">SSalamence sent out <strong>Piloswine</strong>!<br></div><div class="spacer battle-history"><br></div><h2 class="battle-history">Turn 1</h2><div class="chat chatmessage-gazmo"><strong style="color:hsl(329,47%,46%)"><small> </small><span class="username" data-name="Gazmo">Gazmo</span>:</strong> <em>Go Smence</em></div><div class="chat"><small>Magick joined.</small></div><div class="chat chatmessage-ottobots"><strong style="color:hsl(190,77%,38.666666666666664%)"><small>☆</small><span class="username" data-name="Ottobots">Ottobots</span>:</strong> <em>wow ur cool</em></div><div class="chat chatmessage-aki0stest"><strong style="color:hsl(220,63%,53.447196648657254%)"><small> </small><span class="username" data-name="aki0s-test">aki0s-test</span>:</strong> <em>mence &lt;3</em></div><div class="spacer battle-history"><br></div><div class="battle-history">SSalamence withdrew Piloswine!<br></div><div class="battle-history">SSalamence sent out <strong>Xatu</strong>!<br></div><div class="spacer battle-history"><br></div><div class="battle-history">ARCdily used <strong>Giga Drain</strong>!<br></div><div class="battle-history"><small>It's not very effective...</small><br></div><div class="battle-history"><small>A critical hit!</small><br></div><div class="battle-history"><small>(The opposing Xatu lost <abbr title="−73/334">21.9%</abbr> of its health!)</small><br></div><div class="spacer battle-history"><br></div><h2 class="battle-history">Turn 2</h2><div class="chat chatmessage-mynameispsy"><strong style="color:hsl(197,79%,45.55627986110091%)"><small> </small><span class="username" data-name="my name is P S Y">my name is P S Y</span>:</strong> <em><a href="https://www.youtube.com/watch?v=ywp22_LfgTQ" rel="noopener" target="_blank">https://www.youtube.com/watch?v=ywp22_LfgTQ</a></em></div><div class="chat chatmessage-mynameispsy"><strong style="color:hsl(197,79%,45.55627986110091%)"><small> </small><span class="username" data-name="my name is P S Y">my name is P S Y</span>:</strong> <em>go Mencie</em></div><div class="chat"><small>pkm_trainer_gary joined.</small></div><div class="chat"><small>EvoJanus joined.</small></div><div class="chat chatmessage-ottobots"><strong style="color:hsl(190,77%,38.666666666666664%)"><small>☆</small><span class="username" data-name="Ottobots">Ottobots</span>:</strong> <em>i need support ;-;</em></div><div class="chat chatmessage-ottobots"><strong style="color:hsl(190,77%,38.666666666666664%)"><small>☆</small><span class="username" data-name="Ottobots">Ottobots</span>:</strong> <em>I need validation ;-;</em></div><div class="chat chatmessage-pkmtrainergary"><strong style="color:hsl(43,89%,32%)"><small> </small><span class="username" data-name="pkm_trainer_gary">pkm_trainer_gary</span>:</strong> <em>Ottobots roll out</em></div><div class="spacer battle-history"><br></div><div class="battle-history">The opposing Xatu used <strong>Thunder Wave</strong>!<br></div><div class="battle-history"><small>ARCdily is paralyzed! It may be unable to move!</small><br></div><div class="spacer battle-history"><br></div><div class="battle-history">ARCdily used <strong>Rock Slide</strong>!<br></div><div class="battle-history"><small>It's super effective!</small><br></div><div class="battle-history"><small>(The opposing Xatu lost <abbr title="−150/334">44.9%</abbr> of its health!)</small><br></div><div class="spacer battle-history"><br></div><h2 class="battle-history">Turn 3</h2><div class="chat chatmessage-ottobots"><strong style="color:hsl(190,77%,38.666666666666664%)"><small>☆</small><span class="username" data-name="Ottobots">Ottobots</span>:</strong> <em>not from gary ;-;</em></div><div class="chat chatmessage-pkmtrainergary"><strong style="color:hsl(43,89%,32%)"><small> </small><span class="username" data-name="pkm_trainer_gary">pkm_trainer_gary</span>:</strong> <em>Fine</em></div><div class="chat chatmessage-ottobots"><strong style="color:hsl(190,77%,38.666666666666664%)"><small>☆</small><span class="username" data-name="Ottobots">Ottobots</span>:</strong> <em>jk ily</em></div><div class="spacer battle-history"><br></div><div class="battle-history">The opposing Xatu used <strong>Roost</strong>!<br></div><div class="battle-history"><small>The opposing Xatu restored its HP.</small><br></div><div class="spacer battle-history"><br></div><div class="battle-history">ARCdily is paralyzed! It can't move!<br></div><div class="spacer battle-history"><br></div><h2 class="battle-history">Turn 4</h2><div class="spacer battle-history"><br></div><div class="battle-history">The opposing Xatu used <strong>Psychic</strong>!<br></div><div class="battle-history"><small>(ARCdily lost <abbr title="−70/376">18.6%</abbr> of its health!)</small><br></div><div class="spacer battle-history"><br></div><div class="battle-history">ARCdily used <strong>Rock Slide</strong>!<br></div><div class="battle-history"><small>It's super effective!</small><br></div><div class="battle-history"><small>(The opposing Xatu lost <abbr title="−152/334">45.5%</abbr> of its health!)</small><br></div><div class="spacer battle-history"><br></div><div class="battle-history"><small>ARCdily restored a little HP using its Leftovers!</small><br></div><div class="spacer battle-history"><br></div><h2 class="battle-history">Turn 5</h2><div class="chat chatmessage-mynameispsy"><strong style="color:hsl(197,79%,45.55627986110091%)"><small> </small><span class="username" data-name="my name is P S Y">my name is P S Y</span>:</strong> <em>nobody likes gary</em></div><div class="chat chatmessage-pkmtrainergary"><strong style="color:hsl(43,89%,32%)"><small> </small><span class="username" data-name="pkm_trainer_gary">pkm_trainer_gary</span>:</strong> <em>'~'</em></div><div class="chat chatmessage-ottobots"><strong style="color:hsl(190,77%,38.666666666666664%)"><small>☆</small><span class="username" data-name="Ottobots">Ottobots</span>:</strong> <em>wait for the flinch</em></div><div class="spacer battle-history"><br></div><div class="battle-history">ARCdily, come back!<br></div><div class="battle-history">Go! ARCbomasnow (<strong>Abomasnow</strong>)!<br></div><div class="battle-history"><small>[ARCbomasnow's Snow Warning]</small><br><small>It started to hail!</small><br></div><div class="spacer battle-history"><br></div><div class="battle-history">The opposing Xatu used <strong>Roost</strong>!<br></div><div class="battle-history"><small>The opposing Xatu restored its HP.</small><br></div><div class="spacer battle-history"><br></div><div class="battle-history"><small>The hail is crashing down.</small><br></div><div class="battle-history"><small>The opposing Xatu is buffeted by the hail!</small><br></div><div class="spacer battle-history"><br></div><h2 class="battle-history">Turn 6</h2><div class="chat chatmessage-pkmtrainergary"><strong style="color:hsl(43,89%,32%)"><small> </small><span class="username" data-name="pkm_trainer_gary">pkm_trainer_gary</span>:</strong> <em>no cuz I'm beating all you newbies</em></div><div class="chat chatmessage-pkmtrainergary"><strong style="color:hsl(43,89%,32%)"><small> </small><span class="username" data-name="pkm_trainer_gary">pkm_trainer_gary</span>:</strong> <em>hahaha!</em></div><div class="spacer battle-history"><br></div><div class="battle-history">The opposing Xatu used <strong>Heat Wave</strong>!<br></div><div class="battle-history"><small>It's super effective!</small><br></div><div class="battle-history"><small>(ARCbomasnow lost <abbr title="−321/321">100%</abbr> of its health!)</small><br></div><div class="spacer battle-history"><br></div><div class="battle-history">ARCbomasnow fainted!<br></div><div class="spacer battle-history"><br></div><div class="battle-history"><small>The hail is crashing down.</small><br></div><div class="battle-history"><small>The opposing Xatu is buffeted by the hail!</small><br></div><div class="spacer battle-history"><br></div><div class="battle-history">Go! ARCdenne (<strong>Dedenne</strong>)!<br></div><div class="spacer battle-history"><br></div><h2 class="battle-history">Turn 7</h2><div class="spacer battle-history"><br></div><div class="battle-history">SSalamence withdrew Xatu!<br></div><div class="battle-history">SSalamence sent out <strong>Seaking</strong>!<br></div><div class="spacer battle-history"><br></div><div class="battle-history">ARCdenne used <strong>Substitute</strong>!<br></div><div class="battle-history"><small>ARCdenne put in a substitute!</small><br></div><div class="battle-history"><small>(ARCdenne lost <abbr title="−69/276">25%</abbr> of its health!)</small><br></div><div class="spacer battle-history"><br></div><div class="battle-history"><small>The hail is crashing down.</small><br></div><div class="battle-history"><small>ARCdenne is buffeted by the hail!</small><br></div><div class="battle-history"><small>The opposing Seaking is buffeted by the hail!</small><br></div><div class="spacer battle-history"><br></div><h2 class="battle-history">Turn 8</h2><div class="chat chatmessage-pkmtrainergary"><strong style="color:hsl(43,89%,32%)"><small> </small><span class="username" data-name="pkm_trainer_gary">pkm_trainer_gary</span>:</strong> <em>Rest in pieces</em></div><div class="chat chatmessage-evojanus"><strong style="color:hsl(133,65%,30%)"><small> </small><span class="username" data-name="EvoJanus">EvoJanus</span>:</strong> <em>I'm loving these names</em></div><div class="chat chatmessage-ottobots"><strong style="color:hsl(190,77%,38.666666666666664%)"><small>☆</small><span class="username" data-name="Ottobots">Ottobots</span>:</strong> <em>this will be a fun time</em></div><div class="spacer battle-history"><br></div><div class="battle-history">ARCdenne used <strong>Hidden Power</strong>!<br></div><div class="battle-history"><small>It's not very effective...</small><br></div><div class="battle-history"><small>(The opposing Seaking lost <abbr title="−22/364">6.0%</abbr> of its health!)</small><br></div><div class="spacer battle-history"><br></div><div class="battle-history">The opposing Seaking used <strong>Poison Jab</strong>!<br></div><div class="battle-history"><small>It's super effective!</small><br></div><div class="battle-history"><small>ARCdenne's substitute faded!</small><br></div><div class="spacer battle-history"><br></div><div class="battle-history"><small>The hail is crashing down.</small><br></div><div class="battle-history"><small>ARCdenne is buffeted by the hail!</small><br></div><div class="battle-history"><small>The opposing Seaking is buffeted by the hail!</small><br></div><div class="spacer battle-history"><br></div><h2 class="battle-history">Turn 9</h2><div class="spacer battle-history"><br></div><div class="battle-history">ARCdenne, come back!<br></div><div class="battle-history">Go! ARCdily (<strong>Cradily</strong>)!<br></div><div class="spacer battle-history"><br></div><div class="battle-history">The opposing Seaking used <strong>Poison Jab</strong>!<br></div><div class="battle-history"><small>(ARCdily lost <abbr title="−80/376">21.3%</abbr> of its health!)</small><br></div><div class="spacer battle-history"><br></div><div class="battle-history"><small>The hail stopped.</small><br></div><div class="battle-history"><small>ARCdily restored a little HP using its Leftovers!</small><br></div><div class="spacer battle-history"><br></div><h2 class="battle-history">Turn 10</h2><div class="spacer battle-history"><br></div><div class="battle-history">The opposing Seaking used <strong>Knock Off</strong>!<br></div><div class="battle-history"><small>(ARCdily lost <abbr title="−104/376">27.7%</abbr> of its health!)</small><br></div><div class="battle-history"><small>The opposing Seaking knocked off ARCdily's Leftovers!</small><br></div><div class="spacer battle-history"><br></div><div class="battle-history">ARCdily used <strong>Rock Slide</strong>!<br></div><div class="battle-history"><small>(The opposing Seaking lost <abbr title="−106/364">29.1%</abbr> of its health!)</small><br></div><div class="spacer battle-history"><br></div><h2 class="battle-history">Turn 11</h2><div class="chat"><small>TheGodOfPie joined.</small></div><div class="chat chatmessage-ottobots"><strong style="color:hsl(190,77%,38.666666666666664%)"><small>☆</small><span class="username" data-name="Ottobots">Ottobots</span>:</strong> <em>oh no the timer fell</em></div><div class="spacer battle-history"><br></div><div class="battle-history">SSalamence withdrew Seaking!<br></div><div class="battle-history">SSalamence sent out <strong>Piloswine</strong>!<br></div><div class="spacer battle-history"><br></div><div class="battle-history">ARCdily used <strong>Giga Drain</strong>!<br></div><div class="battle-history"><small>It's super effective!</small><br></div><div class="battle-history"><small>(The opposing Piloswine lost <abbr title="−158/396">39.9%</abbr> of its health!)</small><br></div><div class="battle-history"><small>The opposing Piloswine had its energy drained!</small><br></div><div class="spacer battle-history"><br></div><h2 class="battle-history">Turn 12</h2><div class="spacer battle-history"><br></div><div class="battle-history">The opposing Piloswine used <strong>Icicle Crash</strong>!<br></div><div class="battle-history"><small>It's super effective!</small><br></div><div class="battle-history"><small>(ARCdily lost <abbr title="−247/376">65.7%</abbr> of its health!)</small><br></div><div class="spacer battle-history"><br></div><div class="battle-history">ARCdily fainted!<br></div><div class="chat chatmessage-pkmtrainergary"><strong style="color:hsl(43,89%,32%)"><small> </small><span class="username" data-name="pkm_trainer_gary">pkm_trainer_gary</span>:</strong> <em>-_- Frisk strikes again</em></div><div class="spacer battle-history"><br></div><div class="battle-history">Go! PyroARC (<strong>Pyroar</strong>)!<br></div><div class="battle-history"><small>[PyroARC's Unnerve]</small><br><small>The opposing team is too nervous to eat Berries!</small><br></div><div class="spacer battle-history"><br></div><h2 class="battle-history">Turn 13</h2><div class="spacer battle-history"><br></div><div class="battle-history">PyroARC used <strong>Fire Blast</strong>!<br></div><div class="battle-history"><small>It's super effective!</small><br></div><div class="battle-history"><small>(The opposing Piloswine lost <abbr title="−238/396">60.1%</abbr> of its health!)</small><br></div><div class="spacer battle-history"><br></div><div class="battle-history">The opposing Piloswine fainted!<br></div><div class="chat chatmessage-gazmo"><strong style="color:hsl(329,47%,46%)"><small> </small><span class="username" data-name="Gazmo">Gazmo</span>:</strong> <em>no one can beat Mence</em></div><div class="spacer battle-history"><br></div><div class="battle-history">SSalamence sent out <strong>Seaking</strong>!<br></div><div class="spacer battle-history"><br></div><h2 class="battle-history">Turn 14</h2><div class="chat chatmessage-thegodofpie"><strong style="color:hsl(268,53%,57.104348005511405%)"><small> </small><span class="username" data-name="TheGodOfPie">TheGodOfPie</span>:</strong> <em><s>literally beat him a week ago</s></em></div><div class="chat chatmessage-ssalamence"><strong style="color:hsl(342,77%,47.46508957693561%)"><small>☆</small><span class="username" data-name="SSalamence">SSalamence</span>:</strong> <em>No</em></div><div class="chat chatmessage-thegodofpie"><strong style="color:hsl(268,53%,57.104348005511405%)"><small> </small><span class="username" data-name="TheGodOfPie">TheGodOfPie</span>:</strong> <em>twice</em></div><div class="chat chatmessage-ssalamence"><strong style="color:hsl(342,77%,47.46508957693561%)"><small>☆</small><span class="username" data-name="SSalamence">SSalamence</span>:</strong> <em>No</em></div><div class="chat chatmessage-thegodofpie"><strong style="color:hsl(268,53%,57.104348005511405%)"><small> </small><span class="username" data-name="TheGodOfPie">TheGodOfPie</span>:</strong> <em>eksdee</em></div><div class="spacer battle-history"><br></div><div class="battle-history">PyroARC, come back!<br></div><div class="battle-history">Go! ARCdenne (<strong>Dedenne</strong>)!<br></div><div class="spacer battle-history"><br></div><div class="battle-history">The opposing Seaking used <strong>Knock Off</strong>!<br></div><div class="battle-history"><small>It's not very effective...</small><br></div><div class="battle-history"><small>(ARCdenne lost <abbr title="−81/276">29.3%</abbr> of its health!)</small><br></div><div class="battle-history"><small>The opposing Seaking knocked off ARCdenne's Petaya Berry!</small><br></div><div class="spacer battle-history"><br></div><h2 class="battle-history">Turn 15</h2><div class="chat chatmessage-gazmo"><strong style="color:hsl(329,47%,46%)"><small> </small><span class="username" data-name="Gazmo">Gazmo</span>:</strong> <em>LIES</em></div><div class="chat chatmessage-ottobots"><strong style="color:hsl(190,77%,38.666666666666664%)"><small>☆</small><span class="username" data-name="Ottobots">Ottobots</span>:</strong> <em>rude</em></div><div class="spacer battle-history"><br></div><div class="battle-history">ARCdenne used <strong>Substitute</strong>!<br></div><div class="battle-history"><small>ARCdenne put in a substitute!</small><br></div><div class="battle-history"><small>(ARCdenne lost <abbr title="−69/276">25%</abbr> of its health!)</small><br></div><div class="spacer battle-history"><br></div><div class="battle-history">The opposing Seaking used <strong>Poison Jab</strong>!<br></div><div class="battle-history"><small>It's super effective!</small><br></div><div class="battle-history"><small>ARCdenne's substitute faded!</small><br></div><div class="spacer battle-history"><br></div><h2 class="battle-history">Turn 16</h2><div class="chat chatmessage-ottobots"><strong style="color:hsl(190,77%,38.666666666666664%)"><small>☆</small><span class="username" data-name="Ottobots">Ottobots</span>:</strong> <em>pls big berro</em></div><div class="chat chatmessage-gazmo"><strong style="color:hsl(329,47%,46%)"><small> </small><span class="username" data-name="Gazmo">Gazmo</span>:</strong> <em>you mean r00d</em></div><div class="spacer battle-history"><br></div><div class="battle-history">ARCdenne used <strong>Recycle</strong>!<br></div><div class="battle-history"><small>But it failed!</small><br></div><div class="spacer battle-history"><br></div><div class="battle-history">The opposing Seaking used <strong>Poison Jab</strong>!<br></div><div class="battle-history"><small>It's super effective!</small><br></div><div class="battle-history"><small>(ARCdenne lost <abbr title="−23/276">8.3%</abbr> of its health!)</small><br></div><div class="spacer battle-history"><br></div><div class="battle-history">ARCdenne fainted!<br></div><div class="chat chatmessage-ottobots"><strong style="color:hsl(190,77%,38.666666666666664%)"><small>☆</small><span class="username" data-name="Ottobots">Ottobots</span>:</strong> <em>darno</em></div><div class="spacer battle-history"><br></div><div class="battle-history">Go! ARCius (<strong>Tropius</strong>)!<br></div><div class="spacer battle-history"><br></div><h2 class="battle-history">Turn 17</h2><div class="spacer battle-history"><br></div><div class="battle-history">ARCius used <strong>Leech Seed</strong>!<br></div><div class="battle-history"><small>The opposing Seaking was seeded!</small><br></div><div class="spacer battle-history"><br></div><div class="battle-history">The opposing Seaking used <strong>Poison Jab</strong>!<br></div><div class="battle-history"><small>It's super effective!</small><br></div><div class="battle-history"><small>(ARCius lost <abbr title="−190/401">47.4%</abbr> of its health!)</small><br></div><div class="battle-history"><small>ARCius was poisoned!</small><br></div><div class="spacer battle-history"><br></div><div class="battle-history"><small>The opposing Seaking's health is sapped by Leech Seed!</small><br></div><div class="battle-history"><small>ARCius was hurt by poison!</small><br></div><div class="spacer battle-history"><br></div><h2 class="battle-history">Turn 18</h2><div class="chat chatmessage-ssalamence"><strong style="color:hsl(342,77%,47.46508957693561%)"><small>☆</small><span class="username" data-name="SSalamence">SSalamence</span>:</strong> <em>Rip</em></div><div class="spacer battle-history"><br></div><div class="battle-history">SSalamence withdrew Seaking!<br></div><div class="battle-history">SSalamence sent out <strong>Archeops</strong>!<br></div><div class="spacer battle-history"><br></div><div class="battle-history">ARCius used <strong>Substitute</strong>!<br></div><div class="battle-history"><small>ARCius put in a substitute!</small><br></div><div class="battle-history"><small>(ARCius lost <abbr title="−100/401">24.9%</abbr> of its health!)</small><br></div><div class="battle-history"><small>ARCius ate its Sitrus Berry!</small><br></div><div class="battle-history"><small>ARCius restored HP using its Sitrus Berry!</small><br></div><div class="spacer battle-history"><br></div><div class="battle-history"><small>ARCius was hurt by poison!</small><br></div><div class="battle-history"><small>[ARCius's Harvest]</small><br><small>ARCius harvested one Sitrus Berry!</small><br></div><div class="spacer battle-history"><br></div><div class="battle-history"><small>ARCius ate its Sitrus Berry!</small><br></div><div class="battle-history"><small>ARCius restored HP using its Sitrus Berry!</small><br></div><div class="spacer battle-history"><br></div><h2 class="battle-history">Turn 19</h2><div class="chat chatmessage-ottobots"><strong style="color:hsl(190,77%,38.666666666666664%)"><small>☆</small><span class="username" data-name="Ottobots">Ottobots</span>:</strong> <em>i thought god loved med ;-;</em></div><div class="chat chatmessage-ottobots"><strong style="color:hsl(190,77%,38.666666666666664%)"><small>☆</small><span class="username" data-name="Ottobots">Ottobots</span>:</strong> <em>me*</em></div><div class="chat chatmessage-mynameispsy"><strong style="color:hsl(197,79%,45.55627986110091%)"><small> </small><span class="username" data-name="my name is P S Y">my name is P S Y</span>:</strong> <em>y</em></div><div class="chat chatmessage-ottobots"><strong style="color:hsl(190,77%,38.666666666666664%)"><small>☆</small><span class="username" data-name="Ottobots">Ottobots</span>:</strong> <em>and meds</em></div><div class="chat chatmessage-ottobots"><strong style="color:hsl(190,77%,38.666666666666664%)"><small>☆</small><span class="username" data-name="Ottobots">Ottobots</span>:</strong> <em>because veggietales told me when I was 5</em></div><div class="chat chatmessage-mynameispsy"><strong style="color:hsl(197,79%,45.55627986110091%)"><small> </small><span class="username" data-name="my name is P S Y">my name is P S Y</span>:</strong> <em>rip</em></div><div class="spacer battle-history"><br></div><div class="battle-history">The opposing Archeops used <strong>Acrobatics</strong>!<br></div><div class="battle-history"><small>It's super effective!</small><br></div><div class="battle-history"><small>ARCius's substitute faded!</small><br></div><div class="spacer battle-history"><br></div><div class="battle-history">ARCius used <strong>Leech Seed</strong>!<br></div><div class="battle-history"><small>The opposing Archeops avoided the attack!</small><br></div><div class="spacer battle-history"><br></div><div class="battle-history"><small>ARCius was hurt by poison!</small><br></div><div class="battle-history"><small>[ARCius's Harvest]</small><br><small>ARCius harvested one Sitrus Berry!</small><br></div><div class="spacer battle-history"><br></div><h2 class="battle-history">Turn 20</h2><div class="chat chatmessage-ottobots"><strong style="color:hsl(190,77%,38.666666666666664%)"><small>☆</small><span class="username" data-name="Ottobots">Ottobots</span>:</strong> <em>and thats when I knew</em></div><div class="chat chatmessage-ottobots"><strong style="color:hsl(190,77%,38.666666666666664%)"><small>☆</small><span class="username" data-name="Ottobots">Ottobots</span>:</strong> <em>that I could beat mence</em></div><div class="chat chatmessage-ottobots"><strong style="color:hsl(190,77%,38.666666666666664%)"><small>☆</small><span class="username" data-name="Ottobots">Ottobots</span>:</strong> <em>jk</em></div><div class="chat chatmessage-ssalamence"><strong style="color:hsl(342,77%,47.46508957693561%)"><small>☆</small><span class="username" data-name="SSalamence">SSalamence</span>:</strong> <em>Rip</em></div><div class="chat"><small>pkm_trainer_gary left.</small></div><div class="spacer battle-history"><br></div><div class="battle-history">The opposing Archeops used <strong>Acrobatics</strong>!<br></div><div class="battle-history"><small>It's super effective!</small><br></div><div class="battle-history"><small>(ARCius lost <abbr title="−206/401">51.4%</abbr> of its health!)</small><br></div><div class="spacer battle-history"><br></div><div class="battle-history">ARCius fainted!<br></div><div class="spacer battle-history"><br></div><div class="battle-history">Go! ClefairARC (<strong>Clefairy</strong>)!<br></div><div class="spacer battle-history"><br></div><h2 class="battle-history">Turn 21</h2><div class="spacer battle-history"><br></div><div class="battle-history">The opposing Archeops used <strong>Acrobatics</strong>!<br></div><div class="battle-history"><small>(ClefairARC lost <abbr title="−214/344">62.2%</abbr> of its health!)</small><br></div><div class="spacer battle-history"><br></div><div class="battle-history">ClefairARC used <strong>Thunder Wave</strong>!<br></div><div class="battle-history"><small>The opposing Archeops is paralyzed! It may be unable to move!</small><br></div><div class="spacer battle-history"><br></div><h2 class="battle-history">Turn 22</h2><div class="spacer battle-history"><br></div><div class="battle-history">ClefairARC used <strong>Soft-Boiled</strong>!<br></div><div class="battle-history"><small>ClefairARC restored its HP.</small><br></div><div class="spacer battle-history"><br></div><div class="battle-history">The opposing Archeops used <strong>Acrobatics</strong>!<br></div><div class="battle-history"><small>(ClefairARC lost <abbr title="−231/344">67.2%</abbr> of its health!)</small><br></div><div class="spacer battle-history"><br></div><h2 class="battle-history">Turn 23</h2><div class="chat chatmessage-ottobots"><strong style="color:hsl(190,77%,38.666666666666664%)"><small>☆</small><span class="username" data-name="Ottobots">Ottobots</span>:</strong> <em>mmmisss</em></div><div class="spacer battle-history"><br></div><div class="battle-history">ClefairARC used <strong>Soft-Boiled</strong>!<br></div><div class="battle-history"><small>ClefairARC restored its HP.</small><br></div><div class="spacer battle-history"><br></div><div class="battle-history">The opposing Archeops used <strong>Acrobatics</strong>!<br></div><div class="battle-history"><small>(ClefairARC lost <abbr title="−199/344">57.8%</abbr> of its health!)</small><br></div><div class="spacer battle-history"><br></div><h2 class="battle-history">Turn 24</h2><div class="chat chatmessage-ottobots"><strong style="color:hsl(190,77%,38.666666666666664%)"><small>☆</small><span class="username" data-name="Ottobots">Ottobots</span>:</strong> <em>i warned you guys I had a soft-boiled egg addiction</em></div><div class="spacer battle-history"><br></div><div class="battle-history">SSalamence withdrew Archeops!<br></div><div class="battle-history">SSalamence sent out <strong>Seaking</strong>!<br></div><div class="spacer battle-history"><br></div><div class="battle-history">ClefairARC used <strong>Soft-Boiled</strong>!<br></div><div class="battle-history"><small>ClefairARC restored its HP.</small><br></div><div class="spacer battle-history"><br></div><h2 class="battle-history">Turn 25</h2><div class="spacer battle-history"><br></div><div class="battle-history">The opposing Seaking used <strong>Poison Jab</strong>!<br></div><div class="battle-history"><small>It's super effective!</small><br></div><div class="battle-history"><small>(ClefairARC lost <abbr title="−168/344">48.8%</abbr> of its health!)</small><br></div><div class="battle-history"><small>ClefairARC was poisoned!</small><br></div><div class="spacer battle-history"><br></div><div class="battle-history">ClefairARC used <strong>Soft-Boiled</strong>!<br></div><div class="battle-history"><small>ClefairARC restored its HP.</small><br></div><div class="spacer battle-history"><br></div><h2 class="battle-history">Turn 26</h2><div class="spacer battle-history"><br></div><div class="battle-history">The opposing Seaking used <strong>Knock Off</strong>!<br></div><div class="battle-history"><small>It's not very effective...</small><br></div><div class="battle-history"><small>(ClefairARC lost <abbr title="−54/344">15.7%</abbr> of its health!)</small><br></div><div class="battle-history"><small>The opposing Seaking knocked off ClefairARC's Eviolite!</small><br></div><div class="spacer battle-history"><br></div><div class="battle-history">ClefairARC used <strong>Soft-Boiled</strong>!<br></div><div class="battle-history"><small>ClefairARC restored its HP.</small><br></div><div class="spacer battle-history"><br></div><h2 class="battle-history">Turn 27</h2><div class="spacer battle-history"><br></div><div class="battle-history">The opposing Seaking used <strong>Poison Jab</strong>!<br></div><div class="battle-history"><small>It's super effective!</small><br></div><div class="battle-history"><small>(ClefairARC lost <abbr title="−248/344">72.1%</abbr> of its health!)</small><br></div><div class="spacer battle-history"><br></div><div class="battle-history">ClefairARC used <strong>Moonblast</strong>!<br></div><div class="battle-history"><small>(The opposing Seaking lost <abbr title="−63/364">17.3%</abbr> of its health!)</small><br></div><div class="spacer battle-history"><br></div><h2 class="battle-history">Turn 28</h2><div class="spacer battle-history"><br></div><div class="battle-history">The opposing Seaking used <strong>Poison Jab</strong>!<br></div><div class="battle-history"><small>It's super effective!</small><br></div><div class="battle-history"><small>(ClefairARC lost <abbr title="−90/344">26.2%</abbr> of its health!)</small><br></div><div class="spacer battle-history"><br></div><div class="battle-history">ClefairARC fainted!<br></div><div class="spacer battle-history"><br></div><div class="battle-history">Go! PyroARC (<strong>Pyroar</strong>)!<br></div><div class="battle-history"><small>[PyroARC's Unnerve]</small><br><small>The opposing team is too nervous to eat Berries!</small><br></div><div class="spacer battle-history"><br></div><h2 class="battle-history">Turn 29</h2><div class="chat chatmessage-ottobots"><strong style="color:hsl(190,77%,38.666666666666664%)"><small>☆</small><span class="username" data-name="Ottobots">Ottobots</span>:</strong> <em>I will now proceed</em></div><div class="chat chatmessage-ottobots"><strong style="color:hsl(190,77%,38.666666666666664%)"><small>☆</small><span class="username" data-name="Ottobots">Ottobots</span>:</strong> <em>to crit evry flamethrower</em></div><div class="chat chatmessage-ottobots"><strong style="color:hsl(190,77%,38.666666666666664%)"><small>☆</small><span class="username" data-name="Ottobots">Ottobots</span>:</strong> <em>and dodge every attack</em></div><div class="spacer battle-history"><br></div><div class="battle-history">PyroARC used <strong>Flamethrower</strong>!<br></div><div class="battle-history"><small>It's not very effective...</small><br></div><div class="battle-history"><small>(The opposing Seaking lost <abbr title="−82/364">22.5%</abbr> of its health!)</small><br></div><div class="spacer battle-history"><br></div><div class="battle-history">The opposing Seaking used <strong>Waterfall</strong>!<br></div><div class="battle-history"><small>It's super effective!</small><br></div><div class="battle-history"><small>(PyroARC lost <abbr title="−313/313">100%</abbr> of its health!)</small><br></div><div class="spacer battle-history"><br></div><div class="battle-history">PyroARC fainted!<br></div><div class="spacer battle-history"><br></div><div class="battle-history"><strong>SSalamence</strong> won the battle!<br></div><div class="chat chatmessage-aki0stest"><strong style="color:hsl(220,63%,53.447196648657254%)"><small> </small><span class="username" data-name="aki0s-test">aki0s-test</span>:</strong> <em>yuzy</em></div><div class="chat chatmessage-ottobots"><strong style="color:hsl(190,77%,38.666666666666664%)"><small>☆</small><span class="username" data-name="Ottobots">Ottobots</span>:</strong> <em>gg</em></div><div class="chat"><small>my name is P S Y left.</small></div><div class="chat"><small>TheGodOfPie left.</small></div><div class="chat chatmessage-ssalamence"><strong style="color:hsl(342,77%,47.46508957693561%)"><small>☆</small><span class="username" data-name="SSalamence">SSalamence</span>:</strong> <em>GG</em></div><div class="chat"><small>Ottobots left.</small></div><div class="chat"><small>aki0s-test left.</small></div><div class="chat"><small>SSalamence left.</small></div><div class="chat"><small>EvoJanus left.</small></div><div class="chat"><small>Gazmo left.</small></div><div class="chat"><small>Destiny's Embrace joined.</small></div><div class="chat"><small>Destiny's Embrace left.</small></div><div class="chat"><small>SSalamence joined.</small></div></div><div class="inner-preempt"></div></div></div>
</div>
<script>
let daily = Math.floor(Date.now()/1000/60/60/24);document.write('<script src="https://play.pokemonshowdown.com/js/replay-embed.js?version'+daily+'"></'+'script>');
</script>
