<!DOCTYPE html>
<meta charset="utf-8" />
<!-- version 1 -->
<title>NU replay: THENUGODS vs. Arnik</title>
<style>
html,body {font-family:Verdana, sans-serif;font-size:10pt;margin:0;padding:0;}body{padding:12px 0;} .battle-log {font-family:Verdana, sans-serif;font-size:10pt;} .battle-log-inline {border:1px solid #AAAAAA;background:#EEF2F5;color:black;max-width:640px;margin:0 auto 80px;padding-bottom:5px;} .battle-log .inner {padding:4px 8px 0px 8px;} .battle-log .inner-preempt {padding:0 8px 4px 8px;} .battle-log .inner-after {margin-top:0.5em;} .battle-log h2 {margin:0.5em -8px;padding:4px 8px;border:1px solid #AAAAAA;background:#E0E7EA;border-left:0;border-right:0;font-family:Verdana, sans-serif;font-size:13pt;} .battle-log .chat {vertical-align:middle;padding:3px 0 3px 0;font-size:8pt;} .battle-log .chat strong {color:#40576A;} .battle-log .chat em {padding:1px 4px 1px 3px;color:#000000;font-style:normal;} .chat.mine {background:rgba(0,0,0,0.05);margin-left:-8px;margin-right:-8px;padding-left:8px;padding-right:8px;} .spoiler {color:#BBBBBB;background:#BBBBBB;padding:0px 3px;} .spoiler:hover, .spoiler:active, .spoiler-shown {color:#000000;background:#E2E2E2;padding:0px 3px;} .spoiler a {color:#BBBBBB;} .spoiler:hover a, .spoiler:active a, .spoiler-shown a {color:#2288CC;} .chat code, .chat .spoiler:hover code, .chat .spoiler:active code, .chat .spoiler-shown code {border:1px solid #C0C0C0;background:#EEEEEE;color:black;padding:0 2px;} .chat .spoiler code {border:1px solid #CCCCCC;background:#CCCCCC;color:#CCCCCC;} .battle-log .rated {padding:3px 4px;} .battle-log .rated strong {color:white;background:#89A;padding:1px 4px;border-radius:4px;} .spacer {margin-top:0.5em;} .message-announce {background:#6688AA;color:white;padding:1px 4px 2px;} .message-announce a, .broadcast-green a, .broadcast-blue a, .broadcast-red a {color:#DDEEFF;} .broadcast-green {background-color:#559955;color:white;padding:2px 4px;} .broadcast-blue {background-color:#6688AA;color:white;padding:2px 4px;} .infobox {border:1px solid #6688AA;padding:2px 4px;} .infobox-limited {max-height:200px;overflow:auto;overflow-x:hidden;} .broadcast-red {background-color:#AA5544;color:white;padding:2px 4px;} .message-learn-canlearn {font-weight:bold;color:#228822;text-decoration:underline;} .message-learn-cannotlearn {font-weight:bold;color:#CC2222;text-decoration:underline;} .message-effect-weak {font-weight:bold;color:#CC2222;} .message-effect-resist {font-weight:bold;color:#6688AA;} .message-effect-immune {font-weight:bold;color:#666666;} .message-learn-list {margin-top:0;margin-bottom:0;} .message-throttle-notice, .message-error {color:#992222;} .message-overflow, .chat small.message-overflow {font-size:0pt;} .message-overflow::before {font-size:9pt;content:'...';} .subtle {color:#3A4A66;}
</style>
<div class="wrapper replay-wrapper" style="max-width:1180px;margin:0 auto">
<input type="hidden" name="replayid" value="nu-574000926" />
<div class="battle"></div><div class="battle-log"></div><div class="replay-controls"></div><div class="replay-controls-2"></div>
<h1 style="font-weight:normal;text-align:center"><strong>NU</strong><br /><a href="http://pokemonshowdown.com/users/thenugods" class="subtle" target="_blank">THENUGODS</a> vs. <a href="http://pokemonshowdown.com/users/arnik" class="subtle" target="_blank">Arnik</a></h1>
<script type="text/plain" class="battle-log-data">|j|THENUGODS
|j|Arnik
|player|p1|THENUGODS|125
|player|p2|Arnik|186
|gametype|singles
|gen|6
|tier|NU
|rated
|seed|29859,27027,21592,32481
|rule|Sleep Clause Mod: Limit one foe put to sleep
|rule|Species Clause: Limit one of each Pokémon
|rule|OHKO Clause: OHKO moves are banned
|rule|Moody Clause: Moody is banned
|rule|Evasion Moves Clause: Evasion moves are banned
|rule|Endless Battle Clause: Forcing endless battles is banned
|rule|HP Percentage Mod: HP is shown in percentages
|clearpoke
|poke|p1|Liepard, F, shiny|item
|poke|p1|Articuno, shiny|item
|poke|p1|Kabutops, F, shiny|item
|poke|p1|Ferroseed, F, shiny|item
|poke|p1|Ludicolo, F, shiny|item
|poke|p1|Golurk, shiny|item
|poke|p2|Leafeon, M, shiny|item
|poke|p2|Skuntank, F|item
|poke|p2|Archeops, M|
|poke|p2|Gastrodon-East, F|item
|poke|p2|Pyroar, M|item
|poke|p2|Audino, F|item
|rule|Swagger Clause: Swagger is banned
|rule|Baton Pass Clause: Limit one Baton Passer, can't pass Spe and other stats simultaneously
|teampreview
|choice|team 6, team 2, team 3, team 4, team 5, team 1|team 1, team 2, team 3, team 4, team 5, team 6
|
|start
|switch|p1a: Golurk|Golurk, shiny|319\/319
|switch|p2a: Jade|Leafeon, M, shiny|271\/271
|turn|1
|choice|switch 2|move leafblade
|
|switch|p1a: Articuno|Articuno, shiny|321\/321
|-ability|p1a: Articuno|Pressure
|move|p2a: Jade|Leaf Blade|p1a: Articuno
|-resisted|p1a: Articuno
|-damage|p1a: Articuno|243\/321
|
|upkeep
|turn|2
|choice|move hurricane|switch 5
|
|switch|p2a: Némélios|Pyroar, M|313\/313
|-ability|p2a: Némélios|Unnerve|p1: THENUGODS
|move|p1a: Articuno|Hurricane|p2a: Némélios|[miss]
|-miss|p1a: Articuno|p2a: Némélios
|
|upkeep
|turn|3
|c|☆THENUGODS|fucking bs
|c|☆THENUGODS|would be dead
|c|☆THENUGODS|i predict right and you get lucky
|choice|switch 3|move fireblast
|
|switch|p1a: Kabutops|Kabutops, F, shiny|261\/261
|move|p2a: Némélios|Fire Blast|p1a: Kabutops
|-resisted|p1a: Kabutops
|-damage|p1a: Kabutops|200\/261
|
|upkeep
|turn|4
|choice|switch 5|move hiddenpower
|
|switch|p1a: Ludicolo|Ludicolo, F, shiny|301\/301
|move|p2a: Némélios|Hidden Power|p1a: Ludicolo
|-damage|p1a: Ludicolo|232\/301
|
|upkeep
|turn|5
|choice|switch 5|move fireblast
|
|switch|p1a: Kabutops|Kabutops, F, shiny|200\/261
|move|p2a: Némélios|Fire Blast|p1a: Kabutops
|-resisted|p1a: Kabutops
|-damage|p1a: Kabutops|134\/261
|
|upkeep
|turn|6
|choice|move aquajet|move hiddenpower
|
|move|p1a: Kabutops|Aqua Jet|p2a: Némélios
|-supereffective|p2a: Némélios
|-damage|p2a: Némélios|79\/313
|-damage|p1a: Kabutops|108\/261|[from] item: Life Orb
|move|p2a: Némélios|Hidden Power|p1a: Kabutops
|-supereffective|p1a: Kabutops
|-damage|p1a: Kabutops|0 fnt
|faint|p1a: Kabutops
|
|upkeep
|c|☆THENUGODS|without hax this would be dead
|c|☆THENUGODS|and it would be gg
|choice|switch 2|
|
|switch|p1a: Golurk|Golurk, shiny|319\/319
|turn|7
|choice|move dynamicpunch|move hiddenpower
|
|move|p2a: Némélios|Hidden Power|p1a: Golurk
|-supereffective|p1a: Golurk
|-damage|p1a: Golurk|139\/319
|move|p1a: Golurk|Dynamic Punch|p2a: Némélios
|-supereffective|p2a: Némélios
|-damage|p2a: Némélios|0 fnt
|faint|p2a: Némélios
|
|upkeep
|choice||switch 3
|
|switch|p2a: Aéroptérix|Archeops, M|291\/291
|turn|8
|choice|move dynamicpunch|move acrobatics
|
|move|p2a: Aéroptérix|Acrobatics|p1a: Golurk
|-damage|p1a: Golurk|0 fnt
|faint|p1a: Golurk
|
|upkeep
|choice|switch 4|
|
|switch|p1a: Ferroseed|Ferroseed, F, shiny|291\/291
|turn|9
|choice|move gyroball|move uturn
|
|move|p2a: Aéroptérix|U-turn|p1a: Ferroseed
|-damage|p1a: Ferroseed|244\/291
|-damage|p2a: Aéroptérix|255\/291|[from] ability: Iron Barbs|[of] p1a: Ferroseed
|choice||switch 5
|
|switch|p2a: Jade|Leafeon, M, shiny|271\/271
|move|p1a: Ferroseed|Gyro Ball|p2a: Jade
|-damage|p2a: Jade|184\/271
|
|upkeep
|turn|10
|choice|move spikes|move knockoff
|
|move|p2a: Jade|Knock Off|p1a: Ferroseed
|-damage|p1a: Ferroseed|179\/291
|-damage|p2a: Jade|151\/271|[from] ability: Iron Barbs|[of] p1a: Ferroseed
|-enditem|p1a: Ferroseed|Eviolite|[from] move: Knock Off|[of] p2a: Jade
|move|p1a: Ferroseed|Spikes|p2a: Jade
|-sidestart|p2: Arnik|Spikes
|
|upkeep
|turn|11
|choice|move spikes|move swordsdance
|
|move|p2a: Jade|Swords Dance|p2a: Jade
|-boost|p2a: Jade|atk|2
|move|p1a: Ferroseed|Spikes|p2a: Jade
|-sidestart|p2: Arnik|Spikes
|
|upkeep
|turn|12
|choice|move gyroball|move xscissor
|
|move|p2a: Jade|X-Scissor|p1a: Ferroseed
|-damage|p1a: Ferroseed|16\/291
|-damage|p2a: Jade|118\/271|[from] ability: Iron Barbs|[of] p1a: Ferroseed
|move|p1a: Ferroseed|Gyro Ball|p2a: Jade
|-damage|p2a: Jade|43\/271
|
|upkeep
|turn|13
|choice|move spikes|move knockoff
|
|move|p2a: Jade|Knock Off|p1a: Ferroseed
|-damage|p1a: Ferroseed|0 fnt
|-damage|p2a: Jade|10\/271|[from] ability: Iron Barbs|[of] p1a: Ferroseed
|faint|p1a: Ferroseed
|
|upkeep
|choice|switch 6|
|
|switch|p1a: Liepard|Liepard, F, shiny|269\/269
|turn|14
|choice|move knockoff|move knockoff
|
|move|p1a: Liepard|Knock Off|p2a: Jade
|-damage|p2a: Jade|0 fnt
|-enditem|p2a: Jade|Lum Berry|[from] move: Knock Off|[of] p1a: Liepard
|faint|p2a: Jade
|
|upkeep
|choice||switch 5
|
|switch|p2a: Aéroptérix|Archeops, M|255\/291
|turn|15
|choice|move raindance|move stealthrock
|
|move|p1a: Liepard|Rain Dance|p1a: Liepard
|-weather|RainDance
|move|p2a: Aéroptérix|Stealth Rock|p1a: Liepard
|-sidestart|p1: THENUGODS|move: Stealth Rock
|
|-weather|RainDance|[upkeep]
|upkeep
|turn|16
|choice|move encore|switch 2
|
|switch|p2a: Moufflair|Skuntank, F|347\/347
|-damage|p2a: Moufflair|290\/347|[from] Spikes
|move|p1a: Liepard|Encore|p2a: Moufflair
|-fail|p2a: Moufflair
|
|-weather|RainDance|[upkeep]
|-heal|p2a: Moufflair|311\/347|[from] item: Black Sludge
|upkeep
|turn|17
|choice|move knockoff|move darkpulse
|
|move|p1a: Liepard|Knock Off|p2a: Moufflair
|-resisted|p2a: Moufflair
|-damage|p2a: Moufflair|226\/347
|-enditem|p2a: Moufflair|Black Sludge|[from] move: Knock Off|[of] p1a: Liepard
|move|p2a: Moufflair|Dark Pulse|p1a: Liepard
|-resisted|p1a: Liepard
|-damage|p1a: Liepard|187\/269
|
|-weather|RainDance|[upkeep]
|upkeep
|turn|18
|choice|move uturn|move darkpulse
|
|move|p1a: Liepard|U-turn|p2a: Moufflair
|-damage|p2a: Moufflair|136\/347
|choice|switch 3|
|
|switch|p1a: Articuno|Articuno, shiny|243\/321
|-damage|p1a: Articuno|83\/321|[from] Stealth Rock
|-ability|p1a: Articuno|Pressure
|move|p2a: Moufflair|Dark Pulse|p1a: Articuno
|-damage|p1a: Articuno|4\/321
|
|-weather|RainDance|[upkeep]
|upkeep
|turn|19
|choice|move hurricane|move acidspray
|
|move|p1a: Articuno|Hurricane|p2a: Moufflair
|-damage|p2a: Moufflair|0 fnt
|-damage|p1a: Articuno|0 fnt|[from] item: Life Orb
|faint|p2a: Moufflair
|faint|p1a: Articuno
|
|-weather|RainDance|[upkeep]
|upkeep
|choice|switch 5|switch 6
|
|switch|p1a: Ludicolo|Ludicolo, F, shiny|232\/301
|switch|p2a: Nanméouïe|Audino, F|389\/389
|-damage|p1a: Ludicolo|195\/301|[from] Stealth Rock
|-damage|p2a: Nanméouïe|325\/389|[from] Spikes
|turn|20
|choice|move surf|move thunderwave mega
|
|detailschange|p2a: Nanméouïe|Audino-Mega, F
|-mega|p2a: Nanméouïe|Audino|Audinite
|move|p1a: Ludicolo|Surf|p2a: Nanméouïe
|-damage|p2a: Nanméouïe|146\/389
|-damage|p1a: Ludicolo|165\/301|[from] item: Life Orb
|move|p2a: Nanméouïe|Thunder Wave|p1a: Ludicolo
|-status|p1a: Ludicolo|par
|
|-weather|RainDance|[upkeep]
|upkeep
|turn|21
|c|☆THENUGODS|without hax you would have lost
|c|☆THENUGODS|im gone
|-message|THENUGODS forfeited.
|
|win|Arnik
|l|THENUGODS
|raw|THENUGODS's rating: 1366 &rarr; <strong>1358<\/strong><br \/>(-8 for losing)
|raw|Arnik's rating: 1602 &rarr; <strong>1610<\/strong><br \/>(+8 for winning)</script>
</div>
<div class="battle-log battle-log-inline"><div class="inner"><div class="battle-options"></div><div class="inner"><div class="chat"><small>THENUGODS joined.</small></div><div class="chat"><small>Arnik joined.</small></div><div class=""><small>Format:</small> <br><strong>NU</strong></div><div class="rated"><strong>Rated battle</strong></div><div class=""><small><em>Sleep Clause Mod:</em> Limit one foe put to sleep</small></div><div class=""><small><em>Species Clause:</em> Limit one of each Pokémon</small></div><div class=""><small><em>OHKO Clause:</em> OHKO moves are banned</small></div><div class=""><small><em>Moody Clause:</em> Moody is banned</small></div><div class=""><small><em>Evasion Moves Clause:</em> Evasion moves are banned</small></div><div class=""><small><em>Endless Battle Clause:</em> Forcing endless battles is banned</small></div><div class=""><small><em>HP Percentage Mod:</em> HP is shown in percentages</small></div><div class=""><small><em>Swagger Clause:</em> Swagger is banned</small></div><div class=""><small><em>Baton Pass Clause:</em> Limit one Baton Passer, can't pass Spe and other stats simultaneously</small></div><div class="chat battle-history"><strong>THENUGODS's team:</strong> <em style="color:#445566;display:block;">Liepard / Articuno / Kabutops / Ferroseed / Ludicolo / Golurk</em></div><div class="chat battle-history"><strong>Arnik's team:</strong> <em style="color:#445566;display:block;">Leafeon / Skuntank / Archeops / Gastrodon-East / Pyroar / Audino</em></div><div class="spacer battle-history"><br></div><div class="battle-history">Battle started between THENUGODS and Arnik!<br></div><div class="spacer battle-history"><br></div><div class="battle-history">Go! <strong>Golurk</strong>!<br></div><div class="spacer battle-history"><br></div><div class="battle-history">Arnik sent out Jade (<strong>Leafeon</strong>)!<br></div><div class="spacer battle-history"><br></div><h2 class="battle-history">Turn 1</h2><div class="spacer battle-history"><br></div><div class="battle-history">Golurk, come back!<br></div><div class="battle-history">Go! <strong>Articuno</strong>!<br></div><div class="battle-history"><small>[Articuno's Pressure]</small><br><small>Articuno is exerting its pressure!</small><br></div><div class="spacer battle-history"><br></div><div class="battle-history">The opposing Jade used <strong>Leaf Blade</strong>!<br></div><div class="battle-history"><small>It's not very effective...</small><br></div><div class="battle-history"><small>(Articuno lost <abbr title="−78/321">24.3%</abbr> of its health!)</small><br></div><div class="spacer battle-history"><br></div><h2 class="battle-history">Turn 2</h2><div class="spacer battle-history"><br></div><div class="battle-history">Arnik withdrew Jade!<br></div><div class="battle-history">Arnik sent out Némélios (<strong>Pyroar</strong>)!<br></div><div class="battle-history"><small>[The opposing Némélios's Unnerve]</small><br><small>Your team is too nervous to eat Berries!</small><br></div><div class="spacer battle-history"><br></div><div class="battle-history">Articuno used <strong>Hurricane</strong>!<br></div><div class="battle-history"><small>The opposing Némélios avoided the attack!</small><br></div><div class="spacer battle-history"><br></div><h2 class="battle-history">Turn 3</h2><div class="chat chatmessage-thenugods"><strong style="color:hsl(39,82%,42.64666585999487%)"><small>☆</small><span class="username" data-name="THENUGODS">THENUGODS</span>:</strong> <em>fucking bs</em></div><div class="chat chatmessage-thenugods"><strong style="color:hsl(39,82%,42.64666585999487%)"><small>☆</small><span class="username" data-name="THENUGODS">THENUGODS</span>:</strong> <em>would be dead</em></div><div class="chat chatmessage-thenugods"><strong style="color:hsl(39,82%,42.64666585999487%)"><small>☆</small><span class="username" data-name="THENUGODS">THENUGODS</span>:</strong> <em>i predict right and you get lucky</em></div><div class="spacer battle-history"><br></div><div class="battle-history">Articuno, come back!<br></div><div class="battle-history">Go! <strong>Kabutops</strong>!<br></div><div class="spacer battle-history"><br></div><div class="battle-history">The opposing Némélios used <strong>Fire Blast</strong>!<br></div><div class="battle-history"><small>It's not very effective...</small><br></div><div class="battle-history"><small>(Kabutops lost <abbr title="−61/261">23.4%</abbr> of its health!)</small><br></div><div class="spacer battle-history"><br></div><h2 class="battle-history">Turn 4</h2><div class="spacer battle-history"><br></div><div class="battle-history">Kabutops, come back!<br></div><div class="battle-history">Go! <strong>Ludicolo</strong>!<br></div><div class="spacer battle-history"><br></div><div class="battle-history">The opposing Némélios used <strong>Hidden Power</strong>!<br></div><div class="battle-history"><small>(Ludicolo lost <abbr title="−69/301">22.9%</abbr> of its health!)</small><br></div><div class="spacer battle-history"><br></div><h2 class="battle-history">Turn 5</h2><div class="spacer battle-history"><br></div><div class="battle-history">Ludicolo, come back!<br></div><div class="battle-history">Go! <strong>Kabutops</strong>!<br></div><div class="spacer battle-history"><br></div><div class="battle-history">The opposing Némélios used <strong>Fire Blast</strong>!<br></div><div class="battle-history"><small>It's not very effective...</small><br></div><div class="battle-history"><small>(Kabutops lost <abbr title="−66/261">25.3%</abbr> of its health!)</small><br></div><div class="spacer battle-history"><br></div><h2 class="battle-history">Turn 6</h2><div class="spacer battle-history"><br></div><div class="battle-history">Kabutops used <strong>Aqua Jet</strong>!<br></div><div class="battle-history"><small>It's super effective!</small><br></div><div class="battle-history"><small>(The opposing Némélios lost <abbr title="−234/313">74.8%</abbr> of its health!)</small><br></div><div class="battle-history"><small>Kabutops lost some of its HP!</small><br></div><div class="spacer battle-history"><br></div><div class="battle-history">The opposing Némélios used <strong>Hidden Power</strong>!<br></div><div class="battle-history"><small>It's super effective!</small><br></div><div class="battle-history"><small>(Kabutops lost <abbr title="−108/261">41.4%</abbr> of its health!)</small><br></div><div class="spacer battle-history"><br></div><div class="battle-history">Kabutops fainted!<br></div><div class="chat chatmessage-thenugods"><strong style="color:hsl(39,82%,42.64666585999487%)"><small>☆</small><span class="username" data-name="THENUGODS">THENUGODS</span>:</strong> <em>without hax this would be dead</em></div><div class="chat chatmessage-thenugods"><strong style="color:hsl(39,82%,42.64666585999487%)"><small>☆</small><span class="username" data-name="THENUGODS">THENUGODS</span>:</strong> <em>and it would be gg</em></div><div class="spacer battle-history"><br></div><div class="battle-history">Go! <strong>Golurk</strong>!<br></div><div class="spacer battle-history"><br></div><h2 class="battle-history">Turn 7</h2><div class="spacer battle-history"><br></div><div class="battle-history">The opposing Némélios used <strong>Hidden Power</strong>!<br></div><div class="battle-history"><small>It's super effective!</small><br></div><div class="battle-history"><small>(Golurk lost <abbr title="−180/319">56.4%</abbr> of its health!)</small><br></div><div class="spacer battle-history"><br></div><div class="battle-history">Golurk used <strong>Dynamic Punch</strong>!<br></div><div class="battle-history"><small>It's super effective!</small><br></div><div class="battle-history"><small>(The opposing Némélios lost <abbr title="−79/313">25.2%</abbr> of its health!)</small><br></div><div class="spacer battle-history"><br></div><div class="battle-history">The opposing Némélios fainted!<br></div><div class="spacer battle-history"><br></div><div class="battle-history">Arnik sent out Aéroptérix (<strong>Archeops</strong>)!<br></div><div class="spacer battle-history"><br></div><h2 class="battle-history">Turn 8</h2><div class="spacer battle-history"><br></div><div class="battle-history">The opposing Aéroptérix used <strong>Acrobatics</strong>!<br></div><div class="battle-history"><small>(Golurk lost <abbr title="−139/319">43.6%</abbr> of its health!)</small><br></div><div class="spacer battle-history"><br></div><div class="battle-history">Golurk fainted!<br></div><div class="spacer battle-history"><br></div><div class="battle-history">Go! <strong>Ferroseed</strong>!<br></div><div class="spacer battle-history"><br></div><h2 class="battle-history">Turn 9</h2><div class="spacer battle-history"><br></div><div class="battle-history">The opposing Aéroptérix used <strong>U-turn</strong>!<br></div><div class="battle-history"><small>(Ferroseed lost <abbr title="−47/291">16.2%</abbr> of its health!)</small><br></div><div class="battle-history"><small>[Ferroseed's Iron Barbs]</small><br><small>The opposing Aéroptérix was hurt!</small><br></div><div class="spacer battle-history"><br></div><div class="battle-history">The opposing Aéroptérix went back to Arnik!<br></div><div class="battle-history">Arnik sent out Jade (<strong>Leafeon</strong>)!<br></div><div class="spacer battle-history"><br></div><div class="battle-history">Ferroseed used <strong>Gyro Ball</strong>!<br></div><div class="battle-history"><small>(The opposing Jade lost <abbr title="−87/271">32.1%</abbr> of its health!)</small><br></div><div class="spacer battle-history"><br></div><h2 class="battle-history">Turn 10</h2><div class="spacer battle-history"><br></div><div class="battle-history">The opposing Jade used <strong>Knock Off</strong>!<br></div><div class="battle-history"><small>(Ferroseed lost <abbr title="−65/291">22.3%</abbr> of its health!)</small><br></div><div class="battle-history"><small>[Ferroseed's Iron Barbs]</small><br><small>The opposing Jade was hurt!</small><br></div><div class="battle-history"><small>The opposing Jade knocked off Ferroseed's Eviolite!</small><br></div><div class="spacer battle-history"><br></div><div class="battle-history">Ferroseed used <strong>Spikes</strong>!<br></div><div class="battle-history"><small>Spikes were scattered on the ground all around the opposing team!</small><br></div><div class="spacer battle-history"><br></div><h2 class="battle-history">Turn 11</h2><div class="spacer battle-history"><br></div><div class="battle-history">The opposing Jade used <strong>Swords Dance</strong>!<br></div><div class="battle-history"><small>The opposing Jade's Attack rose sharply!</small><br></div><div class="spacer battle-history"><br></div><div class="battle-history">Ferroseed used <strong>Spikes</strong>!<br></div><div class="battle-history"><small>Spikes were scattered on the ground all around the opposing team!</small><br></div><div class="spacer battle-history"><br></div><h2 class="battle-history">Turn 12</h2><div class="spacer battle-history"><br></div><div class="battle-history">The opposing Jade used <strong>X-Scissor</strong>!<br></div><div class="battle-history"><small>(Ferroseed lost <abbr title="−163/291">56.0%</abbr> of its health!)</small><br></div><div class="battle-history"><small>[Ferroseed's Iron Barbs]</small><br><small>The opposing Jade was hurt!</small><br></div><div class="spacer battle-history"><br></div><div class="battle-history">Ferroseed used <strong>Gyro Ball</strong>!<br></div><div class="battle-history"><small>(The opposing Jade lost <abbr title="−75/271">27.7%</abbr> of its health!)</small><br></div><div class="spacer battle-history"><br></div><h2 class="battle-history">Turn 13</h2><div class="spacer battle-history"><br></div><div class="battle-history">The opposing Jade used <strong>Knock Off</strong>!<br></div><div class="battle-history"><small>(Ferroseed lost <abbr title="−16/291">5.5%</abbr> of its health!)</small><br></div><div class="battle-history"><small>[Ferroseed's Iron Barbs]</small><br><small>The opposing Jade was hurt!</small><br></div><div class="spacer battle-history"><br></div><div class="battle-history">Ferroseed fainted!<br></div><div class="spacer battle-history"><br></div><div class="battle-history">Go! <strong>Liepard</strong>!<br></div><div class="spacer battle-history"><br></div><h2 class="battle-history">Turn 14</h2><div class="spacer battle-history"><br></div><div class="battle-history">Liepard used <strong>Knock Off</strong>!<br></div><div class="battle-history"><small>(The opposing Jade lost <abbr title="−10/271">3.7%</abbr> of its health!)</small><br></div><div class="battle-history"><small>Liepard knocked off the opposing Jade's Lum Berry!</small><br></div><div class="spacer battle-history"><br></div><div class="battle-history">The opposing Jade fainted!<br></div><div class="spacer battle-history"><br></div><div class="battle-history">Arnik sent out Aéroptérix (<strong>Archeops</strong>)!<br></div><div class="spacer battle-history"><br></div><h2 class="battle-history">Turn 15</h2><div class="spacer battle-history"><br></div><div class="battle-history">Liepard used <strong>Rain Dance</strong>!<br></div><div class="battle-history"><small>It started to rain!</small><br></div><div class="spacer battle-history"><br></div><div class="battle-history">The opposing Aéroptérix used <strong>Stealth Rock</strong>!<br></div><div class="battle-history"><small>Pointed stones float in the air around your team!</small><br></div><div class="spacer battle-history"><br></div><div class="battle-history"><small>(Rain continues to fall!)</small><br></div><div class="spacer battle-history"><br></div><h2 class="battle-history">Turn 16</h2><div class="spacer battle-history"><br></div><div class="battle-history">Arnik withdrew Aéroptérix!<br></div><div class="battle-history">Arnik sent out Moufflair (<strong>Skuntank</strong>)!<br></div><div class="battle-history"><small>The opposing Moufflair is hurt by the spikes!</small><br></div><div class="spacer battle-history"><br></div><div class="battle-history">Liepard used <strong>Encore</strong>!<br></div><div class="battle-history"><small>But it failed!</small><br></div><div class="spacer battle-history"><br></div><div class="battle-history"><small>(Rain continues to fall!)</small><br></div><div class="battle-history"><small>The opposing Moufflair restored a little HP using its Black Sludge!</small><br></div><div class="spacer battle-history"><br></div><h2 class="battle-history">Turn 17</h2><div class="spacer battle-history"><br></div><div class="battle-history">Liepard used <strong>Knock Off</strong>!<br></div><div class="battle-history"><small>It's not very effective...</small><br></div><div class="battle-history"><small>(The opposing Moufflair lost <abbr title="−85/347">24.5%</abbr> of its health!)</small><br></div><div class="battle-history"><small>Liepard knocked off the opposing Moufflair's Black Sludge!</small><br></div><div class="spacer battle-history"><br></div><div class="battle-history">The opposing Moufflair used <strong>Dark Pulse</strong>!<br></div><div class="battle-history"><small>It's not very effective...</small><br></div><div class="battle-history"><small>(Liepard lost <abbr title="−82/269">30.5%</abbr> of its health!)</small><br></div><div class="spacer battle-history"><br></div><div class="battle-history"><small>(Rain continues to fall!)</small><br></div><div class="spacer battle-history"><br></div><h2 class="battle-history">Turn 18</h2><div class="spacer battle-history"><br></div><div class="battle-history">Liepard used <strong>U-turn</strong>!<br></div><div class="battle-history"><small>(The opposing Moufflair lost <abbr title="−90/347">25.9%</abbr> of its health!)</small><br></div><div class="spacer battle-history"><br></div><div class="battle-history">Liepard went back to THENUGODS!<br></div><div class="battle-history">Go! <strong>Articuno</strong>!<br></div><div class="battle-history"><small>Pointed stones dug into Articuno!</small><br></div><div class="battle-history"><small>[Articuno's Pressure]</small><br><small>Articuno is exerting its pressure!</small><br></div><div class="spacer battle-history"><br></div><div class="battle-history">The opposing Moufflair used <strong>Dark Pulse</strong>!<br></div><div class="battle-history"><small>(Articuno lost <abbr title="−79/321">24.6%</abbr> of its health!)</small><br></div><div class="spacer battle-history"><br></div><div class="battle-history"><small>(Rain continues to fall!)</small><br></div><div class="spacer battle-history"><br></div><h2 class="battle-history">Turn 19</h2><div class="spacer battle-history"><br></div><div class="battle-history">Articuno used <strong>Hurricane</strong>!<br></div><div class="battle-history"><small>(The opposing Moufflair lost <abbr title="−136/347">39.2%</abbr> of its health!)</small><br></div><div class="battle-history"><small>Articuno lost some of its HP!</small><br></div><div class="spacer battle-history"><br></div><div class="battle-history">The opposing Moufflair fainted!<br></div><div class="battle-history">Articuno fainted!<br></div><div class="spacer battle-history"><br></div><div class="battle-history"><small>(Rain continues to fall!)</small><br></div><div class="spacer battle-history"><br></div><div class="battle-history">Go! <strong>Ludicolo</strong>!<br></div><div class="spacer battle-history"><br></div><div class="battle-history">Arnik sent out Nanméouïe (<strong>Audino</strong>)!<br></div><div class="battle-history"><small>Pointed stones dug into Ludicolo!</small><br></div><div class="battle-history"><small>The opposing Nanméouïe is hurt by the spikes!</small><br></div><div class="spacer battle-history"><br></div><h2 class="battle-history">Turn 20</h2><div class="spacer battle-history"><br></div><div class="battle-history"><small>The opposing Nanméouïe's Audinite is reacting to Arnik's Mega Bracelet!</small><br>The opposing Nanméouïe has Mega Evolved into Mega Audino!<br></div><div class="spacer battle-history"><br></div><div class="battle-history">Ludicolo used <strong>Surf</strong>!<br></div><div class="battle-history"><small>(The opposing Nanméouïe lost <abbr title="−179/389">46.0%</abbr> of its health!)</small><br></div><div class="battle-history"><small>Ludicolo lost some of its HP!</small><br></div><div class="spacer battle-history"><br></div><div class="battle-history">The opposing Nanméouïe used <strong>Thunder Wave</strong>!<br></div><div class="battle-history"><small>Ludicolo is paralyzed! It may be unable to move!</small><br></div><div class="spacer battle-history"><br></div><div class="battle-history"><small>(Rain continues to fall!)</small><br></div><div class="spacer battle-history"><br></div><h2 class="battle-history">Turn 21</h2><div class="chat chatmessage-thenugods"><strong style="color:hsl(39,82%,42.64666585999487%)"><small>☆</small><span class="username" data-name="THENUGODS">THENUGODS</span>:</strong> <em>without hax you would have lost</em></div><div class="chat chatmessage-thenugods"><strong style="color:hsl(39,82%,42.64666585999487%)"><small>☆</small><span class="username" data-name="THENUGODS">THENUGODS</span>:</strong> <em>im gone</em></div><div class="spacer battle-history"><br></div><div class="battle-history"><small>THENUGODS forfeited.</small><br></div><div class="spacer battle-history"><br></div><div class="battle-history"><strong>Arnik</strong> won the battle!<br></div><div class="chat"><small>THENUGODS left.</small></div><div class="chat">THENUGODS's rating: 1366 → <strong>1358</strong><br>(-8 for losing)</div><div class="chat">Arnik's rating: 1602 → <strong>1610</strong><br>(+8 for winning)</div></div><div class="inner-preempt"></div></div></div>
</div>
<script>
let daily = Math.floor(Date.now()/1000/60/60/24);document.write('<script src="https://play.pokemonshowdown.com/js/replay-embed.js?version'+daily+'"></'+'script>');
</script>
