<!DOCTYPE html>
<meta charset="utf-8" />
<!-- version 1 -->
<title>NU replay: LCezasfuck vs. NaNaHeyJude</title>
<style>
html,body {font-family:Verdana, sans-serif;font-size:10pt;margin:0;padding:0;}body{padding:12px 0;} .battle-log {font-family:Verdana, sans-serif;font-size:10pt;} .battle-log-inline {border:1px solid #AAAAAA;background:#EEF2F5;color:black;max-width:640px;margin:0 auto 80px;padding-bottom:5px;} .battle-log .inner {padding:4px 8px 0px 8px;} .battle-log .inner-preempt {padding:0 8px 4px 8px;} .battle-log .inner-after {margin-top:0.5em;} .battle-log h2 {margin:0.5em -8px;padding:4px 8px;border:1px solid #AAAAAA;background:#E0E7EA;border-left:0;border-right:0;font-family:Verdana, sans-serif;font-size:13pt;} .battle-log .chat {vertical-align:middle;padding:3px 0 3px 0;font-size:8pt;} .battle-log .chat strong {color:#40576A;} .battle-log .chat em {padding:1px 4px 1px 3px;color:#000000;font-style:normal;} .chat.mine {background:rgba(0,0,0,0.05);margin-left:-8px;margin-right:-8px;padding-left:8px;padding-right:8px;} .spoiler {color:#BBBBBB;background:#BBBBBB;padding:0px 3px;} .spoiler:hover, .spoiler:active, .spoiler-shown {color:#000000;background:#E2E2E2;padding:0px 3px;} .spoiler a {color:#BBBBBB;} .spoiler:hover a, .spoiler:active a, .spoiler-shown a {color:#2288CC;} .chat code, .chat .spoiler:hover code, .chat .spoiler:active code, .chat .spoiler-shown code {border:1px solid #C0C0C0;background:#EEEEEE;color:black;padding:0 2px;} .chat .spoiler code {border:1px solid #CCCCCC;background:#CCCCCC;color:#CCCCCC;} .battle-log .rated {padding:3px 4px;} .battle-log .rated strong {color:white;background:#89A;padding:1px 4px;border-radius:4px;} .spacer {margin-top:0.5em;} .message-announce {background:#6688AA;color:white;padding:1px 4px 2px;} .message-announce a, .broadcast-green a, .broadcast-blue a, .broadcast-red a {color:#DDEEFF;} .broadcast-green {background-color:#559955;color:white;padding:2px 4px;} .broadcast-blue {background-color:#6688AA;color:white;padding:2px 4px;} .infobox {border:1px solid #6688AA;padding:2px 4px;} .infobox-limited {max-height:200px;overflow:auto;overflow-x:hidden;} .broadcast-red {background-color:#AA5544;color:white;padding:2px 4px;} .message-learn-canlearn {font-weight:bold;color:#228822;text-decoration:underline;} .message-learn-cannotlearn {font-weight:bold;color:#CC2222;text-decoration:underline;} .message-effect-weak {font-weight:bold;color:#CC2222;} .message-effect-resist {font-weight:bold;color:#6688AA;} .message-effect-immune {font-weight:bold;color:#666666;} .message-learn-list {margin-top:0;margin-bottom:0;} .message-throttle-notice, .message-error {color:#992222;} .message-overflow, .chat small.message-overflow {font-size:0pt;} .message-overflow::before {font-size:9pt;content:'...';} .subtle {color:#3A4A66;}
</style>
<div class="wrapper replay-wrapper" style="max-width:1180px;margin:0 auto">
<input type="hidden" name="replayid" value="nu-501641446" />
<div class="battle"></div><div class="battle-log"></div><div class="replay-controls"></div><div class="replay-controls-2"></div>
<h1 style="font-weight:normal;text-align:center"><strong>NU</strong><br /><a href="http://pokemonshowdown.com/users/lcezasfuck" class="subtle" target="_blank">LCezasfuck</a> vs. <a href="http://pokemonshowdown.com/users/nanaheyjude" class="subtle" target="_blank">NaNaHeyJude</a></h1>
<script type="text/plain" class="battle-log-data">|j|LCezasfuck
|j|NaNaHeyJude
|player|p1|LCezasfuck|184
|player|p2|NaNaHeyJude|1
|gametype|singles
|gen|6
|tier|NU
|rated
|seed|25126,39395,46917,13266
|rule|Baton Pass Speed Clause: Limit one Baton Passer, can't pass Speed
|rule|Sleep Clause Mod: Limit one foe put to sleep
|rule|Species Clause: Limit one of each Pokémon
|rule|OHKO Clause: OHKO moves are banned
|rule|Moody Clause: Moody is banned
|rule|Evasion Moves Clause: Evasion moves are banned
|rule|Endless Battle Clause: Forcing endless battles is banned
|rule|HP Percentage Mod: HP is shown in percentages
|clearpoke
|poke|p1|Xatu, F|item
|poke|p1|Steelix, M|item
|poke|p1|Wartortle, F|item
|poke|p1|Roselia, F|item
|poke|p1|Audino, M|item
|poke|p1|Linoone, M|item
|poke|p2|Mantine, M|item
|poke|p2|Garbodor, M|item
|poke|p2|Tauros, M|item
|poke|p2|Abomasnow, M|item
|poke|p2|Rhydon, F|item
|poke|p2|Charizard, F|item
|rule|Swagger Clause: Swagger is banned
|rule|Baton Pass Clause: Limit one Baton Passer, can't pass Spe and other stats simultaneously
|teampreview
|choice|team 4, team 2, team 3, team 1, team 5, team 6|team 1, team 2, team 3, team 4, team 5, team 6
|
|start
|switch|p1a: Roselia|Roselia, F|303\/303
|switch|p2a: Mantine|Mantine, M|333\/333
|turn|1
|choice|move spikes|move airslash
|
|move|p2a: Mantine|Air Slash|p1a: Roselia
|-supereffective|p1a: Roselia
|-damage|p1a: Roselia|229\/303
|move|p1a: Roselia|Spikes|p2a: Mantine
|-sidestart|p2: NaNaHeyJude|Spikes
|
|upkeep
|turn|2
|choice|switch 3|move scald
|
|switch|p1a: Wartortle|Wartortle, F|322\/322
|move|p2a: Mantine|Scald|p1a: Wartortle
|-resisted|p1a: Wartortle
|-damage|p1a: Wartortle|293\/322
|
|upkeep
|turn|3
|choice|move toxic|move toxic
|
|move|p2a: Mantine|Toxic|p1a: Wartortle|[miss]
|-miss|p2a: Mantine|p1a: Wartortle
|move|p1a: Wartortle|Toxic|p2a: Mantine
|-status|p2a: Mantine|tox
|
|-damage|p2a: Mantine|313\/333 tox|[from] psn
|upkeep
|turn|4
|choice|switch 4|move defog
|
|switch|p1a: Xatu|Xatu, F|334\/334
|move|p2a: Mantine|Defog|p1a: Xatu
|move|p1a: Xatu|Defog|p2a: Mantine|[from]Magic Bounce
|-unboost|p2a: Mantine|evasion|1
|-sideend|p2: NaNaHeyJude|Spikes|[from] move: Defog|[of] p2a: Mantine
|
|-heal|p2a: Mantine|333\/333 tox|[from] item: Leftovers
|-damage|p2a: Mantine|293\/333 tox|[from] psn
|upkeep
|turn|5
|choice|move calmmind|switch 5
|
|switch|p2a: Rhydon|Rhydon, F|414\/414
|move|p1a: Xatu|Calm Mind|p1a: Xatu
|-boost|p1a: Xatu|spa|1
|-boost|p1a: Xatu|spd|1
|
|upkeep
|turn|6
|choice|switch 4|move rockblast
|
|switch|p1a: Wartortle|Wartortle, F|293\/322
|move|p2a: Rhydon|Rock Blast|p1a: Wartortle
|-damage|p1a: Wartortle|269\/322
|-damage|p1a: Wartortle|244\/322
|-damage|p1a: Wartortle|220\/322
|-hitcount|p1a: Wartortle|3
|
|upkeep
|turn|7
|choice|switch 5|switch 5
|
|switch|p1a: Audino|Audino, M|410\/410
|switch|p2a: Mantine|Mantine, M|293\/333 tox
|
|-heal|p2a: Mantine|313\/333 tox|[from] item: Leftovers
|-damage|p2a: Mantine|293\/333 tox|[from] psn
|upkeep
|turn|8
|choice|move wish mega|move toxic
|
|detailschange|p1a: Audino|Audino-Mega, M
|-mega|p1a: Audino|Audino|Audinite
|move|p2a: Mantine|Toxic|p1a: Audino
|-status|p1a: Audino|tox
|move|p1a: Audino|Wish|p1a: Audino
|
|-heal|p2a: Mantine|313\/333 tox|[from] item: Leftovers
|-damage|p2a: Mantine|273\/333 tox|[from] psn
|-damage|p1a: Audino|385\/410 tox|[from] psn
|upkeep
|turn|9
|choice|switch 5|switch 4
|
|switch|p2a: Abomasnow|Abomasnow, M|321\/321
|-weather|Hail|[from] ability: Snow Warning|[of] p2a: Abomasnow
|switch|p1a: Wartortle|Wartortle, F|220\/322
|
|-weather|Hail|[upkeep]
|-damage|p1a: Wartortle|200\/322|[from] hail
|-heal|p1a: Wartortle|322\/322|[from] move: Wish|[wisher] Audino
|upkeep
|turn|10
|choice|switch 5|move gigadrain
|
|switch|p1a: Audino|Audino-Mega, M|385\/410 tox
|move|p2a: Abomasnow|Giga Drain|p1a: Audino
|-damage|p1a: Audino|298\/410 tox
|-damage|p2a: Abomasnow|289\/321|[from] item: Life Orb
|
|-weather|Hail|[upkeep]
|-damage|p1a: Audino|273\/410 tox|[from] hail
|-damage|p1a: Audino|248\/410 tox|[from] psn
|upkeep
|turn|11
|choice|move healbell|move blizzard
|
|move|p2a: Abomasnow|Blizzard|p1a: Audino
|-crit|p1a: Audino
|-damage|p1a: Audino|73\/410 tox
|-damage|p2a: Abomasnow|257\/321|[from] item: Life Orb
|move|p1a: Audino|Heal Bell|p1a: Audino
|-activate|p1a: Audino|move: Heal Bell
|-curestatus|p1a: Audino|tox|[msg]
|
|-weather|Hail|[upkeep]
|-damage|p1a: Audino|48\/410|[from] hail
|upkeep
|turn|12
|choice|move protect|move gigadrain
|
|move|p1a: Audino|Protect|p1a: Audino
|-singleturn|p1a: Audino|Protect
|move|p2a: Abomasnow|Giga Drain|p1a: Audino
|-activate|p1a: Audino|move: Protect
|
|-weather|Hail|[upkeep]
|-damage|p1a: Audino|23\/410|[from] hail
|upkeep
|turn|13
|choice|switch 3|move blizzard
|
|switch|p1a: Roselia|Roselia, F|229\/303
|move|p2a: Abomasnow|Blizzard|p1a: Roselia
|-supereffective|p1a: Roselia
|-crit|p1a: Roselia
|-damage|p1a: Roselia|0 fnt
|-damage|p2a: Abomasnow|225\/321|[from] item: Life Orb
|faint|p1a: Roselia
|
|-weather|none
|upkeep
|choice|switch 4|
|
|switch|p1a: Xatu|Xatu, F|334\/334
|turn|14
|choice|move psychic|switch 5
|
|switch|p2a: Rhydon|Rhydon, F|414\/414
|move|p1a: Xatu|Psychic|p2a: Rhydon
|-damage|p2a: Rhydon|333\/414
|
|upkeep
|turn|15
|choice|switch 5|move rockblast
|
|switch|p1a: Wartortle|Wartortle, F|322\/322
|move|p2a: Rhydon|Rock Blast|p1a: Wartortle|[miss]
|-miss|p2a: Rhydon|p1a: Wartortle
|
|upkeep
|turn|16
|choice|switch 2|switch 4
|
|switch|p1a: Steelix|Steelix, M|354\/354
|switch|p2a: Mantine|Mantine, M|273\/333 tox
|
|-heal|p2a: Mantine|293\/333 tox|[from] item: Leftovers
|-damage|p2a: Mantine|273\/333 tox|[from] psn
|upkeep
|turn|17
|choice|switch 3|move scald
|
|switch|p1a: Audino|Audino-Mega, M|23\/410
|move|p2a: Mantine|Scald|p1a: Audino
|-damage|p1a: Audino|0 fnt
|faint|p1a: Audino
|
|-heal|p2a: Mantine|293\/333 tox|[from] item: Leftovers
|-damage|p2a: Mantine|253\/333 tox|[from] psn
|upkeep
|choice|switch 5|
|
|switch|p1a: Xatu|Xatu, F|334\/334
|turn|18
|choice|move psychic|switch 4
|
|switch|p2a: Rhydon|Rhydon, F|333\/414
|move|p1a: Xatu|Psychic|p2a: Rhydon
|-damage|p2a: Rhydon|252\/414
|-unboost|p2a: Rhydon|spd|1
|
|upkeep
|turn|19
|choice|switch 2|move rockblast
|
|switch|p1a: Wartortle|Wartortle, F|322\/322
|move|p2a: Rhydon|Rock Blast|p1a: Wartortle
|-damage|p1a: Wartortle|298\/322
|-damage|p1a: Wartortle|273\/322
|-hitcount|p1a: Wartortle|2
|
|upkeep
|turn|20
|choice|switch 2|switch 4
|
|switch|p1a: Xatu|Xatu, F|334\/334
|switch|p2a: Mantine|Mantine, M|253\/333 tox
|
|-heal|p2a: Mantine|273\/333 tox|[from] item: Leftovers
|-damage|p2a: Mantine|253\/333 tox|[from] psn
|upkeep
|turn|21
|choice|move psychic|move scald
|
|move|p1a: Xatu|Psychic|p2a: Mantine
|-damage|p2a: Mantine|183\/333 tox
|-unboost|p2a: Mantine|spd|1
|move|p2a: Mantine|Scald|p1a: Xatu
|-damage|p1a: Xatu|231\/334
|
|-heal|p1a: Xatu|251\/334|[from] item: Leftovers
|-heal|p2a: Mantine|203\/333 tox|[from] item: Leftovers
|-damage|p2a: Mantine|163\/333 tox|[from] psn
|upkeep
|turn|22
|choice|move psychic|switch 4
|
|switch|p2a: Rhydon|Rhydon, F|252\/414
|move|p1a: Xatu|Psychic|p2a: Rhydon
|-crit|p2a: Rhydon
|-damage|p2a: Rhydon|117\/414
|
|-heal|p1a: Xatu|271\/334|[from] item: Leftovers
|upkeep
|turn|23
|choice|switch 3|switch 5
|
|switch|p1a: Steelix|Steelix, M|354\/354
|switch|p2a: Abomasnow|Abomasnow, M|225\/321
|-weather|Hail|[from] ability: Snow Warning|[of] p2a: Abomasnow
|
|-weather|Hail|[upkeep]
|-damage|p1a: Steelix|332\/354|[from] hail
|-heal|p1a: Steelix|354\/354|[from] item: Leftovers
|upkeep
|turn|24
|choice|move stealthrock|switch 2
|
|switch|p2a: Garbodor|Garbodor, M|363\/363
|move|p1a: Steelix|Stealth Rock|p2a: Garbodor
|-sidestart|p2: NaNaHeyJude|move: Stealth Rock
|
|-weather|Hail|[upkeep]
|-damage|p2a: Garbodor|341\/363|[from] hail
|-damage|p1a: Steelix|332\/354|[from] hail
|-heal|p1a: Steelix|354\/354|[from] item: Leftovers
|upkeep
|turn|25
|choice|switch 3|move toxicspikes
|
|switch|p1a: Xatu|Xatu, F|271\/334
|move|p2a: Garbodor|Toxic Spikes|p1a: Xatu
|move|p1a: Xatu|Toxic Spikes|p2a: Garbodor|[from]Magic Bounce
|-sidestart|p2: NaNaHeyJude|move: Toxic Spikes
|
|-weather|Hail|[upkeep]
|-damage|p1a: Xatu|251\/334|[from] hail
|-damage|p2a: Garbodor|319\/363|[from] hail
|-heal|p1a: Xatu|271\/334|[from] item: Leftovers
|upkeep
|turn|26
|choice|move calmmind|move gunkshot
|
|move|p1a: Xatu|Calm Mind|p1a: Xatu
|-boost|p1a: Xatu|spa|1
|-boost|p1a: Xatu|spd|1
|move|p2a: Garbodor|Gunk Shot|p1a: Xatu
|-damage|p1a: Xatu|151\/334
|
|-weather|Hail|[upkeep]
|-damage|p1a: Xatu|131\/334|[from] hail
|-damage|p2a: Garbodor|297\/363|[from] hail
|-heal|p1a: Xatu|151\/334|[from] item: Leftovers
|upkeep
|turn|27
|choice|move roost|move gunkshot
|
|move|p1a: Xatu|Roost|p1a: Xatu
|-heal|p1a: Xatu|318\/334
|move|p2a: Garbodor|Gunk Shot|p1a: Xatu|[miss]
|-miss|p2a: Garbodor|p1a: Xatu
|
|-weather|none
|-heal|p1a: Xatu|334\/334|[from] item: Leftovers
|upkeep
|turn|28
|c|★NaNaHeyJude|lol
|choice|move psychic|move gunkshot
|
|move|p1a: Xatu|Psychic|p2a: Garbodor
|-supereffective|p2a: Garbodor
|-damage|p2a: Garbodor|15\/363
|move|p2a: Garbodor|Gunk Shot|p1a: Xatu
|-damage|p1a: Xatu|213\/334
|
|-heal|p1a: Xatu|233\/334|[from] item: Leftovers
|upkeep
|turn|29
|choice|move psychic|move gunkshot
|
|move|p1a: Xatu|Psychic|p2a: Garbodor
|-supereffective|p2a: Garbodor
|-damage|p2a: Garbodor|0 fnt
|faint|p2a: Garbodor
|
|-heal|p1a: Xatu|253\/334|[from] item: Leftovers
|upkeep
|choice||switch 6
|
|switch|p2a: Charizard|Charizard, F|297\/297
|-damage|p2a: Charizard|149\/297|[from] Stealth Rock
|turn|30
|choice|move psychic|move fireblast
|
|move|p2a: Charizard|Fire Blast|p1a: Xatu|[miss]
|-miss|p2a: Charizard|p1a: Xatu
|move|p1a: Xatu|Psychic|p2a: Charizard
|-damage|p2a: Charizard|0 fnt
|faint|p2a: Charizard
|
|-heal|p1a: Xatu|273\/334|[from] item: Leftovers
|upkeep
|c|★NaNaHeyJude|fuck off noob haxor
|c|★LCezasfuck|Sword dance charizard
|-message|NaNaHeyJude forfeited.
|
|win|LCezasfuck
|player|p1
|player|p2
|l|NaNaHeyJude</script>
</div>
<div class="battle-log battle-log-inline"><div class="inner"><div class="battle-options"></div><div class="inner"><div class="chat"><small>LCezasfuck joined.</small></div><div class="chat"><small>NaNaHeyJude joined.</small></div><div class=""><small>Format:</small> <br><strong>NU</strong></div><div class="rated"><strong>Rated battle</strong></div><div class=""><small><em>Baton Pass Speed Clause:</em> Limit one Baton Passer, can't pass Speed</small></div><div class=""><small><em>Sleep Clause Mod:</em> Limit one foe put to sleep</small></div><div class=""><small><em>Species Clause:</em> Limit one of each Pokémon</small></div><div class=""><small><em>OHKO Clause:</em> OHKO moves are banned</small></div><div class=""><small><em>Moody Clause:</em> Moody is banned</small></div><div class=""><small><em>Evasion Moves Clause:</em> Evasion moves are banned</small></div><div class=""><small><em>Endless Battle Clause:</em> Forcing endless battles is banned</small></div><div class=""><small><em>HP Percentage Mod:</em> HP is shown in percentages</small></div><div class=""><small><em>Swagger Clause:</em> Swagger is banned</small></div><div class=""><small><em>Baton Pass Clause:</em> Limit one Baton Passer, can't pass Spe and other stats simultaneously</small></div><div class="chat battle-history"><strong>LCezasfuck's team:</strong> <em style="color:#445566;display:block;">Xatu / Steelix / Wartortle / Roselia / Audino / Linoone</em></div><div class="chat battle-history"><strong>NaNaHeyJude's team:</strong> <em style="color:#445566;display:block;">Mantine / Garbodor / Tauros / Abomasnow / Rhydon / Charizard</em></div><div class="spacer battle-history"><br></div><div class="battle-history">Battle started between LCezasfuck and NaNaHeyJude!<br></div><div class="spacer battle-history"><br></div><div class="battle-history">Go! <strong>Roselia</strong>!<br></div><div class="spacer battle-history"><br></div><div class="battle-history">NaNaHeyJude sent out <strong>Mantine</strong>!<br></div><div class="spacer battle-history"><br></div><h2 class="battle-history">Turn 1</h2><div class="spacer battle-history"><br></div><div class="battle-history">The opposing Mantine used <strong>Air Slash</strong>!<br></div><div class="battle-history"><small>It's super effective!</small><br></div><div class="battle-history"><small>(Roselia lost <abbr title="−74/303">24.4%</abbr> of its health!)</small><br></div><div class="spacer battle-history"><br></div><div class="battle-history">Roselia used <strong>Spikes</strong>!<br></div><div class="battle-history"><small>Spikes were scattered on the ground all around the opposing team!</small><br></div><div class="spacer battle-history"><br></div><h2 class="battle-history">Turn 2</h2><div class="spacer battle-history"><br></div><div class="battle-history">Roselia, come back!<br></div><div class="battle-history">Go! <strong>Wartortle</strong>!<br></div><div class="spacer battle-history"><br></div><div class="battle-history">The opposing Mantine used <strong>Scald</strong>!<br></div><div class="battle-history"><small>It's not very effective...</small><br></div><div class="battle-history"><small>(Wartortle lost <abbr title="−29/322">9.0%</abbr> of its health!)</small><br></div><div class="spacer battle-history"><br></div><h2 class="battle-history">Turn 3</h2><div class="spacer battle-history"><br></div><div class="battle-history">The opposing Mantine used <strong>Toxic</strong>!<br></div><div class="battle-history"><small>Wartortle avoided the attack!</small><br></div><div class="spacer battle-history"><br></div><div class="battle-history">Wartortle used <strong>Toxic</strong>!<br></div><div class="battle-history"><small>The opposing Mantine was badly poisoned!</small><br></div><div class="spacer battle-history"><br></div><div class="battle-history"><small>The opposing Mantine was hurt by poison!</small><br></div><div class="spacer battle-history"><br></div><h2 class="battle-history">Turn 4</h2><div class="spacer battle-history"><br></div><div class="battle-history">Wartortle, come back!<br></div><div class="battle-history">Go! <strong>Xatu</strong>!<br></div><div class="spacer battle-history"><br></div><div class="battle-history">The opposing Mantine used <strong>Defog</strong>!<br></div><div class="spacer battle-history"><br></div><div class="battle-history"><small>[Xatu's Magic Bounce]</small><br>Xatu bounced the Defog back!<br></div><div class="battle-history"><small>The opposing Mantine's evasiveness fell!</small><br></div><div class="battle-history"><small>The spikes disappeared from the ground around the opposing team!</small><br></div><div class="spacer battle-history"><br></div><div class="battle-history"><small>The opposing Mantine restored a little HP using its Leftovers!</small><br></div><div class="battle-history"><small>The opposing Mantine was hurt by poison!</small><br></div><div class="spacer battle-history"><br></div><h2 class="battle-history">Turn 5</h2><div class="spacer battle-history"><br></div><div class="battle-history">NaNaHeyJude withdrew Mantine!<br></div><div class="battle-history">NaNaHeyJude sent out <strong>Rhydon</strong>!<br></div><div class="spacer battle-history"><br></div><div class="battle-history">Xatu used <strong>Calm Mind</strong>!<br></div><div class="battle-history"><small>Xatu's Special Attack rose!</small><br></div><div class="battle-history"><small>Xatu's Special Defense rose!</small><br></div><div class="spacer battle-history"><br></div><h2 class="battle-history">Turn 6</h2><div class="spacer battle-history"><br></div><div class="battle-history">Xatu, come back!<br></div><div class="battle-history">Go! <strong>Wartortle</strong>!<br></div><div class="spacer battle-history"><br></div><div class="battle-history">The opposing Rhydon used <strong>Rock Blast</strong>!<br></div><div class="battle-history"><small>(Wartortle lost <abbr title="−24/322">7.5%</abbr> of its health!)</small><br></div><div class="battle-history"><small>(Wartortle lost <abbr title="−25/322">7.8%</abbr> of its health!)</small><br></div><div class="battle-history"><small>(Wartortle lost <abbr title="−24/322">7.5%</abbr> of its health!)</small><br></div><div class="battle-history"><small>Hit 3 times!</small><br></div><div class="spacer battle-history"><br></div><h2 class="battle-history">Turn 7</h2><div class="spacer battle-history"><br></div><div class="battle-history">Wartortle, come back!<br></div><div class="battle-history">Go! <strong>Audino</strong>!<br></div><div class="spacer battle-history"><br></div><div class="battle-history">NaNaHeyJude withdrew Rhydon!<br></div><div class="battle-history">NaNaHeyJude sent out <strong>Mantine</strong>!<br></div><div class="spacer battle-history"><br></div><div class="battle-history"><small>The opposing Mantine restored a little HP using its Leftovers!</small><br></div><div class="battle-history"><small>The opposing Mantine was hurt by poison!</small><br></div><div class="spacer battle-history"><br></div><h2 class="battle-history">Turn 8</h2><div class="spacer battle-history"><br></div><div class="battle-history"><small>Audino's Audinite is reacting to LCezasfuck's Mega Bracelet!</small><br>Audino has Mega Evolved into Mega Audino!<br></div><div class="spacer battle-history"><br></div><div class="battle-history">The opposing Mantine used <strong>Toxic</strong>!<br></div><div class="battle-history"><small>Audino was badly poisoned!</small><br></div><div class="spacer battle-history"><br></div><div class="battle-history">Audino used <strong>Wish</strong>!<br></div><div class="spacer battle-history"><br></div><div class="battle-history"><small>The opposing Mantine restored a little HP using its Leftovers!</small><br></div><div class="battle-history"><small>The opposing Mantine was hurt by poison!</small><br></div><div class="battle-history"><small>Audino was hurt by poison!</small><br></div><div class="spacer battle-history"><br></div><h2 class="battle-history">Turn 9</h2><div class="spacer battle-history"><br></div><div class="battle-history">NaNaHeyJude withdrew Mantine!<br></div><div class="battle-history">NaNaHeyJude sent out <strong>Abomasnow</strong>!<br></div><div class="battle-history"><small>[The opposing Abomasnow's Snow Warning]</small><br><small>It started to hail!</small><br></div><div class="spacer battle-history"><br></div><div class="battle-history">Audino, come back!<br></div><div class="battle-history">Go! <strong>Wartortle</strong>!<br></div><div class="spacer battle-history"><br></div><div class="battle-history"><small>The hail is crashing down.</small><br></div><div class="battle-history"><small>Wartortle is buffeted by the hail!</small><br></div><div class="battle-history"><small>Audino's wish came true!</small><br></div><div class="spacer battle-history"><br></div><h2 class="battle-history">Turn 10</h2><div class="spacer battle-history"><br></div><div class="battle-history">Wartortle, come back!<br></div><div class="battle-history">Go! Audino (<strong>Audino-Mega</strong>)!<br></div><div class="spacer battle-history"><br></div><div class="battle-history">The opposing Abomasnow used <strong>Giga Drain</strong>!<br></div><div class="battle-history"><small>(Audino lost <abbr title="−87/410">21.2%</abbr> of its health!)</small><br></div><div class="battle-history"><small>The opposing Abomasnow lost some of its HP!</small><br></div><div class="spacer battle-history"><br></div><div class="battle-history"><small>The hail is crashing down.</small><br></div><div class="battle-history"><small>Audino is buffeted by the hail!</small><br></div><div class="battle-history"><small>Audino was hurt by poison!</small><br></div><div class="spacer battle-history"><br></div><h2 class="battle-history">Turn 11</h2><div class="spacer battle-history"><br></div><div class="battle-history">The opposing Abomasnow used <strong>Blizzard</strong>!<br></div><div class="battle-history"><small>A critical hit!</small><br></div><div class="battle-history"><small>(Audino lost <abbr title="−175/410">42.7%</abbr> of its health!)</small><br></div><div class="battle-history"><small>The opposing Abomasnow lost some of its HP!</small><br></div><div class="spacer battle-history"><br></div><div class="battle-history">Audino used <strong>Heal Bell</strong>!<br></div><div class="battle-history"><small>A bell chimed!</small><br></div><div class="battle-history"><small>Audino was cured of its poisoning.</small><br></div><div class="spacer battle-history"><br></div><div class="battle-history"><small>The hail is crashing down.</small><br></div><div class="battle-history"><small>Audino is buffeted by the hail!</small><br></div><div class="spacer battle-history"><br></div><h2 class="battle-history">Turn 12</h2><div class="spacer battle-history"><br></div><div class="battle-history">Audino used <strong>Protect</strong>!<br></div><div class="battle-history"><small>Audino protected itself!</small><br></div><div class="spacer battle-history"><br></div><div class="battle-history">The opposing Abomasnow used <strong>Giga Drain</strong>!<br></div><div class="battle-history"><small>Audino protected itself!</small><br></div><div class="spacer battle-history"><br></div><div class="battle-history"><small>The hail is crashing down.</small><br></div><div class="battle-history"><small>Audino is buffeted by the hail!</small><br></div><div class="spacer battle-history"><br></div><h2 class="battle-history">Turn 13</h2><div class="spacer battle-history"><br></div><div class="battle-history">Audino, come back!<br></div><div class="battle-history">Go! <strong>Roselia</strong>!<br></div><div class="spacer battle-history"><br></div><div class="battle-history">The opposing Abomasnow used <strong>Blizzard</strong>!<br></div><div class="battle-history"><small>It's super effective!</small><br></div><div class="battle-history"><small>A critical hit!</small><br></div><div class="battle-history"><small>(Roselia lost <abbr title="−229/303">75.6%</abbr> of its health!)</small><br></div><div class="battle-history"><small>The opposing Abomasnow lost some of its HP!</small><br></div><div class="spacer battle-history"><br></div><div class="battle-history">Roselia fainted!<br></div><div class="spacer battle-history"><br></div><div class="battle-history"><small>The hail stopped.</small><br></div><div class="spacer battle-history"><br></div><div class="battle-history">Go! <strong>Xatu</strong>!<br></div><div class="spacer battle-history"><br></div><h2 class="battle-history">Turn 14</h2><div class="spacer battle-history"><br></div><div class="battle-history">NaNaHeyJude withdrew Abomasnow!<br></div><div class="battle-history">NaNaHeyJude sent out <strong>Rhydon</strong>!<br></div><div class="spacer battle-history"><br></div><div class="battle-history">Xatu used <strong>Psychic</strong>!<br></div><div class="battle-history"><small>(The opposing Rhydon lost <abbr title="−81/414">19.6%</abbr> of its health!)</small><br></div><div class="spacer battle-history"><br></div><h2 class="battle-history">Turn 15</h2><div class="spacer battle-history"><br></div><div class="battle-history">Xatu, come back!<br></div><div class="battle-history">Go! <strong>Wartortle</strong>!<br></div><div class="spacer battle-history"><br></div><div class="battle-history">The opposing Rhydon used <strong>Rock Blast</strong>!<br></div><div class="battle-history"><small>Wartortle avoided the attack!</small><br></div><div class="spacer battle-history"><br></div><h2 class="battle-history">Turn 16</h2><div class="spacer battle-history"><br></div><div class="battle-history">Wartortle, come back!<br></div><div class="battle-history">Go! <strong>Steelix</strong>!<br></div><div class="spacer battle-history"><br></div><div class="battle-history">NaNaHeyJude withdrew Rhydon!<br></div><div class="battle-history">NaNaHeyJude sent out <strong>Mantine</strong>!<br></div><div class="spacer battle-history"><br></div><div class="battle-history"><small>The opposing Mantine restored a little HP using its Leftovers!</small><br></div><div class="battle-history"><small>The opposing Mantine was hurt by poison!</small><br></div><div class="spacer battle-history"><br></div><h2 class="battle-history">Turn 17</h2><div class="spacer battle-history"><br></div><div class="battle-history">Steelix, come back!<br></div><div class="battle-history">Go! Audino (<strong>Audino-Mega</strong>)!<br></div><div class="spacer battle-history"><br></div><div class="battle-history">The opposing Mantine used <strong>Scald</strong>!<br></div><div class="battle-history"><small>(Audino lost <abbr title="−23/410">5.6%</abbr> of its health!)</small><br></div><div class="spacer battle-history"><br></div><div class="battle-history">Audino fainted!<br></div><div class="spacer battle-history"><br></div><div class="battle-history"><small>The opposing Mantine restored a little HP using its Leftovers!</small><br></div><div class="battle-history"><small>The opposing Mantine was hurt by poison!</small><br></div><div class="spacer battle-history"><br></div><div class="battle-history">Go! <strong>Xatu</strong>!<br></div><div class="spacer battle-history"><br></div><h2 class="battle-history">Turn 18</h2><div class="spacer battle-history"><br></div><div class="battle-history">NaNaHeyJude withdrew Mantine!<br></div><div class="battle-history">NaNaHeyJude sent out <strong>Rhydon</strong>!<br></div><div class="spacer battle-history"><br></div><div class="battle-history">Xatu used <strong>Psychic</strong>!<br></div><div class="battle-history"><small>(The opposing Rhydon lost <abbr title="−81/414">19.6%</abbr> of its health!)</small><br></div><div class="battle-history"><small>The opposing Rhydon's Special Defense fell!</small><br></div><div class="spacer battle-history"><br></div><h2 class="battle-history">Turn 19</h2><div class="spacer battle-history"><br></div><div class="battle-history">Xatu, come back!<br></div><div class="battle-history">Go! <strong>Wartortle</strong>!<br></div><div class="spacer battle-history"><br></div><div class="battle-history">The opposing Rhydon used <strong>Rock Blast</strong>!<br></div><div class="battle-history"><small>(Wartortle lost <abbr title="−24/322">7.5%</abbr> of its health!)</small><br></div><div class="battle-history"><small>(Wartortle lost <abbr title="−25/322">7.8%</abbr> of its health!)</small><br></div><div class="battle-history"><small>Hit 2 times!</small><br></div><div class="spacer battle-history"><br></div><h2 class="battle-history">Turn 20</h2><div class="spacer battle-history"><br></div><div class="battle-history">Wartortle, come back!<br></div><div class="battle-history">Go! <strong>Xatu</strong>!<br></div><div class="spacer battle-history"><br></div><div class="battle-history">NaNaHeyJude withdrew Rhydon!<br></div><div class="battle-history">NaNaHeyJude sent out <strong>Mantine</strong>!<br></div><div class="spacer battle-history"><br></div><div class="battle-history"><small>The opposing Mantine restored a little HP using its Leftovers!</small><br></div><div class="battle-history"><small>The opposing Mantine was hurt by poison!</small><br></div><div class="spacer battle-history"><br></div><h2 class="battle-history">Turn 21</h2><div class="spacer battle-history"><br></div><div class="battle-history">Xatu used <strong>Psychic</strong>!<br></div><div class="battle-history"><small>(The opposing Mantine lost <abbr title="−70/333">21.0%</abbr> of its health!)</small><br></div><div class="battle-history"><small>The opposing Mantine's Special Defense fell!</small><br></div><div class="spacer battle-history"><br></div><div class="battle-history">The opposing Mantine used <strong>Scald</strong>!<br></div><div class="battle-history"><small>(Xatu lost <abbr title="−103/334">30.8%</abbr> of its health!)</small><br></div><div class="spacer battle-history"><br></div><div class="battle-history"><small>Xatu restored a little HP using its Leftovers!</small><br></div><div class="battle-history"><small>The opposing Mantine restored a little HP using its Leftovers!</small><br></div><div class="battle-history"><small>The opposing Mantine was hurt by poison!</small><br></div><div class="spacer battle-history"><br></div><h2 class="battle-history">Turn 22</h2><div class="spacer battle-history"><br></div><div class="battle-history">NaNaHeyJude withdrew Mantine!<br></div><div class="battle-history">NaNaHeyJude sent out <strong>Rhydon</strong>!<br></div><div class="spacer battle-history"><br></div><div class="battle-history">Xatu used <strong>Psychic</strong>!<br></div><div class="battle-history"><small>A critical hit!</small><br></div><div class="battle-history"><small>(The opposing Rhydon lost <abbr title="−135/414">32.6%</abbr> of its health!)</small><br></div><div class="spacer battle-history"><br></div><div class="battle-history"><small>Xatu restored a little HP using its Leftovers!</small><br></div><div class="spacer battle-history"><br></div><h2 class="battle-history">Turn 23</h2><div class="spacer battle-history"><br></div><div class="battle-history">Xatu, come back!<br></div><div class="battle-history">Go! <strong>Steelix</strong>!<br></div><div class="spacer battle-history"><br></div><div class="battle-history">NaNaHeyJude withdrew Rhydon!<br></div><div class="battle-history">NaNaHeyJude sent out <strong>Abomasnow</strong>!<br></div><div class="battle-history"><small>[The opposing Abomasnow's Snow Warning]</small><br><small>It started to hail!</small><br></div><div class="spacer battle-history"><br></div><div class="battle-history"><small>The hail is crashing down.</small><br></div><div class="battle-history"><small>Steelix is buffeted by the hail!</small><br></div><div class="battle-history"><small>Steelix restored a little HP using its Leftovers!</small><br></div><div class="spacer battle-history"><br></div><h2 class="battle-history">Turn 24</h2><div class="spacer battle-history"><br></div><div class="battle-history">NaNaHeyJude withdrew Abomasnow!<br></div><div class="battle-history">NaNaHeyJude sent out <strong>Garbodor</strong>!<br></div><div class="spacer battle-history"><br></div><div class="battle-history">Steelix used <strong>Stealth Rock</strong>!<br></div><div class="battle-history"><small>Pointed stones float in the air around the opposing team!</small><br></div><div class="spacer battle-history"><br></div><div class="battle-history"><small>The hail is crashing down.</small><br></div><div class="battle-history"><small>The opposing Garbodor is buffeted by the hail!</small><br></div><div class="battle-history"><small>Steelix is buffeted by the hail!</small><br></div><div class="battle-history"><small>Steelix restored a little HP using its Leftovers!</small><br></div><div class="spacer battle-history"><br></div><h2 class="battle-history">Turn 25</h2><div class="spacer battle-history"><br></div><div class="battle-history">Steelix, come back!<br></div><div class="battle-history">Go! <strong>Xatu</strong>!<br></div><div class="spacer battle-history"><br></div><div class="battle-history">The opposing Garbodor used <strong>Toxic Spikes</strong>!<br></div><div class="spacer battle-history"><br></div><div class="battle-history"><small>[Xatu's Magic Bounce]</small><br>Xatu bounced the Toxic Spikes back!<br></div><div class="battle-history"><small>Poison spikes were scattered on the ground all around the opposing team!</small><br></div><div class="spacer battle-history"><br></div><div class="battle-history"><small>The hail is crashing down.</small><br></div><div class="battle-history"><small>Xatu is buffeted by the hail!</small><br></div><div class="battle-history"><small>The opposing Garbodor is buffeted by the hail!</small><br></div><div class="battle-history"><small>Xatu restored a little HP using its Leftovers!</small><br></div><div class="spacer battle-history"><br></div><h2 class="battle-history">Turn 26</h2><div class="spacer battle-history"><br></div><div class="battle-history">Xatu used <strong>Calm Mind</strong>!<br></div><div class="battle-history"><small>Xatu's Special Attack rose!</small><br></div><div class="battle-history"><small>Xatu's Special Defense rose!</small><br></div><div class="spacer battle-history"><br></div><div class="battle-history">The opposing Garbodor used <strong>Gunk Shot</strong>!<br></div><div class="battle-history"><small>(Xatu lost <abbr title="−120/334">35.9%</abbr> of its health!)</small><br></div><div class="spacer battle-history"><br></div><div class="battle-history"><small>The hail is crashing down.</small><br></div><div class="battle-history"><small>Xatu is buffeted by the hail!</small><br></div><div class="battle-history"><small>The opposing Garbodor is buffeted by the hail!</small><br></div><div class="battle-history"><small>Xatu restored a little HP using its Leftovers!</small><br></div><div class="spacer battle-history"><br></div><h2 class="battle-history">Turn 27</h2><div class="spacer battle-history"><br></div><div class="battle-history">Xatu used <strong>Roost</strong>!<br></div><div class="battle-history"><small>Xatu restored its HP.</small><br></div><div class="spacer battle-history"><br></div><div class="battle-history">The opposing Garbodor used <strong>Gunk Shot</strong>!<br></div><div class="battle-history"><small>Xatu avoided the attack!</small><br></div><div class="spacer battle-history"><br></div><div class="battle-history"><small>The hail stopped.</small><br></div><div class="battle-history"><small>Xatu restored a little HP using its Leftovers!</small><br></div><div class="spacer battle-history"><br></div><h2 class="battle-history">Turn 28</h2><div class="chat chatmessage-nanaheyjude"><strong style="color:hsl(48,74%,40.00068337696286%)"><small>★</small><span class="username" data-name="NaNaHeyJude">NaNaHeyJude</span>:</strong> <em>lol</em></div><div class="spacer battle-history"><br></div><div class="battle-history">Xatu used <strong>Psychic</strong>!<br></div><div class="battle-history"><small>It's super effective!</small><br></div><div class="battle-history"><small>(The opposing Garbodor lost <abbr title="−282/363">77.7%</abbr> of its health!)</small><br></div><div class="spacer battle-history"><br></div><div class="battle-history">The opposing Garbodor used <strong>Gunk Shot</strong>!<br></div><div class="battle-history"><small>(Xatu lost <abbr title="−121/334">36.2%</abbr> of its health!)</small><br></div><div class="spacer battle-history"><br></div><div class="battle-history"><small>Xatu restored a little HP using its Leftovers!</small><br></div><div class="spacer battle-history"><br></div><h2 class="battle-history">Turn 29</h2><div class="spacer battle-history"><br></div><div class="battle-history">Xatu used <strong>Psychic</strong>!<br></div><div class="battle-history"><small>It's super effective!</small><br></div><div class="battle-history"><small>(The opposing Garbodor lost <abbr title="−15/363">4.1%</abbr> of its health!)</small><br></div><div class="spacer battle-history"><br></div><div class="battle-history">The opposing Garbodor fainted!<br></div><div class="spacer battle-history"><br></div><div class="battle-history"><small>Xatu restored a little HP using its Leftovers!</small><br></div><div class="spacer battle-history"><br></div><div class="battle-history">NaNaHeyJude sent out <strong>Charizard</strong>!<br></div><div class="battle-history"><small>Pointed stones dug into the opposing Charizard!</small><br></div><div class="spacer battle-history"><br></div><h2 class="battle-history">Turn 30</h2><div class="spacer battle-history"><br></div><div class="battle-history">The opposing Charizard used <strong>Fire Blast</strong>!<br></div><div class="battle-history"><small>Xatu avoided the attack!</small><br></div><div class="spacer battle-history"><br></div><div class="battle-history">Xatu used <strong>Psychic</strong>!<br></div><div class="battle-history"><small>(The opposing Charizard lost <abbr title="−149/297">50.2%</abbr> of its health!)</small><br></div><div class="spacer battle-history"><br></div><div class="battle-history">The opposing Charizard fainted!<br></div><div class="spacer battle-history"><br></div><div class="battle-history"><small>Xatu restored a little HP using its Leftovers!</small><br></div><div class="chat chatmessage-nanaheyjude"><strong style="color:hsl(48,74%,40.00068337696286%)"><small>★</small><span class="username" data-name="NaNaHeyJude">NaNaHeyJude</span>:</strong> <em>fuck off noob haxor</em></div><div class="chat chatmessage-lcezasfuck"><strong style="color:hsl(63,60%,38.09380051909%)"><small>★</small><span class="username" data-name="LCezasfuck">LCezasfuck</span>:</strong> <em>Sword dance charizard</em></div><div class="spacer battle-history"><br></div><div class="battle-history"><small>NaNaHeyJude forfeited.</small><br></div><div class="spacer battle-history"><br></div><div class="battle-history"><strong>LCezasfuck</strong> won the battle!<br></div><div class="chat"><small>NaNaHeyJude left.</small></div></div><div class="inner-preempt"></div></div></div>
</div>
<script>
let daily = Math.floor(Date.now()/1000/60/60/24);document.write('<script src="https://play.pokemonshowdown.com/js/replay-embed.js?version'+daily+'"></'+'script>');
</script>
