<!DOCTYPE html>
<meta charset="utf-8" />
<!-- version 1 -->
<title>OU replay: Karelmx vs. jyhyjhyjf</title>
<style>
html,body {font-family:Verdana, sans-serif;font-size:10pt;margin:0;padding:0;}body{padding:12px 0;} .battle-log {font-family:Verdana, sans-serif;font-size:10pt;} .battle-log-inline {border:1px solid #AAAAAA;background:#EEF2F5;color:black;max-width:640px;margin:0 auto 80px;padding-bottom:5px;} .battle-log .inner {padding:4px 8px 0px 8px;} .battle-log .inner-preempt {padding:0 8px 4px 8px;} .battle-log .inner-after {margin-top:0.5em;} .battle-log h2 {margin:0.5em -8px;padding:4px 8px;border:1px solid #AAAAAA;background:#E0E7EA;border-left:0;border-right:0;font-family:Verdana, sans-serif;font-size:13pt;} .battle-log .chat {vertical-align:middle;padding:3px 0 3px 0;font-size:8pt;} .battle-log .chat strong {color:#40576A;} .battle-log .chat em {padding:1px 4px 1px 3px;color:#000000;font-style:normal;} .chat.mine {background:rgba(0,0,0,0.05);margin-left:-8px;margin-right:-8px;padding-left:8px;padding-right:8px;} .spoiler {color:#BBBBBB;background:#BBBBBB;padding:0px 3px;} .spoiler:hover, .spoiler:active, .spoiler-shown {color:#000000;background:#E2E2E2;padding:0px 3px;} .spoiler a {color:#BBBBBB;} .spoiler:hover a, .spoiler:active a, .spoiler-shown a {color:#2288CC;} .chat code, .chat .spoiler:hover code, .chat .spoiler:active code, .chat .spoiler-shown code {border:1px solid #C0C0C0;background:#EEEEEE;color:black;padding:0 2px;} .chat .spoiler code {border:1px solid #CCCCCC;background:#CCCCCC;color:#CCCCCC;} .battle-log .rated {padding:3px 4px;} .battle-log .rated strong {color:white;background:#89A;padding:1px 4px;border-radius:4px;} .spacer {margin-top:0.5em;} .message-announce {background:#6688AA;color:white;padding:1px 4px 2px;} .message-announce a, .broadcast-green a, .broadcast-blue a, .broadcast-red a {color:#DDEEFF;} .broadcast-green {background-color:#559955;color:white;padding:2px 4px;} .broadcast-blue {background-color:#6688AA;color:white;padding:2px 4px;} .infobox {border:1px solid #6688AA;padding:2px 4px;} .infobox-limited {max-height:200px;overflow:auto;overflow-x:hidden;} .broadcast-red {background-color:#AA5544;color:white;padding:2px 4px;} .message-learn-canlearn {font-weight:bold;color:#228822;text-decoration:underline;} .message-learn-cannotlearn {font-weight:bold;color:#CC2222;text-decoration:underline;} .message-effect-weak {font-weight:bold;color:#CC2222;} .message-effect-resist {font-weight:bold;color:#6688AA;} .message-effect-immune {font-weight:bold;color:#666666;} .message-learn-list {margin-top:0;margin-bottom:0;} .message-throttle-notice, .message-error {color:#992222;} .message-overflow, .chat small.message-overflow {font-size:0pt;} .message-overflow::before {font-size:9pt;content:'...';} .subtle {color:#3A4A66;}
</style>
<div class="wrapper replay-wrapper" style="max-width:1180px;margin:0 auto">
<input type="hidden" name="replayid" value="destiny-ou-459330" />
<div class="battle"></div><div class="battle-log"></div><div class="replay-controls"></div><div class="replay-controls-2"></div>
<h1 style="font-weight:normal;text-align:center"><strong>OU</strong><br /><a href="http://pokemonshowdown.com/users/karelmx" class="subtle" target="_blank">Karelmx</a> vs. <a href="http://pokemonshowdown.com/users/jyhyjhyjf" class="subtle" target="_blank">jyhyjhyjf</a></h1>
<script type="text/plain" class="battle-log-data">|player|p1|Karelmx|70
|teamsize|p1|6
|player|p2|jyhyjhyjf|169
|teamsize|p2|6
|teamsize|p1|6
|teamsize|p2|6
|gametype|singles
|gen|7
|tier|OU
|rated
|seed|51036,39183,53037,60925
|rule|Cláusula-Mod de Dormir: solo puedes dormir a uno de tus oponentes a la vez.
|rule|Cláusula de Especie: Hasta un Pokémon de cada especie
|rule|Cláusula de Golpe Fulminante: los movimientos fulminantes (OHKO) estan prohibidos
|rule|Cláusula de Veleta: la habilidad Veleta está prohibida
|rule|Cláusula de Movimientos Evasivos: los movimientos de Evasión están prohibidos.
|rule|Cláusula de Batallas Eternas: forzar batallas eternas está prohibido
|clearpoke
|poke|p1|Persian-Alola, F|item
|poke|p1|Togedemaru, M|item
|poke|p1|Ferrothorn, M|item
|poke|p1|Landorus-Therian, M|item
|poke|p1|Gallade, M|item
|poke|p1|Heatran, F|item
|poke|p2|Charizard, F|item
|poke|p2|Garchomp, M|item
|poke|p2|Greninja, M|item
|poke|p2|Keldeo|item
|poke|p2|Amoonguss, F|item
|poke|p2|Tapu Koko|item
|teampreview|undefined
|choice|*|*team 623451
|choice|*team 123456|*
|choice|team 1, 2, 3, 4, 5, 6|team 6, 2, 3, 4, 5, 1
|
|start
|switch|p1a: Persian|Persian-Alola, F|271\/271
|switch|p2a: Tapu Koko|Tapu Koko|344\/344
|-fieldstart|move: Electric Terrain|[from] ability: Electric Surge|[of] p2a: Tapu Koko
|turn|1
|choice|*switch 2|*
|choice|*|*move 4
|choice|switch 2|move thunder
|
|switch|p1a: Togedemaru|Togedemaru, M|271\/271
|move|p2a: Tapu Koko|Thunder|p1a: Togedemaru
|-ability|p1a: Togedemaru|Lightning Rod|boost
|-boost|p1a: Togedemaru|spa|1
|
|upkeep
|turn|2
|choice|*move 2|*
|choice|*|*switch 2
|choice|move zingzap|switch 2
|
|switch|p2a: Garchomp|Garchomp, M|374\/374
|move|p1a: Togedemaru|Zing Zap|p2a: Garchomp
|-immune|p2a: Garchomp|[msg]
|
|upkeep
|turn|3
|choice|*|*move 3
|choice|*switch 3|*
|choice|switch 3|move dracometeor
|
|switch|p1a: Ferrothorn|Ferrothorn, M|290\/290
|move|p2a: Garchomp|Draco Meteor|p1a: Ferrothorn
|-resisted|p1a: Ferrothorn
|-damage|p1a: Ferrothorn|242\/290
|-unboost|p2a: Garchomp|spa|2
|
|upkeep
|turn|4
|choice|*|*switch 6
|choice|*move 1|*
|choice|move stealthrock|switch 6
|
|switch|p2a: Charizard|Charizard, F|360\/360
|move|p1a: Ferrothorn|Stealth Rock|p2a: Charizard
|-sidestart|p2: jyhyjhyjf|move: Stealth Rock
|
|upkeep
|turn|5
|choice|*switch 6|*
|choice|*|*move 2 mega
|choice|switch 6|move thunderpunch mega
|
|switch|p1a: Heatran|Heatran, F|323\/323
|-mega|p2a: Charizard|Charizard|Charizardite X
|detailschange|p2a: Charizard|Charizard-Mega-X, F
|move|p2a: Charizard|Thunder Punch|p1a: Heatran
|-damage|p1a: Heatran|182\/323
|
|-heal|p1a: Heatran|202\/323|[from] item: Leftovers
|-fieldend|move: Electric Terrain
|upkeep
|turn|6
|choice|*|*move 1
|choice|*move 4|*
|choice|move toxic|move dragontail
|
|move|p1a: Heatran|Toxic|p2a: Charizard
|-status|p2a: Charizard|tox
|move|p2a: Charizard|Dragon Tail|p1a: Heatran
|-resisted|p1a: Heatran
|-damage|p1a: Heatran|150\/323
|drag|p1a: Ferrothorn|Ferrothorn, M|242\/290
|
|-damage|p2a: Charizard|338\/360 tox|[from] psn
|upkeep
|turn|7
|choice|*|*move 2
|choice|*move 4|*
|choice|move protect|move thunderpunch
|
|move|p1a: Ferrothorn|Protect|p1a: Ferrothorn
|-singleturn|p1a: Ferrothorn|Protect
|move|p2a: Charizard|Thunder Punch|p1a: Ferrothorn
|-activate|p1a: Ferrothorn|move: Protect
|
|-damage|p2a: Charizard|294\/360 tox|[from] psn
|upkeep
|turn|8
|choice|*|*switch 5
|choice|*move 3|*
|choice|move leechseed|switch 5
|
|switch|p2a: Amoonguss|Amoonguss, F|369\/369
|-damage|p2a: Amoonguss|323\/369|[from] Stealth Rock
|move|p1a: Ferrothorn|Leech Seed|p2a: Amoonguss
|-immune|p2a: Amoonguss|[msg]
|
|upkeep
|turn|9
|choice|*|*move 4
|choice|*move 2|*
|choice|move knockoff|move hiddenpower
|
|move|p2a: Amoonguss|Hidden Power|p1a: Ferrothorn
|-supereffective|p1a: Ferrothorn
|-damage|p1a: Ferrothorn|130\/290
|move|p1a: Ferrothorn|Knock Off|p2a: Amoonguss
|-damage|p2a: Amoonguss|247\/369
|-enditem|p2a: Amoonguss|Focus Sash|[from] move: Knock Off|[of] p1a: Ferrothorn
|
|upkeep
|turn|10
|choice|*|*move 4
|choice|*switch 6|*
|choice|switch 6|move hiddenpower
|
|switch|p1a: Heatran|Heatran, F|150\/323
|move|p2a: Amoonguss|Hidden Power|p1a: Heatran
|-start|p1a: Heatran|ability: Flash Fire
|
|-heal|p1a: Heatran|170\/323|[from] item: Leftovers
|upkeep
|turn|11
|choice|*|*move 2
|choice|*move 3|*
|choice|*move 1|*
|choice|*|*switch 3
|choice|move magmastorm|switch 3
|
|switch|p2a: Greninja|Greninja, M|332\/332
|-damage|p2a: Greninja|291\/332|[from] Stealth Rock
|move|p1a: Heatran|Magma Storm|p2a: Greninja
|-resisted|p2a: Greninja
|-damage|p2a: Greninja|122\/332
|-activate|p2a: Greninja|move: Magma Storm|[of] p1a: Heatran
|
|-heal|p1a: Heatran|190\/323|[from] item: Leftovers
|-damage|p2a: Greninja|81\/332|[from] move: Magma Storm|[partiallytrapped]
|upkeep
|turn|12
|choice|*|*move 1
|choice|*switch 3|*
|choice|switch 3|move scald
|
|-end|p1a: Heatran|ability: Flash Fire|[silent]
|switch|p1a: Togedemaru|Togedemaru, M|271\/271
|move|p2a: Greninja|Scald|p1a: Togedemaru
|-damage|p1a: Togedemaru|156\/271
|
|-heal|p1a: Togedemaru|172\/271|[from] item: Leftovers
|upkeep
|turn|13
|choice|*move 3|*
|choice|*|*switch 6
|choice|move spikyshield|switch 6
|
|switch|p2a: Garchomp|Garchomp, M|374\/374
|-damage|p2a: Garchomp|351\/374|[from] Stealth Rock
|move|p1a: Togedemaru|Spiky Shield|p1a: Togedemaru
|-fail|p1a: Togedemaru
|
|-heal|p1a: Togedemaru|188\/271|[from] item: Leftovers
|upkeep
|turn|14
|choice|*|*move 3
|choice|*move 3|*
|choice|move spikyshield|move dracometeor
|
|move|p1a: Togedemaru|Spiky Shield|p1a: Togedemaru
|-singleturn|p1a: Togedemaru|move: Protect
|move|p2a: Garchomp|Draco Meteor|p1a: Togedemaru
|-activate|p1a: Togedemaru|move: Protect
|
|-heal|p1a: Togedemaru|204\/271|[from] item: Leftovers
|upkeep
|turn|15
|choice|*|*move 2
|choice|*move 1|*
|choice|move wish|move firefang
|
|move|p2a: Garchomp|Fire Fang|p1a: Togedemaru
|-supereffective|p1a: Togedemaru
|-damage|p1a: Togedemaru|70\/271
|move|p1a: Togedemaru|Wish|p1a: Togedemaru
|
|-heal|p1a: Togedemaru|86\/271|[from] item: Leftovers
|upkeep
|turn|16
|choice|*|*move 2
|choice|*move 3|*
|choice|move spikyshield|move firefang
|
|move|p1a: Togedemaru|Spiky Shield|p1a: Togedemaru
|-singleturn|p1a: Togedemaru|move: Protect
|move|p2a: Garchomp|Fire Fang|p1a: Togedemaru
|-activate|p1a: Togedemaru|move: Protect
|-damage|p2a: Garchomp|305\/374|[from] Spiky Shield|[of] p1a: Togedemaru
|
|-heal|p1a: Togedemaru|221\/271|[from] move: Wish|[wisher] Togedemaru
|-heal|p1a: Togedemaru|237\/271|[from] item: Leftovers
|upkeep
|turn|17
|choice|*|*move 2
|choice|*switch 4|*
|choice|switch 4|move firefang
|
|switch|p1a: Landorus|Landorus-Therian, M|319\/319
|-ability|p1a: Landorus|Intimidate|boost
|-unboost|p2a: Garchomp|atk|1
|move|p2a: Garchomp|Fire Fang|p1a: Landorus
|-damage|p1a: Landorus|287\/319
|
|-heal|p1a: Landorus|306\/319|[from] item: Leftovers
|upkeep
|turn|18
|choice|*|*move 3
|choice|*move 3|*
|choice|move knockoff|move dracometeor
|
|move|p1a: Landorus|Knock Off|p2a: Garchomp
|-damage|p2a: Garchomp|209\/374
|-damage|p1a: Landorus|267\/319|[from] ability: Rough Skin|[of] p2a: Garchomp
|-enditem|p2a: Garchomp|Focus Sash|[from] move: Knock Off|[of] p1a: Landorus
|move|p2a: Garchomp|Draco Meteor|p1a: Landorus
|-crit|p1a: Landorus
|-damage|p1a: Landorus|12\/319
|-unboost|p2a: Garchomp|spa|2
|
|-heal|p1a: Landorus|31\/319|[from] item: Leftovers
|upkeep
|turn|19
|choice|*|*move 1
|choice|*switch 6|*
|choice|switch 6|move aquatail
|
|switch|p1a: Ferrothorn|Ferrothorn, M|130\/290
|move|p2a: Garchomp|Aqua Tail|p1a: Ferrothorn|[miss]
|-miss|p2a: Garchomp|p1a: Ferrothorn
|
|upkeep
|turn|20
|choice|*|*move 2
|choice|*move 3|*
|choice|move leechseed|move firefang
|
|move|p2a: Garchomp|Fire Fang|p1a: Ferrothorn
|-supereffective|p1a: Ferrothorn
|-damage|p1a: Ferrothorn|18\/290
|-damage|p2a: Garchomp|163\/374|[from] ability: Iron Barbs|[of] p1a: Ferrothorn
|-damage|p2a: Garchomp|101\/374|[from] item: Rocky Helmet|[of] p1a: Ferrothorn
|move|p1a: Ferrothorn|Leech Seed|p2a: Garchomp
|-start|p2a: Garchomp|move: Leech Seed
|
|-damage|p2a: Garchomp|55\/374|[from] Leech Seed|[of] p1a: Ferrothorn
|-heal|p1a: Ferrothorn|64\/290|[silent]
|upkeep
|turn|21
|choice|*|*move 2
|choice|*move 4|*
|choice|move protect|move firefang
|
|move|p1a: Ferrothorn|Protect|p1a: Ferrothorn
|-singleturn|p1a: Ferrothorn|Protect
|move|p2a: Garchomp|Fire Fang|p1a: Ferrothorn
|-activate|p1a: Ferrothorn|move: Protect
|
|-damage|p2a: Garchomp|9\/374|[from] Leech Seed|[of] p1a: Ferrothorn
|-heal|p1a: Ferrothorn|110\/290|[silent]
|upkeep
|turn|22
|choice|*|*move 2
|choice|*switch 3|*
|choice|switch 3|move firefang
|
|switch|p1a: Heatran|Heatran, F|190\/323
|move|p2a: Garchomp|Fire Fang|p1a: Heatran
|-start|p1a: Heatran|ability: Flash Fire
|
|-heal|p1a: Heatran|210\/323|[from] item: Leftovers
|-damage|p2a: Garchomp|0 fnt|[from] Leech Seed|[of] p1a: Heatran
|-heal|p1a: Heatran|219\/323|[silent]
|upkeep
|faint|p2a: Garchomp
|choice|*|*switch 4
|choice||switch 4
|
|switch|p2a: Keldeo|Keldeo|323\/323
|-damage|p2a: Keldeo|303\/323|[from] Stealth Rock
|turn|23
|choice|*|*move 3
|choice|*move 4|*
|choice|move toxic|move hydropump
|
|move|p2a: Keldeo|Hydro Pump|p1a: Heatran
|-supereffective|p1a: Heatran
|-damage|p1a: Heatran|13\/323
|move|p1a: Heatran|Toxic|p2a: Keldeo
|-status|p2a: Keldeo|tox
|
|-heal|p1a: Heatran|33\/323|[from] item: Leftovers
|-damage|p2a: Keldeo|283\/323 tox|[from] psn
|upkeep
|turn|24
|choice|*|*move 3
|choice|*switch 4|*
|choice|switch 4|move hydropump
|
|-end|p1a: Heatran|ability: Flash Fire|[silent]
|switch|p1a: Togedemaru|Togedemaru, M|237\/271
|move|p2a: Keldeo|Hydro Pump|p1a: Togedemaru
|-damage|p1a: Togedemaru|80\/271
|
|-heal|p1a: Togedemaru|96\/271|[from] item: Leftovers
|-damage|p2a: Keldeo|243\/323 tox|[from] psn
|upkeep
|turn|25
|choice|*move 3|*
|choice|*|*move 3
|choice|move spikyshield|move hydropump
|
|move|p1a: Togedemaru|Spiky Shield|p1a: Togedemaru
|-singleturn|p1a: Togedemaru|move: Protect
|move|p2a: Keldeo|Hydro Pump|p1a: Togedemaru
|-activate|p1a: Togedemaru|move: Protect
|
|-heal|p1a: Togedemaru|112\/271|[from] item: Leftovers
|-damage|p2a: Keldeo|183\/323 tox|[from] psn
|upkeep
|turn|26
|choice|*|*move 3
|choice|*switch 4|*
|choice|switch 4|move hydropump
|
|switch|p1a: Heatran|Heatran, F|33\/323
|move|p2a: Keldeo|Hydro Pump|p1a: Heatran|[miss]
|-miss|p2a: Keldeo|p1a: Heatran
|
|-heal|p1a: Heatran|53\/323|[from] item: Leftovers
|-damage|p2a: Keldeo|103\/323 tox|[from] psn
|upkeep
|turn|27
|choice|*move 1|*
|choice|*|*move 3
|choice|move magmastorm|move hydropump
|
|move|p2a: Keldeo|Hydro Pump|p1a: Heatran
|-supereffective|p1a: Heatran
|-damage|p1a: Heatran|0 fnt
|faint|p1a: Heatran
|
|-damage|p2a: Keldeo|3\/323 tox|[from] psn
|upkeep
|choice|*switch 5|*
|choice|switch 5|
|
|switch|p1a: Gallade|Gallade, M|277\/277
|turn|28
|choice|*|*switch 5
|choice|*move 4 mega|*
|choice|move shadowsneak mega|switch 5
|
|switch|p2a: Charizard|Charizard-Mega-X, F|294\/360 tox
|-damage|p2a: Charizard|204\/360 tox|[from] Stealth Rock
|-mega|p1a: Gallade|Gallade|Galladite
|detailschange|p1a: Gallade|Gallade-Mega, M
|move|p1a: Gallade|Shadow Sneak|p2a: Charizard
|-damage|p2a: Charizard|151\/360 tox
|
|-damage|p2a: Charizard|129\/360 tox|[from] psn
|upkeep
|turn|29
|choice|*switch 6|*
|choice|*|*move 3
|choice|switch 6|move roost
|
|switch|p1a: Landorus|Landorus-Therian, M|31\/319
|-ability|p1a: Landorus|Intimidate|boost
|-unboost|p2a: Charizard|atk|1
|move|p2a: Charizard|Roost|p2a: Charizard
|-heal|p2a: Charizard|309\/360 tox
|
|-heal|p1a: Landorus|50\/319|[from] item: Leftovers
|-damage|p2a: Charizard|265\/360 tox|[from] psn
|upkeep
|turn|30
|choice|*|*move 2
|choice|*switch 6|*
|choice|switch 6|move thunderpunch
|
|switch|p1a: Gallade|Gallade-Mega, M|277\/277
|move|p2a: Charizard|Thunder Punch|p1a: Gallade
|-damage|p1a: Gallade|209\/277
|-status|p1a: Gallade|par
|
|-damage|p2a: Charizard|199\/360 tox|[from] psn
|upkeep
|turn|31
|choice|*|*move 3
|choice|*move 1|*
|choice|move swordsdance|move roost
|
|move|p2a: Charizard|Roost|p2a: Charizard
|-heal|p2a: Charizard|360\/360 tox
|move|p1a: Gallade|Swords Dance|p1a: Gallade
|-boost|p1a: Gallade|atk|2
|
|-damage|p2a: Charizard|272\/360 tox|[from] psn
|upkeep
|turn|32
|choice|*|*switch 3
|choice|*move 2|*
|choice|move drainpunch|switch 3
|
|switch|p2a: Amoonguss|Amoonguss, F|247\/369
|-damage|p2a: Amoonguss|201\/369|[from] Stealth Rock
|cant|p1a: Gallade|par
|
|upkeep
|turn|33
|choice|*|*move 2
|choice|*move 2|*
|choice|move drainpunch|move gigadrain
|
|move|p1a: Gallade|Drain Punch|p2a: Amoonguss
|-resisted|p2a: Amoonguss
|-damage|p2a: Amoonguss|18\/369
|-heal|p1a: Gallade|277\/277 par|[from] drain|[of] p2a: Amoonguss
|move|p2a: Amoonguss|Giga Drain|p1a: Gallade
|-damage|p1a: Gallade|205\/277 par
|-heal|p2a: Amoonguss|54\/369|[from] drain|[of] p1a: Gallade
|
|upkeep
|turn|34
|choice|*move 2|*
|choice|*|*switch 2
|choice|move drainpunch|switch 2
|
|switch|p2a: Tapu Koko|Tapu Koko|344\/344
|-damage|p2a: Tapu Koko|301\/344|[from] Stealth Rock
|-fieldstart|move: Electric Terrain|[from] ability: Electric Surge|[of] p2a: Tapu Koko
|move|p1a: Gallade|Drain Punch|p2a: Tapu Koko
|-resisted|p2a: Tapu Koko
|-damage|p2a: Tapu Koko|153\/344
|-heal|p1a: Gallade|277\/277 par|[from] drain|[of] p2a: Tapu Koko
|
|upkeep
|turn|35
|choice|*|*move 4
|choice|*switch 4|*
|choice|switch 4|move thunder
|
|switch|p1a: Togedemaru|Togedemaru, M|112\/271
|move|p2a: Tapu Koko|Thunder|p1a: Togedemaru
|-ability|p1a: Togedemaru|Lightning Rod|boost
|-boost|p1a: Togedemaru|spa|1
|
|-heal|p1a: Togedemaru|128\/271|[from] item: Leftovers
|upkeep
|turn|36
|choice|*move 1|*
|choice|*|*switch 5
|choice|move wish|switch 5
|
|switch|p2a: Keldeo|Keldeo|3\/323 tox
|-damage|p2a: Keldeo|0 fnt|[from] Stealth Rock
|faint|p2a: Keldeo
|move|p1a: Togedemaru|Wish|p1a: Togedemaru
|
|-heal|p1a: Togedemaru|144\/271|[from] item: Leftovers
|upkeep
|choice|*|*switch 6
|choice||switch 6
|
|switch|p2a: Greninja|Greninja, M|81\/332
|-damage|p2a: Greninja|40\/332|[from] Stealth Rock
|turn|37
|choice|*|*move 2
|choice|*move 3|*
|choice|move spikyshield|move lowkick
|
|move|p1a: Togedemaru|Spiky Shield|p1a: Togedemaru
|-singleturn|p1a: Togedemaru|move: Protect
|move|p2a: Greninja|Low Kick|p1a: Togedemaru
|-activate|p1a: Togedemaru|move: Protect
|-damage|p2a: Greninja|0 fnt|[from] Spiky Shield|[of] p1a: Togedemaru
|faint|p2a: Greninja
|
|-heal|p1a: Togedemaru|271\/271|[from] move: Wish|[wisher] Togedemaru
|upkeep
|choice|*|*switch 3
|choice||switch 3
|
|switch|p2a: Charizard|Charizard-Mega-X, F|272\/360 tox
|-damage|p2a: Charizard|182\/360 tox|[from] Stealth Rock
|turn|38
|choice|*|*move 3
|choice|*move 1|*
|choice|move wish|move roost
|
|move|p2a: Charizard|Roost|p2a: Charizard
|-heal|p2a: Charizard|360\/360 tox
|move|p1a: Togedemaru|Wish|p1a: Togedemaru
|
|-damage|p2a: Charizard|338\/360 tox|[from] psn
|-fieldend|move: Electric Terrain
|upkeep
|turn|39
|choice|*switch 6|*
|choice|*|*move 1
|choice|switch 6|move dragontail
|
|switch|p1a: Landorus|Landorus-Therian, M|50\/319
|-ability|p1a: Landorus|Intimidate|boost
|-unboost|p2a: Charizard|atk|1
|move|p2a: Charizard|Dragon Tail|p1a: Landorus
|-damage|p1a: Landorus|0 fnt
|faint|p1a: Landorus
|
|-damage|p2a: Charizard|294\/360 tox|[from] psn
|upkeep
|choice|*switch 4|*
|choice|switch 4|
|
|switch|p1a: Gallade|Gallade-Mega, M|277\/277 par
|turn|40
|choice|*|*move 3
|choice|*move 1|*
|choice|move swordsdance|move roost
|
|move|p2a: Charizard|Roost|p2a: Charizard
|-heal|p2a: Charizard|360\/360 tox
|move|p1a: Gallade|Swords Dance|p1a: Gallade
|-boost|p1a: Gallade|atk|2
|
|-damage|p2a: Charizard|294\/360 tox|[from] psn
|upkeep
|turn|41
|choice|*move 2|*
|choice|*|*move 1
|choice|move drainpunch|move dragontail
|
|move|p1a: Gallade|Drain Punch|p2a: Charizard
|-damage|p2a: Charizard|3\/360 tox
|move|p2a: Charizard|Dragon Tail|p1a: Gallade
|-damage|p1a: Gallade|199\/277 par
|drag|p1a: Togedemaru|Togedemaru, M|271\/271
|
|-damage|p2a: Charizard|0 fnt|[from] psn
|upkeep
|faint|p2a: Charizard
|choice|*|*switch 2
|choice||switch 2
|
|switch|p2a: Amoonguss|Amoonguss, F|54\/369
|-damage|p2a: Amoonguss|8\/369|[from] Stealth Rock
|turn|42
|choice|*move 4|*
|choice|*|*move 2
|choice|move ironhead|move gigadrain
|
|move|p1a: Togedemaru|Iron Head|p2a: Amoonguss
|-damage|p2a: Amoonguss|0 fnt
|-status|p1a: Togedemaru|slp|[from] ability: Effect Spore|[of] p2a: Amoonguss
|faint|p2a: Amoonguss
|
|upkeep
|choice|*|*switch 5
|choice||switch 5
|
|switch|p2a: Tapu Koko|Tapu Koko|153\/344
|-damage|p2a: Tapu Koko|110\/344|[from] Stealth Rock
|-fieldstart|move: Electric Terrain|[from] ability: Electric Surge|[of] p2a: Tapu Koko
|turn|43
|choice|*move 3|*
|choice|*|*move 3
|choice|move spikyshield|move grassknot
|
|cant|p1a: Togedemaru|slp
|move|p2a: Tapu Koko|Grass Knot|p1a: Togedemaru
|-resisted|p1a: Togedemaru
|-damage|p1a: Togedemaru|263\/271 slp
|
|-heal|p1a: Togedemaru|271\/271 slp|[from] item: Leftovers
|upkeep
|turn|44
|choice|*|*move 2
|choice|*move 1|*
|choice|move wish|move naturesmadness
|
|move|p2a: Tapu Koko|Nature's Madness|p1a: Togedemaru
|-damage|p1a: Togedemaru|136\/271 slp
|cant|p1a: Togedemaru|slp
|
|-heal|p1a: Togedemaru|152\/271 slp|[from] item: Leftovers
|upkeep
|turn|45
|choice|*move 1|*
|choice|*|*move 2
|choice|move wish|move naturesmadness
|
|move|p2a: Tapu Koko|Nature's Madness|p1a: Togedemaru
|-damage|p1a: Togedemaru|76\/271 slp
|-curestatus|p1a: Togedemaru|slp|[msg]
|move|p1a: Togedemaru|Wish|p1a: Togedemaru
|
|-heal|p1a: Togedemaru|92\/271|[from] item: Leftovers
|upkeep
|turn|46
|choice|*|*move 2
|choice|*move 4|*
|choice|move ironhead|move naturesmadness
|
|move|p2a: Tapu Koko|Nature's Madness|p1a: Togedemaru
|-damage|p1a: Togedemaru|46\/271
|move|p1a: Togedemaru|Iron Head|p2a: Tapu Koko
|-damage|p2a: Tapu Koko|10\/344
|
|-heal|p1a: Togedemaru|181\/271|[from] move: Wish|[wisher] Togedemaru
|-heal|p1a: Togedemaru|197\/271|[from] item: Leftovers
|upkeep
|turn|47
|choice|*move 4|*
|inactive|Reloj de batalla ENCENDIDO. El jugador inactivo será descalificado (solicitado por Karelmx).
|inactive|jyhyjhyjf tiene 135 segundos restantes.
|choice|*|*move 2
|choice|move ironhead|move naturesmadness
|
|move|p2a: Tapu Koko|Nature's Madness|p1a: Togedemaru
|-damage|p1a: Togedemaru|99\/271
|move|p1a: Togedemaru|Iron Head|p2a: Tapu Koko
|-damage|p2a: Tapu Koko|0 fnt
|faint|p2a: Tapu Koko
|
|win|Karelmx
Karelmx ha ganado 5.5 PokeDolares.
|raw|Puntaje de Karelmx: 1155 &rarr; <strong>1172<\/strong><br \/>(+17 por ganar)
|raw|Puntaje de jyhyjhyjf: 1000 &rarr; <strong>1000<\/strong><br \/>(+0 por perder)
</script>
</div>
<div class="battle-log battle-log-inline"><div class="inner"><div class="battle-options"></div><div class="inner"><div class=""><small>Format:</small> <br><strong>OU</strong></div><div class="rated"><strong>Rated battle</strong></div><div class=""><small><em>Cláusula-Mod de Dormir:</em> solo puedes dormir a uno de tus oponentes a la vez.</small></div><div class=""><small><em>Cláusula de Especie:</em> Hasta un Pokémon de cada especie</small></div><div class=""><small><em>Cláusula de Golpe Fulminante:</em> los movimientos fulminantes (OHKO) estan prohibidos</small></div><div class=""><small><em>Cláusula de Veleta:</em> la habilidad Veleta está prohibida</small></div><div class=""><small><em>Cláusula de Movimientos Evasivos:</em> los movimientos de Evasión están prohibidos.</small></div><div class=""><small><em>Cláusula de Batallas Eternas:</em> forzar batallas eternas está prohibido</small></div><div class="chat battle-history"><strong>Karelmx's team:</strong> <em style="color:#445566;display:block;">Persian-Alola / Togedemaru / Ferrothorn / Landorus-Therian / Gallade / Heatran</em></div><div class="chat battle-history"><strong>jyhyjhyjf's team:</strong> <em style="color:#445566;display:block;">Charizard / Garchomp / Greninja / Keldeo / Amoonguss / Tapu Koko</em></div><div class="spacer battle-history"><br></div><div class="battle-history">Battle started between Karelmx and jyhyjhyjf!<br></div><div class="spacer battle-history"><br></div><div class="battle-history">Go! Persian (<strong>Persian-Alola</strong>)!<br></div><div class="spacer battle-history"><br></div><div class="battle-history">jyhyjhyjf sent out <strong>Tapu Koko</strong>!<br></div><div class="battle-history"><small>[The opposing Tapu Koko's Electric Surge]</small><br><small>An electric current runs across the battlefield!</small><br></div><div class="spacer battle-history"><br></div><h2 class="battle-history">Turn 1</h2><div class="spacer battle-history"><br></div><div class="battle-history">Persian, come back!<br></div><div class="battle-history">Go! <strong>Togedemaru</strong>!<br></div><div class="spacer battle-history"><br></div><div class="battle-history">The opposing Tapu Koko used <strong>Thunder</strong>!<br></div><div class="battle-history"><small>[Togedemaru's Lightning Rod]</small><br></div><div class="battle-history"><small>Togedemaru's Special Attack rose!</small><br></div><div class="spacer battle-history"><br></div><h2 class="battle-history">Turn 2</h2><div class="spacer battle-history"><br></div><div class="battle-history">jyhyjhyjf withdrew Tapu Koko!<br></div><div class="battle-history">jyhyjhyjf sent out <strong>Garchomp</strong>!<br></div><div class="spacer battle-history"><br></div><div class="battle-history">Togedemaru used <strong>Zing Zap</strong>!<br></div><div class="battle-history"><small>It doesn't affect the opposing Garchomp...</small><br></div><div class="spacer battle-history"><br></div><h2 class="battle-history">Turn 3</h2><div class="spacer battle-history"><br></div><div class="battle-history">Togedemaru, come back!<br></div><div class="battle-history">Go! <strong>Ferrothorn</strong>!<br></div><div class="spacer battle-history"><br></div><div class="battle-history">The opposing Garchomp used <strong>Draco Meteor</strong>!<br></div><div class="battle-history"><small>It's not very effective...</small><br></div><div class="battle-history"><small>(Ferrothorn lost <abbr title="−48/290">16.6%</abbr> of its health!)</small><br></div><div class="battle-history"><small>The opposing Garchomp's Special Attack fell harshly!</small><br></div><div class="spacer battle-history"><br></div><h2 class="battle-history">Turn 4</h2><div class="spacer battle-history"><br></div><div class="battle-history">jyhyjhyjf withdrew Garchomp!<br></div><div class="battle-history">jyhyjhyjf sent out <strong>Charizard</strong>!<br></div><div class="spacer battle-history"><br></div><div class="battle-history">Ferrothorn used <strong>Stealth Rock</strong>!<br></div><div class="battle-history"><small>Pointed stones float in the air around the opposing team!</small><br></div><div class="spacer battle-history"><br></div><h2 class="battle-history">Turn 5</h2><div class="spacer battle-history"><br></div><div class="battle-history">Ferrothorn, come back!<br></div><div class="battle-history">Go! <strong>Heatran</strong>!<br></div><div class="spacer battle-history"><br></div><div class="battle-history"><small>The opposing Charizard's Charizardite X is reacting to the Key Stone!</small><br>The opposing Charizard has Mega Evolved into Mega Charizard!<br></div><div class="spacer battle-history"><br></div><div class="battle-history">The opposing Charizard used <strong>Thunder Punch</strong>!<br></div><div class="battle-history"><small>(Heatran lost <abbr title="−141/323">43.7%</abbr> of its health!)</small><br></div><div class="spacer battle-history"><br></div><div class="battle-history"><small>Heatran restored a little HP using its Leftovers!</small><br></div><div class="battle-history"><small>The electricity disappeared from the battlefield.</small><br></div><div class="spacer battle-history"><br></div><h2 class="battle-history">Turn 6</h2><div class="spacer battle-history"><br></div><div class="battle-history">Heatran used <strong>Toxic</strong>!<br></div><div class="battle-history"><small>The opposing Charizard was badly poisoned!</small><br></div><div class="spacer battle-history"><br></div><div class="battle-history">The opposing Charizard used <strong>Dragon Tail</strong>!<br></div><div class="battle-history"><small>It's not very effective...</small><br></div><div class="battle-history"><small>(Heatran lost <abbr title="−52/323">16.1%</abbr> of its health!)</small><br></div><div class="spacer battle-history"><br></div><div class="battle-history"><strong>Ferrothorn</strong> was dragged out!<br></div><div class="spacer battle-history"><br></div><div class="battle-history"><small>The opposing Charizard was hurt by poison!</small><br></div><div class="spacer battle-history"><br></div><h2 class="battle-history">Turn 7</h2><div class="spacer battle-history"><br></div><div class="battle-history">Ferrothorn used <strong>Protect</strong>!<br></div><div class="battle-history"><small>Ferrothorn protected itself!</small><br></div><div class="spacer battle-history"><br></div><div class="battle-history">The opposing Charizard used <strong>Thunder Punch</strong>!<br></div><div class="battle-history"><small>Ferrothorn protected itself!</small><br></div><div class="spacer battle-history"><br></div><div class="battle-history"><small>The opposing Charizard was hurt by poison!</small><br></div><div class="spacer battle-history"><br></div><h2 class="battle-history">Turn 8</h2><div class="spacer battle-history"><br></div><div class="battle-history">jyhyjhyjf withdrew Charizard!<br></div><div class="battle-history">jyhyjhyjf sent out <strong>Amoonguss</strong>!<br></div><div class="battle-history"><small>Pointed stones dug into the opposing Amoonguss!</small><br></div><div class="spacer battle-history"><br></div><div class="battle-history">Ferrothorn used <strong>Leech Seed</strong>!<br></div><div class="battle-history"><small>It doesn't affect the opposing Amoonguss...</small><br></div><div class="spacer battle-history"><br></div><h2 class="battle-history">Turn 9</h2><div class="spacer battle-history"><br></div><div class="battle-history">The opposing Amoonguss used <strong>Hidden Power</strong>!<br></div><div class="battle-history"><small>It's super effective!</small><br></div><div class="battle-history"><small>(Ferrothorn lost <abbr title="−112/290">38.6%</abbr> of its health!)</small><br></div><div class="spacer battle-history"><br></div><div class="battle-history">Ferrothorn used <strong>Knock Off</strong>!<br></div><div class="battle-history"><small>(The opposing Amoonguss lost <abbr title="−76/369">20.6%</abbr> of its health!)</small><br></div><div class="battle-history"><small>Ferrothorn knocked off the opposing Amoonguss's Focus Sash!</small><br></div><div class="spacer battle-history"><br></div><h2 class="battle-history">Turn 10</h2><div class="spacer battle-history"><br></div><div class="battle-history">Ferrothorn, come back!<br></div><div class="battle-history">Go! <strong>Heatran</strong>!<br></div><div class="spacer battle-history"><br></div><div class="battle-history">The opposing Amoonguss used <strong>Hidden Power</strong>!<br></div><div class="battle-history"><small>[Heatran's Flash Fire]</small><br><small>The power of Heatran's Fire-type moves rose!</small><br></div><div class="spacer battle-history"><br></div><div class="battle-history"><small>Heatran restored a little HP using its Leftovers!</small><br></div><div class="spacer battle-history"><br></div><h2 class="battle-history">Turn 11</h2><div class="spacer battle-history"><br></div><div class="battle-history">jyhyjhyjf withdrew Amoonguss!<br></div><div class="battle-history">jyhyjhyjf sent out <strong>Greninja</strong>!<br></div><div class="battle-history"><small>Pointed stones dug into the opposing Greninja!</small><br></div><div class="spacer battle-history"><br></div><div class="battle-history">Heatran used <strong>Magma Storm</strong>!<br></div><div class="battle-history"><small>It's not very effective...</small><br></div><div class="battle-history"><small>(The opposing Greninja lost <abbr title="−169/332">50.9%</abbr> of its health!)</small><br></div><div class="battle-history"><small>The opposing Greninja became trapped by swirling magma!</small><br></div><div class="spacer battle-history"><br></div><div class="battle-history"><small>Heatran restored a little HP using its Leftovers!</small><br></div><div class="battle-history"><small>The opposing Greninja is hurt by Magma Storm!</small><br></div><div class="spacer battle-history"><br></div><h2 class="battle-history">Turn 12</h2><div class="spacer battle-history"><br></div><div class="battle-history">Heatran, come back!<br></div><div class="battle-history">Go! <strong>Togedemaru</strong>!<br></div><div class="spacer battle-history"><br></div><div class="battle-history">The opposing Greninja used <strong>Scald</strong>!<br></div><div class="battle-history"><small>(Togedemaru lost <abbr title="−115/271">42.4%</abbr> of its health!)</small><br></div><div class="spacer battle-history"><br></div><div class="battle-history"><small>Togedemaru restored a little HP using its Leftovers!</small><br></div><div class="spacer battle-history"><br></div><h2 class="battle-history">Turn 13</h2><div class="spacer battle-history"><br></div><div class="battle-history">jyhyjhyjf withdrew Greninja!<br></div><div class="battle-history">jyhyjhyjf sent out <strong>Garchomp</strong>!<br></div><div class="battle-history"><small>Pointed stones dug into the opposing Garchomp!</small><br></div><div class="spacer battle-history"><br></div><div class="battle-history">Togedemaru used <strong>Spiky Shield</strong>!<br></div><div class="battle-history"><small>But it failed!</small><br></div><div class="spacer battle-history"><br></div><div class="battle-history"><small>Togedemaru restored a little HP using its Leftovers!</small><br></div><div class="spacer battle-history"><br></div><h2 class="battle-history">Turn 14</h2><div class="spacer battle-history"><br></div><div class="battle-history">Togedemaru used <strong>Spiky Shield</strong>!<br></div><div class="battle-history"><small>Togedemaru protected itself!</small><br></div><div class="spacer battle-history"><br></div><div class="battle-history">The opposing Garchomp used <strong>Draco Meteor</strong>!<br></div><div class="battle-history"><small>Togedemaru protected itself!</small><br></div><div class="spacer battle-history"><br></div><div class="battle-history"><small>Togedemaru restored a little HP using its Leftovers!</small><br></div><div class="spacer battle-history"><br></div><h2 class="battle-history">Turn 15</h2><div class="spacer battle-history"><br></div><div class="battle-history">The opposing Garchomp used <strong>Fire Fang</strong>!<br></div><div class="battle-history"><small>It's super effective!</small><br></div><div class="battle-history"><small>(Togedemaru lost <abbr title="−134/271">49.4%</abbr> of its health!)</small><br></div><div class="spacer battle-history"><br></div><div class="battle-history">Togedemaru used <strong>Wish</strong>!<br></div><div class="spacer battle-history"><br></div><div class="battle-history"><small>Togedemaru restored a little HP using its Leftovers!</small><br></div><div class="spacer battle-history"><br></div><h2 class="battle-history">Turn 16</h2><div class="spacer battle-history"><br></div><div class="battle-history">Togedemaru used <strong>Spiky Shield</strong>!<br></div><div class="battle-history"><small>Togedemaru protected itself!</small><br></div><div class="spacer battle-history"><br></div><div class="battle-history">The opposing Garchomp used <strong>Fire Fang</strong>!<br></div><div class="battle-history"><small>Togedemaru protected itself!</small><br></div><div class="battle-history"><small>The opposing Garchomp was hurt!</small><br></div><div class="spacer battle-history"><br></div><div class="battle-history"><small>Togedemaru's wish came true!</small><br></div><div class="battle-history"><small>Togedemaru restored a little HP using its Leftovers!</small><br></div><div class="spacer battle-history"><br></div><h2 class="battle-history">Turn 17</h2><div class="spacer battle-history"><br></div><div class="battle-history">Togedemaru, come back!<br></div><div class="battle-history">Go! Landorus (<strong>Landorus-Therian</strong>)!<br></div><div class="battle-history"><small>[Landorus's Intimidate]</small><br></div><div class="battle-history"><small>The opposing Garchomp's Attack fell!</small><br></div><div class="spacer battle-history"><br></div><div class="battle-history">The opposing Garchomp used <strong>Fire Fang</strong>!<br></div><div class="battle-history"><small>(Landorus lost <abbr title="−32/319">10.0%</abbr> of its health!)</small><br></div><div class="spacer battle-history"><br></div><div class="battle-history"><small>Landorus restored a little HP using its Leftovers!</small><br></div><div class="spacer battle-history"><br></div><h2 class="battle-history">Turn 18</h2><div class="spacer battle-history"><br></div><div class="battle-history">Landorus used <strong>Knock Off</strong>!<br></div><div class="battle-history"><small>(The opposing Garchomp lost <abbr title="−96/374">25.7%</abbr> of its health!)</small><br></div><div class="battle-history"><small>[The opposing Garchomp's Rough Skin]</small><br><small>Landorus was hurt!</small><br></div><div class="battle-history"><small>Landorus knocked off the opposing Garchomp's Focus Sash!</small><br></div><div class="spacer battle-history"><br></div><div class="battle-history">The opposing Garchomp used <strong>Draco Meteor</strong>!<br></div><div class="battle-history"><small>A critical hit!</small><br></div><div class="battle-history"><small>(Landorus lost <abbr title="−255/319">79.9%</abbr> of its health!)</small><br></div><div class="battle-history"><small>The opposing Garchomp's Special Attack fell harshly!</small><br></div><div class="spacer battle-history"><br></div><div class="battle-history"><small>Landorus restored a little HP using its Leftovers!</small><br></div><div class="spacer battle-history"><br></div><h2 class="battle-history">Turn 19</h2><div class="spacer battle-history"><br></div><div class="battle-history">Landorus, come back!<br></div><div class="battle-history">Go! <strong>Ferrothorn</strong>!<br></div><div class="spacer battle-history"><br></div><div class="battle-history">The opposing Garchomp used <strong>Aqua Tail</strong>!<br></div><div class="battle-history"><small>Ferrothorn avoided the attack!</small><br></div><div class="spacer battle-history"><br></div><h2 class="battle-history">Turn 20</h2><div class="spacer battle-history"><br></div><div class="battle-history">The opposing Garchomp used <strong>Fire Fang</strong>!<br></div><div class="battle-history"><small>It's super effective!</small><br></div><div class="battle-history"><small>(Ferrothorn lost <abbr title="−112/290">38.6%</abbr> of its health!)</small><br></div><div class="battle-history"><small>[Ferrothorn's Iron Barbs]</small><br><small>The opposing Garchomp was hurt!</small><br></div><div class="battle-history"><small>The opposing Garchomp was hurt by the Rocky Helmet!</small><br></div><div class="spacer battle-history"><br></div><div class="battle-history">Ferrothorn used <strong>Leech Seed</strong>!<br></div><div class="battle-history"><small>The opposing Garchomp was seeded!</small><br></div><div class="spacer battle-history"><br></div><div class="battle-history"><small>The opposing Garchomp's health is sapped by Leech Seed!</small><br></div><div class="spacer battle-history"><br></div><h2 class="battle-history">Turn 21</h2><div class="spacer battle-history"><br></div><div class="battle-history">Ferrothorn used <strong>Protect</strong>!<br></div><div class="battle-history"><small>Ferrothorn protected itself!</small><br></div><div class="spacer battle-history"><br></div><div class="battle-history">The opposing Garchomp used <strong>Fire Fang</strong>!<br></div><div class="battle-history"><small>Ferrothorn protected itself!</small><br></div><div class="spacer battle-history"><br></div><div class="battle-history"><small>The opposing Garchomp's health is sapped by Leech Seed!</small><br></div><div class="spacer battle-history"><br></div><h2 class="battle-history">Turn 22</h2><div class="spacer battle-history"><br></div><div class="battle-history">Ferrothorn, come back!<br></div><div class="battle-history">Go! <strong>Heatran</strong>!<br></div><div class="spacer battle-history"><br></div><div class="battle-history">The opposing Garchomp used <strong>Fire Fang</strong>!<br></div><div class="battle-history"><small>[Heatran's Flash Fire]</small><br><small>The power of Heatran's Fire-type moves rose!</small><br></div><div class="spacer battle-history"><br></div><div class="battle-history"><small>Heatran restored a little HP using its Leftovers!</small><br></div><div class="battle-history"><small>The opposing Garchomp's health is sapped by Leech Seed!</small><br></div><div class="spacer battle-history"><br></div><div class="battle-history">The opposing Garchomp fainted!<br></div><div class="spacer battle-history"><br></div><div class="battle-history">jyhyjhyjf sent out <strong>Keldeo</strong>!<br></div><div class="battle-history"><small>Pointed stones dug into the opposing Keldeo!</small><br></div><div class="spacer battle-history"><br></div><h2 class="battle-history">Turn 23</h2><div class="spacer battle-history"><br></div><div class="battle-history">The opposing Keldeo used <strong>Hydro Pump</strong>!<br></div><div class="battle-history"><small>It's super effective!</small><br></div><div class="battle-history"><small>(Heatran lost <abbr title="−206/323">63.8%</abbr> of its health!)</small><br></div><div class="spacer battle-history"><br></div><div class="battle-history">Heatran used <strong>Toxic</strong>!<br></div><div class="battle-history"><small>The opposing Keldeo was badly poisoned!</small><br></div><div class="spacer battle-history"><br></div><div class="battle-history"><small>Heatran restored a little HP using its Leftovers!</small><br></div><div class="battle-history"><small>The opposing Keldeo was hurt by poison!</small><br></div><div class="spacer battle-history"><br></div><h2 class="battle-history">Turn 24</h2><div class="spacer battle-history"><br></div><div class="battle-history">Heatran, come back!<br></div><div class="battle-history">Go! <strong>Togedemaru</strong>!<br></div><div class="spacer battle-history"><br></div><div class="battle-history">The opposing Keldeo used <strong>Hydro Pump</strong>!<br></div><div class="battle-history"><small>(Togedemaru lost <abbr title="−157/271">57.9%</abbr> of its health!)</small><br></div><div class="spacer battle-history"><br></div><div class="battle-history"><small>Togedemaru restored a little HP using its Leftovers!</small><br></div><div class="battle-history"><small>The opposing Keldeo was hurt by poison!</small><br></div><div class="spacer battle-history"><br></div><h2 class="battle-history">Turn 25</h2><div class="spacer battle-history"><br></div><div class="battle-history">Togedemaru used <strong>Spiky Shield</strong>!<br></div><div class="battle-history"><small>Togedemaru protected itself!</small><br></div><div class="spacer battle-history"><br></div><div class="battle-history">The opposing Keldeo used <strong>Hydro Pump</strong>!<br></div><div class="battle-history"><small>Togedemaru protected itself!</small><br></div><div class="spacer battle-history"><br></div><div class="battle-history"><small>Togedemaru restored a little HP using its Leftovers!</small><br></div><div class="battle-history"><small>The opposing Keldeo was hurt by poison!</small><br></div><div class="spacer battle-history"><br></div><h2 class="battle-history">Turn 26</h2><div class="spacer battle-history"><br></div><div class="battle-history">Togedemaru, come back!<br></div><div class="battle-history">Go! <strong>Heatran</strong>!<br></div><div class="spacer battle-history"><br></div><div class="battle-history">The opposing Keldeo used <strong>Hydro Pump</strong>!<br></div><div class="battle-history"><small>Heatran avoided the attack!</small><br></div><div class="spacer battle-history"><br></div><div class="battle-history"><small>Heatran restored a little HP using its Leftovers!</small><br></div><div class="battle-history"><small>The opposing Keldeo was hurt by poison!</small><br></div><div class="spacer battle-history"><br></div><h2 class="battle-history">Turn 27</h2><div class="spacer battle-history"><br></div><div class="battle-history">The opposing Keldeo used <strong>Hydro Pump</strong>!<br></div><div class="battle-history"><small>It's super effective!</small><br></div><div class="battle-history"><small>(Heatran lost <abbr title="−53/323">16.4%</abbr> of its health!)</small><br></div><div class="spacer battle-history"><br></div><div class="battle-history">Heatran fainted!<br></div><div class="spacer battle-history"><br></div><div class="battle-history"><small>The opposing Keldeo was hurt by poison!</small><br></div><div class="spacer battle-history"><br></div><div class="battle-history">Go! <strong>Gallade</strong>!<br></div><div class="spacer battle-history"><br></div><h2 class="battle-history">Turn 28</h2><div class="spacer battle-history"><br></div><div class="battle-history">jyhyjhyjf withdrew Keldeo!<br></div><div class="battle-history">jyhyjhyjf sent out Charizard (<strong>Charizard-Mega-X</strong>)!<br></div><div class="battle-history"><small>Pointed stones dug into the opposing Charizard!</small><br></div><div class="spacer battle-history"><br></div><div class="battle-history"><small>Gallade's Galladite is reacting to the Key Stone!</small><br>Gallade has Mega Evolved into Mega Gallade!<br></div><div class="spacer battle-history"><br></div><div class="battle-history">Gallade used <strong>Shadow Sneak</strong>!<br></div><div class="battle-history"><small>(The opposing Charizard lost <abbr title="−53/360">14.7%</abbr> of its health!)</small><br></div><div class="spacer battle-history"><br></div><div class="battle-history"><small>The opposing Charizard was hurt by poison!</small><br></div><div class="spacer battle-history"><br></div><h2 class="battle-history">Turn 29</h2><div class="spacer battle-history"><br></div><div class="battle-history">Gallade, come back!<br></div><div class="battle-history">Go! Landorus (<strong>Landorus-Therian</strong>)!<br></div><div class="battle-history"><small>[Landorus's Intimidate]</small><br></div><div class="battle-history"><small>The opposing Charizard's Attack fell!</small><br></div><div class="spacer battle-history"><br></div><div class="battle-history">The opposing Charizard used <strong>Roost</strong>!<br></div><div class="battle-history"><small>The opposing Charizard restored its HP.</small><br></div><div class="spacer battle-history"><br></div><div class="battle-history"><small>Landorus restored a little HP using its Leftovers!</small><br></div><div class="battle-history"><small>The opposing Charizard was hurt by poison!</small><br></div><div class="spacer battle-history"><br></div><h2 class="battle-history">Turn 30</h2><div class="spacer battle-history"><br></div><div class="battle-history">Landorus, come back!<br></div><div class="battle-history">Go! Gallade (<strong>Gallade-Mega</strong>)!<br></div><div class="spacer battle-history"><br></div><div class="battle-history">The opposing Charizard used <strong>Thunder Punch</strong>!<br></div><div class="battle-history"><small>(Gallade lost <abbr title="−68/277">24.5%</abbr> of its health!)</small><br></div><div class="battle-history"><small>Gallade is paralyzed! It may be unable to move!</small><br></div><div class="spacer battle-history"><br></div><div class="battle-history"><small>The opposing Charizard was hurt by poison!</small><br></div><div class="spacer battle-history"><br></div><h2 class="battle-history">Turn 31</h2><div class="spacer battle-history"><br></div><div class="battle-history">The opposing Charizard used <strong>Roost</strong>!<br></div><div class="battle-history"><small>The opposing Charizard restored its HP.</small><br></div><div class="spacer battle-history"><br></div><div class="battle-history">Gallade used <strong>Swords Dance</strong>!<br></div><div class="battle-history"><small>Gallade's Attack rose sharply!</small><br></div><div class="spacer battle-history"><br></div><div class="battle-history"><small>The opposing Charizard was hurt by poison!</small><br></div><div class="spacer battle-history"><br></div><h2 class="battle-history">Turn 32</h2><div class="spacer battle-history"><br></div><div class="battle-history">jyhyjhyjf withdrew Charizard!<br></div><div class="battle-history">jyhyjhyjf sent out <strong>Amoonguss</strong>!<br></div><div class="battle-history"><small>Pointed stones dug into the opposing Amoonguss!</small><br></div><div class="spacer battle-history"><br></div><div class="battle-history">Gallade is paralyzed! It can't move!<br></div><div class="spacer battle-history"><br></div><h2 class="battle-history">Turn 33</h2><div class="spacer battle-history"><br></div><div class="battle-history">Gallade used <strong>Drain Punch</strong>!<br></div><div class="battle-history"><small>It's not very effective...</small><br></div><div class="battle-history"><small>(The opposing Amoonguss lost <abbr title="−183/369">49.6%</abbr> of its health!)</small><br></div><div class="battle-history"><small>The opposing Amoonguss had its energy drained!</small><br></div><div class="spacer battle-history"><br></div><div class="battle-history">The opposing Amoonguss used <strong>Giga Drain</strong>!<br></div><div class="battle-history"><small>(Gallade lost <abbr title="−72/277">26.0%</abbr> of its health!)</small><br></div><div class="battle-history"><small>Gallade had its energy drained!</small><br></div><div class="spacer battle-history"><br></div><h2 class="battle-history">Turn 34</h2><div class="spacer battle-history"><br></div><div class="battle-history">jyhyjhyjf withdrew Amoonguss!<br></div><div class="battle-history">jyhyjhyjf sent out <strong>Tapu Koko</strong>!<br></div><div class="battle-history"><small>Pointed stones dug into the opposing Tapu Koko!</small><br></div><div class="battle-history"><small>[The opposing Tapu Koko's Electric Surge]</small><br><small>An electric current runs across the battlefield!</small><br></div><div class="spacer battle-history"><br></div><div class="battle-history">Gallade used <strong>Drain Punch</strong>!<br></div><div class="battle-history"><small>It's not very effective...</small><br></div><div class="battle-history"><small>(The opposing Tapu Koko lost <abbr title="−148/344">43.0%</abbr> of its health!)</small><br></div><div class="battle-history"><small>The opposing Tapu Koko had its energy drained!</small><br></div><div class="spacer battle-history"><br></div><h2 class="battle-history">Turn 35</h2><div class="spacer battle-history"><br></div><div class="battle-history">Gallade, come back!<br></div><div class="battle-history">Go! <strong>Togedemaru</strong>!<br></div><div class="spacer battle-history"><br></div><div class="battle-history">The opposing Tapu Koko used <strong>Thunder</strong>!<br></div><div class="battle-history"><small>[Togedemaru's Lightning Rod]</small><br></div><div class="battle-history"><small>Togedemaru's Special Attack rose!</small><br></div><div class="spacer battle-history"><br></div><div class="battle-history"><small>Togedemaru restored a little HP using its Leftovers!</small><br></div><div class="spacer battle-history"><br></div><h2 class="battle-history">Turn 36</h2><div class="spacer battle-history"><br></div><div class="battle-history">jyhyjhyjf withdrew Tapu Koko!<br></div><div class="battle-history">jyhyjhyjf sent out <strong>Keldeo</strong>!<br></div><div class="battle-history"><small>Pointed stones dug into the opposing Keldeo!</small><br></div><div class="spacer battle-history"><br></div><div class="battle-history">The opposing Keldeo fainted!<br></div><div class="battle-history">Togedemaru used <strong>Wish</strong>!<br></div><div class="spacer battle-history"><br></div><div class="battle-history"><small>Togedemaru restored a little HP using its Leftovers!</small><br></div><div class="spacer battle-history"><br></div><div class="battle-history">jyhyjhyjf sent out <strong>Greninja</strong>!<br></div><div class="battle-history"><small>Pointed stones dug into the opposing Greninja!</small><br></div><div class="spacer battle-history"><br></div><h2 class="battle-history">Turn 37</h2><div class="spacer battle-history"><br></div><div class="battle-history">Togedemaru used <strong>Spiky Shield</strong>!<br></div><div class="battle-history"><small>Togedemaru protected itself!</small><br></div><div class="spacer battle-history"><br></div><div class="battle-history">The opposing Greninja used <strong>Low Kick</strong>!<br></div><div class="battle-history"><small>Togedemaru protected itself!</small><br></div><div class="battle-history"><small>The opposing Greninja was hurt!</small><br></div><div class="spacer battle-history"><br></div><div class="battle-history">The opposing Greninja fainted!<br></div><div class="spacer battle-history"><br></div><div class="battle-history"><small>Togedemaru's wish came true!</small><br></div><div class="spacer battle-history"><br></div><div class="battle-history">jyhyjhyjf sent out Charizard (<strong>Charizard-Mega-X</strong>)!<br></div><div class="battle-history"><small>Pointed stones dug into the opposing Charizard!</small><br></div><div class="spacer battle-history"><br></div><h2 class="battle-history">Turn 38</h2><div class="spacer battle-history"><br></div><div class="battle-history">The opposing Charizard used <strong>Roost</strong>!<br></div><div class="battle-history"><small>The opposing Charizard restored its HP.</small><br></div><div class="spacer battle-history"><br></div><div class="battle-history">Togedemaru used <strong>Wish</strong>!<br></div><div class="spacer battle-history"><br></div><div class="battle-history"><small>The opposing Charizard was hurt by poison!</small><br></div><div class="battle-history"><small>The electricity disappeared from the battlefield.</small><br></div><div class="spacer battle-history"><br></div><h2 class="battle-history">Turn 39</h2><div class="spacer battle-history"><br></div><div class="battle-history">Togedemaru, come back!<br></div><div class="battle-history">Go! Landorus (<strong>Landorus-Therian</strong>)!<br></div><div class="battle-history"><small>[Landorus's Intimidate]</small><br></div><div class="battle-history"><small>The opposing Charizard's Attack fell!</small><br></div><div class="spacer battle-history"><br></div><div class="battle-history">The opposing Charizard used <strong>Dragon Tail</strong>!<br></div><div class="battle-history"><small>(Landorus lost <abbr title="−50/319">15.7%</abbr> of its health!)</small><br></div><div class="spacer battle-history"><br></div><div class="battle-history">Landorus fainted!<br></div><div class="spacer battle-history"><br></div><div class="battle-history"><small>The opposing Charizard was hurt by poison!</small><br></div><div class="spacer battle-history"><br></div><div class="battle-history">Go! Gallade (<strong>Gallade-Mega</strong>)!<br></div><div class="spacer battle-history"><br></div><h2 class="battle-history">Turn 40</h2><div class="spacer battle-history"><br></div><div class="battle-history">The opposing Charizard used <strong>Roost</strong>!<br></div><div class="battle-history"><small>The opposing Charizard restored its HP.</small><br></div><div class="spacer battle-history"><br></div><div class="battle-history">Gallade used <strong>Swords Dance</strong>!<br></div><div class="battle-history"><small>Gallade's Attack rose sharply!</small><br></div><div class="spacer battle-history"><br></div><div class="battle-history"><small>The opposing Charizard was hurt by poison!</small><br></div><div class="spacer battle-history"><br></div><h2 class="battle-history">Turn 41</h2><div class="spacer battle-history"><br></div><div class="battle-history">Gallade used <strong>Drain Punch</strong>!<br></div><div class="battle-history"><small>(The opposing Charizard lost <abbr title="−291/360">80.8%</abbr> of its health!)</small><br></div><div class="spacer battle-history"><br></div><div class="battle-history">The opposing Charizard used <strong>Dragon Tail</strong>!<br></div><div class="battle-history"><small>(Gallade lost <abbr title="−78/277">28.2%</abbr> of its health!)</small><br></div><div class="spacer battle-history"><br></div><div class="battle-history"><strong>Togedemaru</strong> was dragged out!<br></div><div class="spacer battle-history"><br></div><div class="battle-history"><small>The opposing Charizard was hurt by poison!</small><br></div><div class="spacer battle-history"><br></div><div class="battle-history">The opposing Charizard fainted!<br></div><div class="spacer battle-history"><br></div><div class="battle-history">jyhyjhyjf sent out <strong>Amoonguss</strong>!<br></div><div class="battle-history"><small>Pointed stones dug into the opposing Amoonguss!</small><br></div><div class="spacer battle-history"><br></div><h2 class="battle-history">Turn 42</h2><div class="spacer battle-history"><br></div><div class="battle-history">Togedemaru used <strong>Iron Head</strong>!<br></div><div class="battle-history"><small>(The opposing Amoonguss lost <abbr title="−8/369">2.2%</abbr> of its health!)</small><br></div><div class="battle-history"><small>[The opposing Amoonguss's Effect Spore]</small><br><small>Togedemaru fell asleep!</small><br></div><div class="spacer battle-history"><br></div><div class="battle-history">The opposing Amoonguss fainted!<br></div><div class="spacer battle-history"><br></div><div class="battle-history">jyhyjhyjf sent out <strong>Tapu Koko</strong>!<br></div><div class="battle-history"><small>Pointed stones dug into the opposing Tapu Koko!</small><br></div><div class="battle-history"><small>[The opposing Tapu Koko's Electric Surge]</small><br><small>An electric current runs across the battlefield!</small><br></div><div class="spacer battle-history"><br></div><h2 class="battle-history">Turn 43</h2><div class="spacer battle-history"><br></div><div class="battle-history">Togedemaru is fast asleep.<br></div><div class="spacer battle-history"><br></div><div class="battle-history">The opposing Tapu Koko used <strong>Grass Knot</strong>!<br></div><div class="battle-history"><small>It's not very effective...</small><br></div><div class="battle-history"><small>(Togedemaru lost <abbr title="−8/271">3.0%</abbr> of its health!)</small><br></div><div class="spacer battle-history"><br></div><div class="battle-history"><small>Togedemaru restored a little HP using its Leftovers!</small><br></div><div class="spacer battle-history"><br></div><h2 class="battle-history">Turn 44</h2><div class="spacer battle-history"><br></div><div class="battle-history">The opposing Tapu Koko used <strong>Nature's Madness</strong>!<br></div><div class="battle-history"><small>(Togedemaru lost <abbr title="−135/271">49.8%</abbr> of its health!)</small><br></div><div class="spacer battle-history"><br></div><div class="battle-history">Togedemaru is fast asleep.<br></div><div class="spacer battle-history"><br></div><div class="battle-history"><small>Togedemaru restored a little HP using its Leftovers!</small><br></div><div class="spacer battle-history"><br></div><h2 class="battle-history">Turn 45</h2><div class="spacer battle-history"><br></div><div class="battle-history">The opposing Tapu Koko used <strong>Nature's Madness</strong>!<br></div><div class="battle-history"><small>(Togedemaru lost <abbr title="−76/271">28.0%</abbr> of its health!)</small><br></div><div class="battle-history"><small>Togedemaru woke up!</small><br></div><div class="spacer battle-history"><br></div><div class="battle-history">Togedemaru used <strong>Wish</strong>!<br></div><div class="spacer battle-history"><br></div><div class="battle-history"><small>Togedemaru restored a little HP using its Leftovers!</small><br></div><div class="spacer battle-history"><br></div><h2 class="battle-history">Turn 46</h2><div class="spacer battle-history"><br></div><div class="battle-history">The opposing Tapu Koko used <strong>Nature's Madness</strong>!<br></div><div class="battle-history"><small>(Togedemaru lost <abbr title="−46/271">17.0%</abbr> of its health!)</small><br></div><div class="spacer battle-history"><br></div><div class="battle-history">Togedemaru used <strong>Iron Head</strong>!<br></div><div class="battle-history"><small>(The opposing Tapu Koko lost <abbr title="−100/344">29.1%</abbr> of its health!)</small><br></div><div class="spacer battle-history"><br></div><div class="battle-history"><small>Togedemaru's wish came true!</small><br></div><div class="battle-history"><small>Togedemaru restored a little HP using its Leftovers!</small><br></div><div class="spacer battle-history"><br></div><h2 class="battle-history">Turn 47</h2><div class="chat message-error">Reloj de batalla ENCENDIDO. El jugador inactivo será descalificado (solicitado por Karelmx).</div><div class="chat message-error">jyhyjhyjf tiene 135 segundos restantes.</div><div class="spacer battle-history"><br></div><div class="battle-history">The opposing Tapu Koko used <strong>Nature's Madness</strong>!<br></div><div class="battle-history"><small>(Togedemaru lost <abbr title="−98/271">36.2%</abbr> of its health!)</small><br></div><div class="spacer battle-history"><br></div><div class="battle-history">Togedemaru used <strong>Iron Head</strong>!<br></div><div class="battle-history"><small>(The opposing Tapu Koko lost <abbr title="−10/344">2.9%</abbr> of its health!)</small><br></div><div class="spacer battle-history"><br></div><div class="battle-history">The opposing Tapu Koko fainted!<br></div><div class="spacer battle-history"><br></div><div class="battle-history"><strong>Karelmx</strong> won the battle!<br></div><div class="chat">Karelmx ha ganado 5.5 PokeDolares.</div><div class="chat">Puntaje de Karelmx: 1155 → <strong>1172</strong><br>(+17 por ganar)</div><div class="chat">Puntaje de jyhyjhyjf: 1000 → <strong>1000</strong><br>(+0 por perder)</div></div><div class="inner-preempt"></div></div></div>
</div>
<script>
let daily = Math.floor(Date.now()/1000/60/60/24);document.write('<script src="https://play.pokemonshowdown.com/js/replay-embed.js?version'+daily+'"></'+'script>');
</script>
