<!DOCTYPE html>
<meta charset="utf-8" />
<!-- version 1 -->
<title>OU replay: Onhyxpected vs. Aleister11</title>
<style>
html,body {font-family:Verdana, sans-serif;font-size:10pt;margin:0;padding:0;}body{padding:12px 0;} .battle-log {font-family:Verdana, sans-serif;font-size:10pt;} .battle-log-inline {border:1px solid #AAAAAA;background:#EEF2F5;color:black;max-width:640px;margin:0 auto 80px;padding-bottom:5px;} .battle-log .inner {padding:4px 8px 0px 8px;} .battle-log .inner-preempt {padding:0 8px 4px 8px;} .battle-log .inner-after {margin-top:0.5em;} .battle-log h2 {margin:0.5em -8px;padding:4px 8px;border:1px solid #AAAAAA;background:#E0E7EA;border-left:0;border-right:0;font-family:Verdana, sans-serif;font-size:13pt;} .battle-log .chat {vertical-align:middle;padding:3px 0 3px 0;font-size:8pt;} .battle-log .chat strong {color:#40576A;} .battle-log .chat em {padding:1px 4px 1px 3px;color:#000000;font-style:normal;} .chat.mine {background:rgba(0,0,0,0.05);margin-left:-8px;margin-right:-8px;padding-left:8px;padding-right:8px;} .spoiler {color:#BBBBBB;background:#BBBBBB;padding:0px 3px;} .spoiler:hover, .spoiler:active, .spoiler-shown {color:#000000;background:#E2E2E2;padding:0px 3px;} .spoiler a {color:#BBBBBB;} .spoiler:hover a, .spoiler:active a, .spoiler-shown a {color:#2288CC;} .chat code, .chat .spoiler:hover code, .chat .spoiler:active code, .chat .spoiler-shown code {border:1px solid #C0C0C0;background:#EEEEEE;color:black;padding:0 2px;} .chat .spoiler code {border:1px solid #CCCCCC;background:#CCCCCC;color:#CCCCCC;} .battle-log .rated {padding:3px 4px;} .battle-log .rated strong {color:white;background:#89A;padding:1px 4px;border-radius:4px;} .spacer {margin-top:0.5em;} .message-announce {background:#6688AA;color:white;padding:1px 4px 2px;} .message-announce a, .broadcast-green a, .broadcast-blue a, .broadcast-red a {color:#DDEEFF;} .broadcast-green {background-color:#559955;color:white;padding:2px 4px;} .broadcast-blue {background-color:#6688AA;color:white;padding:2px 4px;} .infobox {border:1px solid #6688AA;padding:2px 4px;} .infobox-limited {max-height:200px;overflow:auto;overflow-x:hidden;} .broadcast-red {background-color:#AA5544;color:white;padding:2px 4px;} .message-learn-canlearn {font-weight:bold;color:#228822;text-decoration:underline;} .message-learn-cannotlearn {font-weight:bold;color:#CC2222;text-decoration:underline;} .message-effect-weak {font-weight:bold;color:#CC2222;} .message-effect-resist {font-weight:bold;color:#6688AA;} .message-effect-immune {font-weight:bold;color:#666666;} .message-learn-list {margin-top:0;margin-bottom:0;} .message-throttle-notice, .message-error {color:#992222;} .message-overflow, .chat small.message-overflow {font-size:0pt;} .message-overflow::before {font-size:9pt;content:'...';} .subtle {color:#3A4A66;}
</style>
<div class="wrapper replay-wrapper" style="max-width:1180px;margin:0 auto">
<input type="hidden" name="replayid" value="destiny-ou-501587" />
<div class="battle"></div><div class="battle-log"></div><div class="replay-controls"></div><div class="replay-controls-2"></div>
<h1 style="font-weight:normal;text-align:center"><strong>OU</strong><br /><a href="http://pokemonshowdown.com/users/onhyxpected" class="subtle" target="_blank">Onhyxpected</a> vs. <a href="http://pokemonshowdown.com/users/aleister11" class="subtle" target="_blank">Aleister11</a></h1>
<script type="text/plain" class="battle-log-data">|player|p1|Onhyxpected|170
|teamsize|p1|6
|player|p2|Aleister11|153
|teamsize|p2|6
|teamsize|p1|6
|teamsize|p2|6
|gametype|singles
|gen|7
|tier|OU
|rated
|seed|38231,36574,11532,51341
|rule|Cláusula-Mod de Dormir: solo puedes dormir a uno de tus oponentes a la vez.
|rule|Cláusula de Especie: Hasta un Pokémon de cada especie
|rule|Cláusula de Golpe Fulminante: los movimientos fulminantes (OHKO) estan prohibidos
|rule|Cláusula de Veleta: la habilidad Veleta está prohibida
|rule|Cláusula de Movimientos Evasivos: los movimientos de Evasión están prohibidos.
|rule|Cláusula de Batallas Eternas: forzar batallas eternas está prohibido
|clearpoke
|poke|p1|Pinsir, F|item
|poke|p1|Tapu Fini|item
|poke|p1|Heatran, F|item
|poke|p1|Greninja, M|item
|poke|p1|Landorus-Therian, M|item
|poke|p1|Ferrothorn, M|item
|poke|p2|Heracross, M|item
|poke|p2|Tapu Koko|item
|poke|p2|Incineroar, F|item
|poke|p2|Starmie, shiny|item
|poke|p2|Tornadus-Therian, M, shiny|item
|poke|p2|Zygarde, shiny|item
|teampreview|undefined
|choice|*team 321456|*
|choice|*|*team 213456
|choice|team 3, 2, 1, 4, 5, 6|team 2, 1, 3, 4, 5, 6
|
|start
|switch|p1a: Heatran|Heatran, F|323\/323
|switch|p2a: Tapu Koko|Tapu Koko|281\/281
|-fieldstart|move: Electric Terrain|[from] ability: Electric Surge|[of] p2a: Tapu Koko
|turn|1
|choice|*|*move 4
|choice|*move 1|*
|choice|move lavaplume|move uturn
|
|move|p2a: Tapu Koko|U-turn|p1a: Heatran
|-resisted|p1a: Heatran
|-crit|p1a: Heatran
|-damage|p1a: Heatran|298\/323
|choice|*|*switch 5
|choice||switch 5
|
|switch|p2a: Tornadus|Tornadus-Therian, M, shiny|299\/299|[from]move: U-turn
|move|p1a: Heatran|Lava Plume|p2a: Tornadus
|-damage|p2a: Tornadus|121\/299
|-enditem|p2a: Tornadus|Sitrus Berry|[eat]
|-heal|p2a: Tornadus|195\/299|[from] item: Sitrus Berry
|
|upkeep
|turn|2
|choice|*|*move 4
|choice|*move 3 zmove|*
|choice|move flashcannon zmove|move uturn
|
|move|p2a: Tornadus|U-turn|p1a: Heatran
|-resisted|p1a: Heatran
|-damage|p1a: Heatran|287\/323
|choice|*|*switch 3
|choice||switch 3
|
|switch|p2a: Incineroar|Incineroar, F|331\/331|[from]move: U-turn
|-ability|p2a: Incineroar|Intimidate|boost
|-unboost|p1a: Heatran|atk|1
|-zpower|p1a: Heatran
|move|p1a: Heatran|Corkscrew Crash|p2a: Incineroar|[zeffect]
|-resisted|p2a: Incineroar
|-damage|p2a: Incineroar|190\/331
|
|upkeep
|turn|3
|choice|*move 2|*
|choice|*|*move 3
|choice|move earthpower|move drainpunch
|
|move|p1a: Heatran|Earth Power|p2a: Incineroar
|-supereffective|p2a: Incineroar
|-damage|p2a: Incineroar|0 fnt
|faint|p2a: Incineroar
|
|upkeep
|choice|*|*switch 6
|choice||switch 6
|
|switch|p2a: Zygarde|Zygarde, shiny|357\/357
|-ability|p2a: Zygarde|Aura Break
|turn|4
|choice|*move 4|*
|choice|*|*move 2
|choice|move taunt|move substitute
|
|move|p2a: Zygarde|Substitute|p2a: Zygarde
|-start|p2a: Zygarde|Substitute
|-damage|p2a: Zygarde|268\/357
|move|p1a: Heatran|Taunt|p2a: Zygarde
|-start|p2a: Zygarde|move: Taunt
|
|-heal|p2a: Zygarde|290\/357|[from] item: Leftovers
|upkeep
|turn|5
|choice|*|*move 4
|choice|*switch 2|*
|choice|switch 2|move thousandarrows
|
|switch|p1a: Tapu Fini|Tapu Fini|343\/343
|-fieldstart|move: Misty Terrain|[from] ability: Misty Surge|[of] p1a: Tapu Fini
|move|p2a: Zygarde|Thousand Arrows|p1a: Tapu Fini
|-damage|p1a: Tapu Fini|205\/343
|
|-heal|p1a: Tapu Fini|226\/343|[from] item: Leftovers
|-heal|p2a: Zygarde|312\/357|[from] item: Leftovers
|upkeep
|turn|6
|choice|*move 1|*
|choice|*|*move 4
|choice|move scald|move thousandarrows
|
|move|p1a: Tapu Fini|Scald|p2a: Zygarde
|-crit|p2a: Zygarde
|-end|p2a: Zygarde|Substitute
|move|p2a: Zygarde|Thousand Arrows|p1a: Tapu Fini
|-damage|p1a: Tapu Fini|103\/343
|
|-heal|p1a: Tapu Fini|124\/343|[from] item: Leftovers
|-heal|p2a: Zygarde|334\/357|[from] item: Leftovers
|upkeep
|turn|7
|choice|*move 2|*
|choice|*|*move 4
|choice|move naturesmadness|move thousandarrows
|
|move|p1a: Tapu Fini|Nature's Madness|p2a: Zygarde
|-damage|p2a: Zygarde|167\/357
|move|p2a: Zygarde|Thousand Arrows|p1a: Tapu Fini
|-damage|p1a: Tapu Fini|0 fnt
|faint|p1a: Tapu Fini
|
|-heal|p2a: Zygarde|189\/357|[from] item: Leftovers
|-end|p2a: Zygarde|move: Taunt
|upkeep
|choice|*switch 4|*
|choice|switch 4|
|
|switch|p1a: Greninja|Greninja, M|285\/285
|turn|8
|choice|*move 1|*
|choice|*|*switch 4
|choice|move hydropump|switch 4
|
|switch|p2a: Starmie|Starmie, shiny|261\/261
|move|p1a: Greninja|Hydro Pump|p2a: Starmie|[miss]
|-miss|p1a: Greninja|p2a: Starmie
|
|upkeep
|turn|9
|choice|*switch 6|*
|choice|*|*move 3
|choice|switch 6|move icebeam
|
|switch|p1a: Ferrothorn|Ferrothorn, M|351\/351
|move|p2a: Starmie|Ice Beam|p1a: Ferrothorn
|-damage|p1a: Ferrothorn|261\/351
|
|-heal|p1a: Ferrothorn|282\/351|[from] item: Leftovers
|-fieldend|Misty Terrain
|upkeep
|turn|10
|choice|*move 4|*
|choice|*|*switch 3
|choice|move leechseed|switch 3
|
|switch|p2a: Tornadus|Tornadus-Therian, M, shiny|294\/299
|move|p1a: Ferrothorn|Leech Seed|p2a: Tornadus
|-start|p2a: Tornadus|move: Leech Seed
|
|-heal|p1a: Ferrothorn|303\/351|[from] item: Leftovers
|-damage|p2a: Tornadus|257\/299|[from] Leech Seed|[of] p1a: Ferrothorn
|-heal|p1a: Ferrothorn|340\/351|[silent]
|upkeep
|turn|11
|choice|*switch 2|*
|choice|*|*move 1
|choice|switch 2|move taunt
|
|switch|p1a: Heatran|Heatran, F|287\/323
|move|p2a: Tornadus|Taunt|p1a: Heatran
|-start|p1a: Heatran|move: Taunt
|
|-damage|p2a: Tornadus|220\/299|[from] Leech Seed|[of] p1a: Heatran
|-heal|p1a: Heatran|323\/323|[silent]
|upkeep
|turn|12
|choice|*move 1|*
|choice|*|*move 4
|choice|move lavaplume|move uturn
|
|move|p2a: Tornadus|U-turn|p1a: Heatran
|-resisted|p1a: Heatran
|-damage|p1a: Heatran|312\/323
|choice|*|*switch 4
|choice||switch 4
|
|switch|p2a: Zygarde|Zygarde, shiny|189\/357|[from]move: U-turn
|-ability|p2a: Zygarde|Aura Break
|move|p1a: Heatran|Lava Plume|p2a: Zygarde
|-resisted|p2a: Zygarde
|-damage|p2a: Zygarde|105\/357
|
|-heal|p2a: Zygarde|127\/357|[from] item: Leftovers
|upkeep
|turn|13
|choice|*switch 5|*
|choice|*|*move 2
|choice|switch 5|move substitute
|
|switch|p1a: Landorus|Landorus-Therian, M|343\/343
|-ability|p1a: Landorus|Intimidate|boost
|-unboost|p2a: Zygarde|atk|1
|move|p2a: Zygarde|Substitute|p2a: Zygarde
|-start|p2a: Zygarde|Substitute
|-damage|p2a: Zygarde|38\/357
|
|-heal|p2a: Zygarde|60\/357|[from] item: Leftovers
|upkeep
|turn|14
|choice|*|*move 1
|choice|*move 1|*
|choice|move earthquake|move dragondance
|
|move|p1a: Landorus|Earthquake|p2a: Zygarde
|-end|p2a: Zygarde|Substitute
|move|p2a: Zygarde|Dragon Dance|p2a: Zygarde
|-boost|p2a: Zygarde|atk|1
|-boost|p2a: Zygarde|spe|1
|
|-heal|p2a: Zygarde|82\/357|[from] item: Leftovers
|upkeep
|turn|15
|choice|*move 1|*
|choice|*|*switch 4
|choice|move earthquake|switch 4
|
|switch|p2a: Tornadus|Tornadus-Therian, M, shiny|299\/299
|move|p1a: Landorus|Earthquake|p2a: Tornadus
|-immune|p2a: Tornadus|[msg]
|
|upkeep
|turn|16
|choice|*move 1|*
|choice|*|*move 4
|choice|move earthquake|move uturn
|
|move|p1a: Landorus|Earthquake|p2a: Tornadus
|-immune|p2a: Tornadus|[msg]
|move|p2a: Tornadus|U-turn|p1a: Landorus
|-resisted|p1a: Landorus
|-damage|p1a: Landorus|319\/343
|choice|*|*switch 2
|choice||switch 2
|
|switch|p2a: Heracross|Heracross, M|301\/301|[from]move: U-turn
|
|upkeep
|turn|17
|choice|*|*move 2 mega
|choice|*switch 2|*
|choice|switch 2|move substitute mega
|
|switch|p1a: Ferrothorn|Ferrothorn, M|340\/351
|-mega|p2a: Heracross|Heracross|Heracronite
|detailschange|p2a: Heracross|Heracross-Mega, M
|move|p2a: Heracross|Substitute|p2a: Heracross
|-start|p2a: Heracross|Substitute
|-damage|p2a: Heracross|226\/301
|
|-heal|p1a: Ferrothorn|351\/351|[from] item: Leftovers
|upkeep
|turn|18
|choice|*move 3|*
|choice|*|*move 4
|choice|move gyroball|move closecombat
|
|move|p2a: Heracross|Close Combat|p1a: Ferrothorn
|-supereffective|p1a: Ferrothorn
|-damage|p1a: Ferrothorn|0 fnt
|-damage|p2a: Heracross|189\/301|[from] ability: Iron Barbs|[of] p1a: Ferrothorn
|-unboost|p2a: Heracross|def|1
|-unboost|p2a: Heracross|spd|1
|faint|p1a: Ferrothorn
|
|upkeep
|choice|*switch 6|*
|choice|switch 6|
|
|switch|p1a: Greninja|Greninja, M|285\/285
|turn|19
|choice|*move 3|*
|choice|*|*move 4
|choice|move watershuriken|move closecombat
|
|move|p1a: Greninja|Water Shuriken|p2a: Heracross
|-activate|p2a: Heracross|move: Substitute|[damage]
|-end|p2a: Heracross|Substitute
|-hitcount|p2a: Heracross|2
|move|p2a: Heracross|Close Combat|p1a: Greninja
|-supereffective|p1a: Greninja
|-damage|p1a: Greninja|0 fnt
|-unboost|p2a: Heracross|def|1
|-unboost|p2a: Heracross|spd|1
|faint|p1a: Greninja
|
|upkeep
|choice|*switch 3|*
|choice|switch 3|
|
|switch|p1a: Pinsir|Pinsir, F|271\/271
|turn|20
|choice|*move 2 mega|*
|choice|*|*switch 5
|choice|move return mega|switch 5
|
|switch|p2a: Tapu Koko|Tapu Koko|281\/281
|-fieldstart|move: Electric Terrain|[from] ability: Electric Surge|[of] p2a: Tapu Koko
|-mega|p1a: Pinsir|Pinsir|Pinsirite
|detailschange|p1a: Pinsir|Pinsir-Mega, F
|move|p1a: Pinsir|Return|p2a: Tapu Koko
|-resisted|p2a: Tapu Koko
|-damage|p2a: Tapu Koko|142\/281
|
|upkeep
|turn|21
|choice|*switch 5|*
|choice|*|*move 4
|choice|switch 5|move uturn
|
|switch|p1a: Heatran|Heatran, F|312\/323
|move|p2a: Tapu Koko|U-turn|p1a: Heatran
|-resisted|p1a: Heatran
|-damage|p1a: Heatran|295\/323
|choice|*|*switch 3
|choice||switch 3
|
|switch|p2a: Starmie|Starmie, shiny|261\/261|[from]move: U-turn
|
|upkeep
|turn|22
|choice|*|*move 4
|choice|*move 1|*
|choice|move lavaplume|move surf
|
|move|p2a: Starmie|Surf|p1a: Heatran
|-supereffective|p1a: Heatran
|-damage|p1a: Heatran|0 fnt
|faint|p1a: Heatran
|
|upkeep
|choice|*switch 5|*
|choice|switch 5|
|
|switch|p1a: Pinsir|Pinsir-Mega, F|271\/271
|turn|23
|choice|*move 2|*
|choice|*|*move 4
|choice|move return|move surf
|
|move|p2a: Starmie|Surf|p1a: Pinsir
|-damage|p1a: Pinsir|63\/271
|move|p1a: Pinsir|Return|p2a: Starmie
|-damage|p2a: Starmie|0 fnt
|faint|p2a: Starmie
|
|upkeep
|choice|*|*switch 3
|choice||switch 3
|
|switch|p2a: Tapu Koko|Tapu Koko|142\/281
|turn|24
|choice|*switch 2|*
|choice|*|*move 1 zmove
|choice|switch 2|move bravebird zmove
|
|switch|p1a: Landorus|Landorus-Therian, M|319\/343
|-ability|p1a: Landorus|Intimidate|boost
|-unboost|p2a: Tapu Koko|atk|1
|-zpower|p2a: Tapu Koko
|move|p2a: Tapu Koko|Supersonic Skystrike|p1a: Landorus|[zeffect]
|-damage|p1a: Landorus|177\/343
|
|-fieldend|move: Electric Terrain
|upkeep
|turn|25
|choice|*|*switch 2
|choice|*move 2|*
|choice|move rockslide|switch 2
|
|switch|p2a: Tornadus|Tornadus-Therian, M, shiny|299\/299
|move|p1a: Landorus|Rock Slide|p2a: Tornadus
|-supereffective|p2a: Tornadus
|-damage|p2a: Tornadus|107\/299
|
|upkeep
|turn|26
|choice|*move 2|*
|choice|*|*move 3
|choice|move rockslide|move airslash
|
|move|p1a: Landorus|Rock Slide|p2a: Tornadus
|-supereffective|p2a: Tornadus
|-damage|p2a: Tornadus|0 fnt
|faint|p2a: Tornadus
|
|upkeep
|choice|*|*switch 5
|choice||switch 5
|
|switch|p2a: Heracross|Heracross-Mega, M|189\/301
|turn|27
|choice|*move 2|*
|choice|*|*move 2
|choice|move rockslide|move substitute
|
|move|p1a: Landorus|Rock Slide|p2a: Heracross
|-damage|p2a: Heracross|112\/301
|move|p2a: Heracross|Substitute|p2a: Heracross
|-start|p2a: Heracross|Substitute
|-damage|p2a: Heracross|37\/301
|
|upkeep
|turn|28
|choice|*|*move 1
|choice|*move 2|*
|choice|move rockslide|move rockblast
|
|move|p1a: Landorus|Rock Slide|p2a: Heracross
|-activate|p2a: Heracross|move: Substitute|[damage]
|move|p2a: Heracross|Rock Blast|p1a: Landorus
|-damage|p1a: Landorus|139\/343
|-damage|p1a: Landorus|105\/343
|-damage|p1a: Landorus|70\/343
|-damage|p1a: Landorus|34\/343
|-damage|p1a: Landorus|0 fnt
|-hitcount|p1a: Landorus|5
|faint|p1a: Landorus
|
|upkeep
|choice|*switch 2|*
|choice|switch 2|
|
|switch|p1a: Pinsir|Pinsir-Mega, F|63\/271
|turn|29
|choice|*move 2|*
|choice|*|*move 4
|choice|move return|move closecombat
|
|move|p1a: Pinsir|Return|p2a: Heracross
|-supereffective|p2a: Heracross
|-end|p2a: Heracross|Substitute
|move|p2a: Heracross|Close Combat|p1a: Pinsir
|-resisted|p1a: Pinsir
|-damage|p1a: Pinsir|6\/271
|-unboost|p2a: Heracross|def|1
|-unboost|p2a: Heracross|spd|1
|
|upkeep
|turn|30
|choice|*|*move 4
|choice|*move 2|*
|choice|move return|move closecombat
|
|move|p1a: Pinsir|Return|p2a: Heracross
|-supereffective|p2a: Heracross
|-damage|p2a: Heracross|0 fnt
|faint|p2a: Heracross
|
|upkeep
|choice|*|*switch 4
|choice||switch 4
|
|switch|p2a: Zygarde|Zygarde, shiny|82\/357
|-ability|p2a: Zygarde|Aura Break
|turn|31
|choice|*move 4|*
|choice|*|*move 3
|choice|move quickattack|move extremespeed
|
|move|p2a: Zygarde|Extreme Speed|p1a: Pinsir
|-damage|p1a: Pinsir|0 fnt
|faint|p1a: Pinsir
|
|win|Aleister11
Aleister11 ha ganado 5.5 PokeDolares.
|raw|Puntaje de Onhyxpected: 1135 &rarr; <strong>1127<\/strong><br \/>(-8 por perder)
|raw|Puntaje de Aleister11: 1362 &rarr; <strong>1370<\/strong><br \/>(+8 por ganar)
</script>
</div>
<div class="battle-log battle-log-inline"><div class="inner"><div class="battle-options"></div><div class="inner"><div class=""><small>Format:</small> <br><strong>OU</strong></div><div class="rated"><strong>Rated battle</strong></div><div class=""><small><em>Cláusula-Mod de Dormir:</em> solo puedes dormir a uno de tus oponentes a la vez.</small></div><div class=""><small><em>Cláusula de Especie:</em> Hasta un Pokémon de cada especie</small></div><div class=""><small><em>Cláusula de Golpe Fulminante:</em> los movimientos fulminantes (OHKO) estan prohibidos</small></div><div class=""><small><em>Cláusula de Veleta:</em> la habilidad Veleta está prohibida</small></div><div class=""><small><em>Cláusula de Movimientos Evasivos:</em> los movimientos de Evasión están prohibidos.</small></div><div class=""><small><em>Cláusula de Batallas Eternas:</em> forzar batallas eternas está prohibido</small></div><div class="chat battle-history"><strong>Onhyxpected's team:</strong> <em style="color:#445566;display:block;">Pinsir / Tapu Fini / Heatran / Greninja / Landorus-Therian / Ferrothorn</em></div><div class="chat battle-history"><strong>Aleister11's team:</strong> <em style="color:#445566;display:block;">Heracross / Tapu Koko / Incineroar / Starmie / Tornadus-Therian / Zygarde</em></div><div class="spacer battle-history"><br></div><div class="battle-history">Battle started between Onhyxpected and Aleister11!<br></div><div class="spacer battle-history"><br></div><div class="battle-history">Go! <strong>Heatran</strong>!<br></div><div class="spacer battle-history"><br></div><div class="battle-history">Aleister11 sent out <strong>Tapu Koko</strong>!<br></div><div class="battle-history"><small>[The opposing Tapu Koko's Electric Surge]</small><br><small>An electric current runs across the battlefield!</small><br></div><div class="spacer battle-history"><br></div><h2 class="battle-history">Turn 1</h2><div class="spacer battle-history"><br></div><div class="battle-history">The opposing Tapu Koko used <strong>U-turn</strong>!<br></div><div class="battle-history"><small>It's not very effective...</small><br></div><div class="battle-history"><small>A critical hit!</small><br></div><div class="battle-history"><small>(Heatran lost <abbr title="−25/323">7.7%</abbr> of its health!)</small><br></div><div class="spacer battle-history"><br></div><div class="battle-history">The opposing Tapu Koko went back to Aleister11!<br></div><div class="battle-history">Aleister11 sent out Tornadus (<strong>Tornadus-Therian</strong>)!<br></div><div class="spacer battle-history"><br></div><div class="battle-history">Heatran used <strong>Lava Plume</strong>!<br></div><div class="battle-history"><small>(The opposing Tornadus lost <abbr title="−178/299">59.5%</abbr> of its health!)</small><br></div><div class="battle-history"><small>The opposing Tornadus ate its Sitrus Berry!</small><br></div><div class="battle-history"><small>The opposing Tornadus restored HP using its Sitrus Berry!</small><br></div><div class="spacer battle-history"><br></div><h2 class="battle-history">Turn 2</h2><div class="spacer battle-history"><br></div><div class="battle-history">The opposing Tornadus used <strong>U-turn</strong>!<br></div><div class="battle-history"><small>It's not very effective...</small><br></div><div class="battle-history"><small>(Heatran lost <abbr title="−11/323">3.4%</abbr> of its health!)</small><br></div><div class="spacer battle-history"><br></div><div class="battle-history">The opposing Tornadus went back to Aleister11!<br></div><div class="battle-history">Aleister11 sent out <strong>Incineroar</strong>!<br></div><div class="battle-history"><small>[The opposing Incineroar's Intimidate]</small><br></div><div class="battle-history"><small>Heatran's Attack fell!</small><br></div><div class="battle-history"><small>Heatran surrounded itself with its Z-Power!</small><br></div><div class="spacer battle-history"><br></div><div class="battle-history">Heatran used <strong>Corkscrew Crash</strong>!<br></div><div class="battle-history"><small>It's not very effective...</small><br></div><div class="battle-history"><small>(The opposing Incineroar lost <abbr title="−141/331">42.6%</abbr> of its health!)</small><br></div><div class="spacer battle-history"><br></div><h2 class="battle-history">Turn 3</h2><div class="spacer battle-history"><br></div><div class="battle-history">Heatran used <strong>Earth Power</strong>!<br></div><div class="battle-history"><small>It's super effective!</small><br></div><div class="battle-history"><small>(The opposing Incineroar lost <abbr title="−190/331">57.4%</abbr> of its health!)</small><br></div><div class="spacer battle-history"><br></div><div class="battle-history">The opposing Incineroar fainted!<br></div><div class="spacer battle-history"><br></div><div class="battle-history">Aleister11 sent out <strong>Zygarde</strong>!<br></div><div class="battle-history"><small>[The opposing Zygarde's Aura Break]</small><br><small>The opposing Zygarde reversed all other Pokémon's auras!</small><br></div><div class="spacer battle-history"><br></div><h2 class="battle-history">Turn 4</h2><div class="spacer battle-history"><br></div><div class="battle-history">The opposing Zygarde used <strong>Substitute</strong>!<br></div><div class="battle-history"><small>The opposing Zygarde put in a substitute!</small><br></div><div class="battle-history"><small>(The opposing Zygarde lost <abbr title="−89/357">24.9%</abbr> of its health!)</small><br></div><div class="spacer battle-history"><br></div><div class="battle-history">Heatran used <strong>Taunt</strong>!<br></div><div class="battle-history"><small>The opposing Zygarde fell for the taunt!</small><br></div><div class="spacer battle-history"><br></div><div class="battle-history"><small>The opposing Zygarde restored a little HP using its Leftovers!</small><br></div><div class="spacer battle-history"><br></div><h2 class="battle-history">Turn 5</h2><div class="spacer battle-history"><br></div><div class="battle-history">Heatran, come back!<br></div><div class="battle-history">Go! <strong>Tapu Fini</strong>!<br></div><div class="battle-history"><small>[Tapu Fini's Misty Surge]</small><br><small>Mist swirls around the battlefield!</small><br></div><div class="spacer battle-history"><br></div><div class="battle-history">The opposing Zygarde used <strong>Thousand Arrows</strong>!<br></div><div class="battle-history"><small>(Tapu Fini lost <abbr title="−138/343">40.2%</abbr> of its health!)</small><br></div><div class="spacer battle-history"><br></div><div class="battle-history"><small>Tapu Fini restored a little HP using its Leftovers!</small><br></div><div class="battle-history"><small>The opposing Zygarde restored a little HP using its Leftovers!</small><br></div><div class="spacer battle-history"><br></div><h2 class="battle-history">Turn 6</h2><div class="spacer battle-history"><br></div><div class="battle-history">Tapu Fini used <strong>Scald</strong>!<br></div><div class="battle-history"><small>A critical hit!</small><br></div><div class="battle-history"><small>The opposing Zygarde's substitute faded!</small><br></div><div class="spacer battle-history"><br></div><div class="battle-history">The opposing Zygarde used <strong>Thousand Arrows</strong>!<br></div><div class="battle-history"><small>(Tapu Fini lost <abbr title="−123/343">35.9%</abbr> of its health!)</small><br></div><div class="spacer battle-history"><br></div><div class="battle-history"><small>Tapu Fini restored a little HP using its Leftovers!</small><br></div><div class="battle-history"><small>The opposing Zygarde restored a little HP using its Leftovers!</small><br></div><div class="spacer battle-history"><br></div><h2 class="battle-history">Turn 7</h2><div class="spacer battle-history"><br></div><div class="battle-history">Tapu Fini used <strong>Nature's Madness</strong>!<br></div><div class="battle-history"><small>(The opposing Zygarde lost <abbr title="−167/357">46.8%</abbr> of its health!)</small><br></div><div class="spacer battle-history"><br></div><div class="battle-history">The opposing Zygarde used <strong>Thousand Arrows</strong>!<br></div><div class="battle-history"><small>(Tapu Fini lost <abbr title="−124/343">36.2%</abbr> of its health!)</small><br></div><div class="spacer battle-history"><br></div><div class="battle-history">Tapu Fini fainted!<br></div><div class="spacer battle-history"><br></div><div class="battle-history"><small>The opposing Zygarde restored a little HP using its Leftovers!</small><br></div><div class="battle-history"><small>The opposing Zygarde's taunt wore off!</small><br></div><div class="spacer battle-history"><br></div><div class="battle-history">Go! <strong>Greninja</strong>!<br></div><div class="spacer battle-history"><br></div><h2 class="battle-history">Turn 8</h2><div class="spacer battle-history"><br></div><div class="battle-history">Aleister11 withdrew Zygarde!<br></div><div class="battle-history">Aleister11 sent out <strong>Starmie</strong>!<br></div><div class="spacer battle-history"><br></div><div class="battle-history">Greninja used <strong>Hydro Pump</strong>!<br></div><div class="battle-history"><small>The opposing Starmie avoided the attack!</small><br></div><div class="spacer battle-history"><br></div><h2 class="battle-history">Turn 9</h2><div class="spacer battle-history"><br></div><div class="battle-history">Greninja, come back!<br></div><div class="battle-history">Go! <strong>Ferrothorn</strong>!<br></div><div class="spacer battle-history"><br></div><div class="battle-history">The opposing Starmie used <strong>Ice Beam</strong>!<br></div><div class="battle-history"><small>(Ferrothorn lost <abbr title="−90/351">25.6%</abbr> of its health!)</small><br></div><div class="spacer battle-history"><br></div><div class="battle-history"><small>Ferrothorn restored a little HP using its Leftovers!</small><br></div><div class="battle-history"><small>The mist disappeared from the battlefield.</small><br></div><div class="spacer battle-history"><br></div><h2 class="battle-history">Turn 10</h2><div class="spacer battle-history"><br></div><div class="battle-history">Aleister11 withdrew Starmie!<br></div><div class="battle-history">Aleister11 sent out Tornadus (<strong>Tornadus-Therian</strong>)!<br></div><div class="spacer battle-history"><br></div><div class="battle-history">Ferrothorn used <strong>Leech Seed</strong>!<br></div><div class="battle-history"><small>The opposing Tornadus was seeded!</small><br></div><div class="spacer battle-history"><br></div><div class="battle-history"><small>Ferrothorn restored a little HP using its Leftovers!</small><br></div><div class="battle-history"><small>The opposing Tornadus's health is sapped by Leech Seed!</small><br></div><div class="spacer battle-history"><br></div><h2 class="battle-history">Turn 11</h2><div class="spacer battle-history"><br></div><div class="battle-history">Ferrothorn, come back!<br></div><div class="battle-history">Go! <strong>Heatran</strong>!<br></div><div class="spacer battle-history"><br></div><div class="battle-history">The opposing Tornadus used <strong>Taunt</strong>!<br></div><div class="battle-history"><small>Heatran fell for the taunt!</small><br></div><div class="spacer battle-history"><br></div><div class="battle-history"><small>The opposing Tornadus's health is sapped by Leech Seed!</small><br></div><div class="spacer battle-history"><br></div><h2 class="battle-history">Turn 12</h2><div class="spacer battle-history"><br></div><div class="battle-history">The opposing Tornadus used <strong>U-turn</strong>!<br></div><div class="battle-history"><small>It's not very effective...</small><br></div><div class="battle-history"><small>(Heatran lost <abbr title="−11/323">3.4%</abbr> of its health!)</small><br></div><div class="spacer battle-history"><br></div><div class="battle-history">The opposing Tornadus went back to Aleister11!<br></div><div class="battle-history">Aleister11 sent out <strong>Zygarde</strong>!<br></div><div class="battle-history"><small>[The opposing Zygarde's Aura Break]</small><br><small>The opposing Zygarde reversed all other Pokémon's auras!</small><br></div><div class="spacer battle-history"><br></div><div class="battle-history">Heatran used <strong>Lava Plume</strong>!<br></div><div class="battle-history"><small>It's not very effective...</small><br></div><div class="battle-history"><small>(The opposing Zygarde lost <abbr title="−84/357">23.5%</abbr> of its health!)</small><br></div><div class="spacer battle-history"><br></div><div class="battle-history"><small>The opposing Zygarde restored a little HP using its Leftovers!</small><br></div><div class="spacer battle-history"><br></div><h2 class="battle-history">Turn 13</h2><div class="spacer battle-history"><br></div><div class="battle-history">Heatran, come back!<br></div><div class="battle-history">Go! Landorus (<strong>Landorus-Therian</strong>)!<br></div><div class="battle-history"><small>[Landorus's Intimidate]</small><br></div><div class="battle-history"><small>The opposing Zygarde's Attack fell!</small><br></div><div class="spacer battle-history"><br></div><div class="battle-history">The opposing Zygarde used <strong>Substitute</strong>!<br></div><div class="battle-history"><small>The opposing Zygarde put in a substitute!</small><br></div><div class="battle-history"><small>(The opposing Zygarde lost <abbr title="−89/357">24.9%</abbr> of its health!)</small><br></div><div class="spacer battle-history"><br></div><div class="battle-history"><small>The opposing Zygarde restored a little HP using its Leftovers!</small><br></div><div class="spacer battle-history"><br></div><h2 class="battle-history">Turn 14</h2><div class="spacer battle-history"><br></div><div class="battle-history">Landorus used <strong>Earthquake</strong>!<br></div><div class="battle-history"><small>The opposing Zygarde's substitute faded!</small><br></div><div class="spacer battle-history"><br></div><div class="battle-history">The opposing Zygarde used <strong>Dragon Dance</strong>!<br></div><div class="battle-history"><small>The opposing Zygarde's Attack rose!</small><br></div><div class="battle-history"><small>The opposing Zygarde's Speed rose!</small><br></div><div class="spacer battle-history"><br></div><div class="battle-history"><small>The opposing Zygarde restored a little HP using its Leftovers!</small><br></div><div class="spacer battle-history"><br></div><h2 class="battle-history">Turn 15</h2><div class="spacer battle-history"><br></div><div class="battle-history">Aleister11 withdrew Zygarde!<br></div><div class="battle-history">Aleister11 sent out Tornadus (<strong>Tornadus-Therian</strong>)!<br></div><div class="spacer battle-history"><br></div><div class="battle-history">Landorus used <strong>Earthquake</strong>!<br></div><div class="battle-history"><small>It doesn't affect the opposing Tornadus...</small><br></div><div class="spacer battle-history"><br></div><h2 class="battle-history">Turn 16</h2><div class="spacer battle-history"><br></div><div class="battle-history">Landorus used <strong>Earthquake</strong>!<br></div><div class="battle-history"><small>It doesn't affect the opposing Tornadus...</small><br></div><div class="spacer battle-history"><br></div><div class="battle-history">The opposing Tornadus used <strong>U-turn</strong>!<br></div><div class="battle-history"><small>It's not very effective...</small><br></div><div class="battle-history"><small>(Landorus lost <abbr title="−24/343">7.0%</abbr> of its health!)</small><br></div><div class="spacer battle-history"><br></div><div class="battle-history">The opposing Tornadus went back to Aleister11!<br></div><div class="battle-history">Aleister11 sent out <strong>Heracross</strong>!<br></div><div class="spacer battle-history"><br></div><h2 class="battle-history">Turn 17</h2><div class="spacer battle-history"><br></div><div class="battle-history">Landorus, come back!<br></div><div class="battle-history">Go! <strong>Ferrothorn</strong>!<br></div><div class="spacer battle-history"><br></div><div class="battle-history"><small>The opposing Heracross's Heracronite is reacting to the Key Stone!</small><br>The opposing Heracross has Mega Evolved into Mega Heracross!<br></div><div class="spacer battle-history"><br></div><div class="battle-history">The opposing Heracross used <strong>Substitute</strong>!<br></div><div class="battle-history"><small>The opposing Heracross put in a substitute!</small><br></div><div class="battle-history"><small>(The opposing Heracross lost <abbr title="−75/301">24.9%</abbr> of its health!)</small><br></div><div class="spacer battle-history"><br></div><div class="battle-history"><small>Ferrothorn restored a little HP using its Leftovers!</small><br></div><div class="spacer battle-history"><br></div><h2 class="battle-history">Turn 18</h2><div class="spacer battle-history"><br></div><div class="battle-history">The opposing Heracross used <strong>Close Combat</strong>!<br></div><div class="battle-history"><small>It's super effective!</small><br></div><div class="battle-history"><small>(Ferrothorn lost <abbr title="−351/351">100%</abbr> of its health!)</small><br></div><div class="battle-history"><small>[Ferrothorn's Iron Barbs]</small><br><small>The opposing Heracross was hurt!</small><br></div><div class="battle-history"><small>The opposing Heracross's Defense fell!</small><br></div><div class="battle-history"><small>The opposing Heracross's Special Defense fell!</small><br></div><div class="spacer battle-history"><br></div><div class="battle-history">Ferrothorn fainted!<br></div><div class="spacer battle-history"><br></div><div class="battle-history">Go! <strong>Greninja</strong>!<br></div><div class="spacer battle-history"><br></div><h2 class="battle-history">Turn 19</h2><div class="spacer battle-history"><br></div><div class="battle-history">Greninja used <strong>Water Shuriken</strong>!<br></div><div class="battle-history"><small>The substitute took damage for the opposing Heracross!</small><br></div><div class="battle-history"><small>The opposing Heracross's substitute faded!</small><br></div><div class="battle-history"><small>Hit 2 times!</small><br></div><div class="spacer battle-history"><br></div><div class="battle-history">The opposing Heracross used <strong>Close Combat</strong>!<br></div><div class="battle-history"><small>It's super effective!</small><br></div><div class="battle-history"><small>(Greninja lost <abbr title="−285/285">100%</abbr> of its health!)</small><br></div><div class="battle-history"><small>The opposing Heracross's Defense fell!</small><br></div><div class="battle-history"><small>The opposing Heracross's Special Defense fell!</small><br></div><div class="spacer battle-history"><br></div><div class="battle-history">Greninja fainted!<br></div><div class="spacer battle-history"><br></div><div class="battle-history">Go! <strong>Pinsir</strong>!<br></div><div class="spacer battle-history"><br></div><h2 class="battle-history">Turn 20</h2><div class="spacer battle-history"><br></div><div class="battle-history">Aleister11 withdrew Heracross!<br></div><div class="battle-history">Aleister11 sent out <strong>Tapu Koko</strong>!<br></div><div class="battle-history"><small>[The opposing Tapu Koko's Electric Surge]</small><br><small>An electric current runs across the battlefield!</small><br></div><div class="spacer battle-history"><br></div><div class="battle-history"><small>Pinsir's Pinsirite is reacting to the Key Stone!</small><br>Pinsir has Mega Evolved into Mega Pinsir!<br></div><div class="spacer battle-history"><br></div><div class="battle-history">Pinsir used <strong>Return</strong>!<br></div><div class="battle-history"><small>It's not very effective...</small><br></div><div class="battle-history"><small>(The opposing Tapu Koko lost <abbr title="−139/281">49.5%</abbr> of its health!)</small><br></div><div class="spacer battle-history"><br></div><h2 class="battle-history">Turn 21</h2><div class="spacer battle-history"><br></div><div class="battle-history">Pinsir, come back!<br></div><div class="battle-history">Go! <strong>Heatran</strong>!<br></div><div class="spacer battle-history"><br></div><div class="battle-history">The opposing Tapu Koko used <strong>U-turn</strong>!<br></div><div class="battle-history"><small>It's not very effective...</small><br></div><div class="battle-history"><small>(Heatran lost <abbr title="−17/323">5.3%</abbr> of its health!)</small><br></div><div class="spacer battle-history"><br></div><div class="battle-history">The opposing Tapu Koko went back to Aleister11!<br></div><div class="battle-history">Aleister11 sent out <strong>Starmie</strong>!<br></div><div class="spacer battle-history"><br></div><h2 class="battle-history">Turn 22</h2><div class="spacer battle-history"><br></div><div class="battle-history">The opposing Starmie used <strong>Surf</strong>!<br></div><div class="battle-history"><small>It's super effective!</small><br></div><div class="battle-history"><small>(Heatran lost <abbr title="−295/323">91.3%</abbr> of its health!)</small><br></div><div class="spacer battle-history"><br></div><div class="battle-history">Heatran fainted!<br></div><div class="spacer battle-history"><br></div><div class="battle-history">Go! Pinsir (<strong>Pinsir-Mega</strong>)!<br></div><div class="spacer battle-history"><br></div><h2 class="battle-history">Turn 23</h2><div class="spacer battle-history"><br></div><div class="battle-history">The opposing Starmie used <strong>Surf</strong>!<br></div><div class="battle-history"><small>(Pinsir lost <abbr title="−208/271">76.8%</abbr> of its health!)</small><br></div><div class="spacer battle-history"><br></div><div class="battle-history">Pinsir used <strong>Return</strong>!<br></div><div class="battle-history"><small>(The opposing Starmie lost <abbr title="−261/261">100%</abbr> of its health!)</small><br></div><div class="spacer battle-history"><br></div><div class="battle-history">The opposing Starmie fainted!<br></div><div class="spacer battle-history"><br></div><div class="battle-history">Aleister11 sent out <strong>Tapu Koko</strong>!<br></div><div class="spacer battle-history"><br></div><h2 class="battle-history">Turn 24</h2><div class="spacer battle-history"><br></div><div class="battle-history">Pinsir, come back!<br></div><div class="battle-history">Go! Landorus (<strong>Landorus-Therian</strong>)!<br></div><div class="battle-history"><small>[Landorus's Intimidate]</small><br></div><div class="battle-history"><small>The opposing Tapu Koko's Attack fell!</small><br></div><div class="battle-history"><small>The opposing Tapu Koko surrounded itself with its Z-Power!</small><br></div><div class="spacer battle-history"><br></div><div class="battle-history">The opposing Tapu Koko used <strong>Supersonic Skystrike</strong>!<br></div><div class="battle-history"><small>(Landorus lost <abbr title="−142/343">41.4%</abbr> of its health!)</small><br></div><div class="spacer battle-history"><br></div><div class="battle-history"><small>The electricity disappeared from the battlefield.</small><br></div><div class="spacer battle-history"><br></div><h2 class="battle-history">Turn 25</h2><div class="spacer battle-history"><br></div><div class="battle-history">Aleister11 withdrew Tapu Koko!<br></div><div class="battle-history">Aleister11 sent out Tornadus (<strong>Tornadus-Therian</strong>)!<br></div><div class="spacer battle-history"><br></div><div class="battle-history">Landorus used <strong>Rock Slide</strong>!<br></div><div class="battle-history"><small>It's super effective!</small><br></div><div class="battle-history"><small>(The opposing Tornadus lost <abbr title="−192/299">64.2%</abbr> of its health!)</small><br></div><div class="spacer battle-history"><br></div><h2 class="battle-history">Turn 26</h2><div class="spacer battle-history"><br></div><div class="battle-history">Landorus used <strong>Rock Slide</strong>!<br></div><div class="battle-history"><small>It's super effective!</small><br></div><div class="battle-history"><small>(The opposing Tornadus lost <abbr title="−107/299">35.8%</abbr> of its health!)</small><br></div><div class="spacer battle-history"><br></div><div class="battle-history">The opposing Tornadus fainted!<br></div><div class="spacer battle-history"><br></div><div class="battle-history">Aleister11 sent out Heracross (<strong>Heracross-Mega</strong>)!<br></div><div class="spacer battle-history"><br></div><h2 class="battle-history">Turn 27</h2><div class="spacer battle-history"><br></div><div class="battle-history">Landorus used <strong>Rock Slide</strong>!<br></div><div class="battle-history"><small>(The opposing Heracross lost <abbr title="−77/301">25.6%</abbr> of its health!)</small><br></div><div class="spacer battle-history"><br></div><div class="battle-history">The opposing Heracross used <strong>Substitute</strong>!<br></div><div class="battle-history"><small>The opposing Heracross put in a substitute!</small><br></div><div class="battle-history"><small>(The opposing Heracross lost <abbr title="−75/301">24.9%</abbr> of its health!)</small><br></div><div class="spacer battle-history"><br></div><h2 class="battle-history">Turn 28</h2><div class="spacer battle-history"><br></div><div class="battle-history">Landorus used <strong>Rock Slide</strong>!<br></div><div class="battle-history"><small>The substitute took damage for the opposing Heracross!</small><br></div><div class="spacer battle-history"><br></div><div class="battle-history">The opposing Heracross used <strong>Rock Blast</strong>!<br></div><div class="battle-history"><small>(Landorus lost <abbr title="−38/343">11.1%</abbr> of its health!)</small><br></div><div class="battle-history"><small>(Landorus lost <abbr title="−34/343">9.9%</abbr> of its health!)</small><br></div><div class="battle-history"><small>(Landorus lost <abbr title="−35/343">10.2%</abbr> of its health!)</small><br></div><div class="battle-history"><small>(Landorus lost <abbr title="−36/343">10.5%</abbr> of its health!)</small><br></div><div class="battle-history"><small>(Landorus lost <abbr title="−34/343">9.9%</abbr> of its health!)</small><br></div><div class="battle-history"><small>Hit 5 times!</small><br></div><div class="spacer battle-history"><br></div><div class="battle-history">Landorus fainted!<br></div><div class="spacer battle-history"><br></div><div class="battle-history">Go! Pinsir (<strong>Pinsir-Mega</strong>)!<br></div><div class="spacer battle-history"><br></div><h2 class="battle-history">Turn 29</h2><div class="spacer battle-history"><br></div><div class="battle-history">Pinsir used <strong>Return</strong>!<br></div><div class="battle-history"><small>It's super effective!</small><br></div><div class="battle-history"><small>The opposing Heracross's substitute faded!</small><br></div><div class="spacer battle-history"><br></div><div class="battle-history">The opposing Heracross used <strong>Close Combat</strong>!<br></div><div class="battle-history"><small>It's not very effective...</small><br></div><div class="battle-history"><small>(Pinsir lost <abbr title="−57/271">21.0%</abbr> of its health!)</small><br></div><div class="battle-history"><small>The opposing Heracross's Defense fell!</small><br></div><div class="battle-history"><small>The opposing Heracross's Special Defense fell!</small><br></div><div class="spacer battle-history"><br></div><h2 class="battle-history">Turn 30</h2><div class="spacer battle-history"><br></div><div class="battle-history">Pinsir used <strong>Return</strong>!<br></div><div class="battle-history"><small>It's super effective!</small><br></div><div class="battle-history"><small>(The opposing Heracross lost <abbr title="−37/301">12.3%</abbr> of its health!)</small><br></div><div class="spacer battle-history"><br></div><div class="battle-history">The opposing Heracross fainted!<br></div><div class="spacer battle-history"><br></div><div class="battle-history">Aleister11 sent out <strong>Zygarde</strong>!<br></div><div class="battle-history"><small>[The opposing Zygarde's Aura Break]</small><br><small>The opposing Zygarde reversed all other Pokémon's auras!</small><br></div><div class="spacer battle-history"><br></div><h2 class="battle-history">Turn 31</h2><div class="spacer battle-history"><br></div><div class="battle-history">The opposing Zygarde used <strong>Extreme Speed</strong>!<br></div><div class="battle-history"><small>(Pinsir lost <abbr title="−6/271">2.2%</abbr> of its health!)</small><br></div><div class="spacer battle-history"><br></div><div class="battle-history">Pinsir fainted!<br></div><div class="spacer battle-history"><br></div><div class="battle-history"><strong>Aleister11</strong> won the battle!<br></div><div class="chat">Aleister11 ha ganado 5.5 PokeDolares.</div><div class="chat">Puntaje de Onhyxpected: 1135 → <strong>1127</strong><br>(-8 por perder)</div><div class="chat">Puntaje de Aleister11: 1362 → <strong>1370</strong><br>(+8 por ganar)</div></div><div class="inner-preempt"></div></div></div>
</div>
<script>
let daily = Math.floor(Date.now()/1000/60/60/24);document.write('<script src="https://play.pokemonshowdown.com/js/replay-embed.js?version'+daily+'"></'+'script>');
</script>
