<!DOCTYPE html>
<meta charset="utf-8" />
<!-- version 1 -->
<title>OU replay: Alm-2200 vs. AdderJo</title>
<style>
html,body {font-family:Verdana, sans-serif;font-size:10pt;margin:0;padding:0;}body{padding:12px 0;} .battle-log {font-family:Verdana, sans-serif;font-size:10pt;} .battle-log-inline {border:1px solid #AAAAAA;background:#EEF2F5;color:black;max-width:640px;margin:0 auto 80px;padding-bottom:5px;} .battle-log .inner {padding:4px 8px 0px 8px;} .battle-log .inner-preempt {padding:0 8px 4px 8px;} .battle-log .inner-after {margin-top:0.5em;} .battle-log h2 {margin:0.5em -8px;padding:4px 8px;border:1px solid #AAAAAA;background:#E0E7EA;border-left:0;border-right:0;font-family:Verdana, sans-serif;font-size:13pt;} .battle-log .chat {vertical-align:middle;padding:3px 0 3px 0;font-size:8pt;} .battle-log .chat strong {color:#40576A;} .battle-log .chat em {padding:1px 4px 1px 3px;color:#000000;font-style:normal;} .chat.mine {background:rgba(0,0,0,0.05);margin-left:-8px;margin-right:-8px;padding-left:8px;padding-right:8px;} .spoiler {color:#BBBBBB;background:#BBBBBB;padding:0px 3px;} .spoiler:hover, .spoiler:active, .spoiler-shown {color:#000000;background:#E2E2E2;padding:0px 3px;} .spoiler a {color:#BBBBBB;} .spoiler:hover a, .spoiler:active a, .spoiler-shown a {color:#2288CC;} .chat code, .chat .spoiler:hover code, .chat .spoiler:active code, .chat .spoiler-shown code {border:1px solid #C0C0C0;background:#EEEEEE;color:black;padding:0 2px;} .chat .spoiler code {border:1px solid #CCCCCC;background:#CCCCCC;color:#CCCCCC;} .battle-log .rated {padding:3px 4px;} .battle-log .rated strong {color:white;background:#89A;padding:1px 4px;border-radius:4px;} .spacer {margin-top:0.5em;} .message-announce {background:#6688AA;color:white;padding:1px 4px 2px;} .message-announce a, .broadcast-green a, .broadcast-blue a, .broadcast-red a {color:#DDEEFF;} .broadcast-green {background-color:#559955;color:white;padding:2px 4px;} .broadcast-blue {background-color:#6688AA;color:white;padding:2px 4px;} .infobox {border:1px solid #6688AA;padding:2px 4px;} .infobox-limited {max-height:200px;overflow:auto;overflow-x:hidden;} .broadcast-red {background-color:#AA5544;color:white;padding:2px 4px;} .message-learn-canlearn {font-weight:bold;color:#228822;text-decoration:underline;} .message-learn-cannotlearn {font-weight:bold;color:#CC2222;text-decoration:underline;} .message-effect-weak {font-weight:bold;color:#CC2222;} .message-effect-resist {font-weight:bold;color:#6688AA;} .message-effect-immune {font-weight:bold;color:#666666;} .message-learn-list {margin-top:0;margin-bottom:0;} .message-throttle-notice, .message-error {color:#992222;} .message-overflow, .chat small.message-overflow {font-size:0pt;} .message-overflow::before {font-size:9pt;content:'...';} .subtle {color:#3A4A66;}
</style>
<div class="wrapper replay-wrapper" style="max-width:1180px;margin:0 auto">
<input type="hidden" name="replayid" value="destiny-ou-470499" />
<div class="battle"></div><div class="battle-log"></div><div class="replay-controls"></div><div class="replay-controls-2"></div>
<h1 style="font-weight:normal;text-align:center"><strong>OU</strong><br /><a href="http://pokemonshowdown.com/users/alm2200" class="subtle" target="_blank">Alm-2200</a> vs. <a href="http://pokemonshowdown.com/users/adderjo" class="subtle" target="_blank">AdderJo</a></h1>
<script type="text/plain" class="battle-log-data">|player|p1|Alm-2200|266
|teamsize|p1|6
|player|p2|AdderJo|1
|teamsize|p2|6
|teamsize|p1|6
|teamsize|p2|6
|gametype|singles
|gen|7
|tier|OU
|rated
|seed|65122,2957,4310,42991
|rule|Cláusula-Mod de Dormir: solo puedes dormir a uno de tus oponentes a la vez.
|rule|Cláusula de Especie: Hasta un Pokémon de cada especie
|rule|Cláusula de Golpe Fulminante: los movimientos fulminantes (OHKO) estan prohibidos
|rule|Cláusula de Veleta: la habilidad Veleta está prohibida
|rule|Cláusula de Movimientos Evasivos: los movimientos de Evasión están prohibidos.
|rule|Cláusula de Batallas Eternas: forzar batallas eternas está prohibido
|clearpoke
|poke|p1|Mew|item
|poke|p1|Aggron, M|item
|poke|p1|Golisopod, M, shiny|item
|poke|p1|Kyurem-Black, shiny|item
|poke|p1|Hawlucha, M, shiny|item
|poke|p1|Tapu Koko, shiny|item
|poke|p2|Staraptor, F|item
|poke|p2|Alakazam, F|item
|poke|p2|Tapu Koko|item
|poke|p2|Kartana|item
|poke|p2|Heatran, F|item
|poke|p2|Tangrowth, M|item
|teampreview|undefined
|choice|*|*team 321456
|inactive|Reloj de batalla ENCENDIDO. El jugador inactivo será descalificado (solicitado por AdderJo).
|choice|*team 623451|*
|choice|team 6, 2, 3, 4, 5, 1|team 3, 2, 1, 4, 5, 6
|
|start
|switch|p1a: Tapu Koko|Tapu Koko, shiny|281\/281
|switch|p2a: Tapu Koko|Tapu Koko|281\/281
|-fieldstart|move: Electric Terrain|[from] ability: Electric Surge|[of] p2a: Tapu Koko
|turn|1
|c|☆AdderJo|pollos hermanos we
|choice|*move 1|*
|choice|*|*move 4
|choice|move thunderbolt|move voltswitch
|
|move|p2a: Tapu Koko|Volt Switch|p1a: Tapu Koko
|-resisted|p1a: Tapu Koko
|-damage|p1a: Tapu Koko|145\/281
|choice|*|*switch 6
|choice||switch 6
|
|switch|p2a: Tangrowth|Tangrowth, M|403\/403|[from]move: Volt Switch
|move|p1a: Tapu Koko|Thunderbolt|p2a: Tangrowth
|-resisted|p2a: Tangrowth
|-damage|p2a: Tangrowth|293\/403
|
|upkeep
|turn|2
|c|☆Alm-2200|yes
|inactive|Alm-2200 tiene 135 segundos restantes.
|inactive|AdderJo tiene 135 segundos restantes.
|choice|*switch 5|*
|choice|*|*move 3
|choice|switch 5|move earthquake
|
|switch|p1a: Hawlucha|Hawlucha, M, shiny|323\/323
|-enditem|p1a: Hawlucha|Electric Seed
|-boost|p1a: Hawlucha|def|1
|move|p2a: Tangrowth|Earthquake|p1a: Hawlucha
|-immune|p1a: Hawlucha|[msg]
|
|upkeep
|turn|3
|inactive|Alm-2200 tiene 135 segundos restantes.
|inactive|AdderJo tiene 135 segundos restantes.
|choice|*move 1|*
|choice|*|*move 4
|choice|move acrobatics|move rockslide
|
|move|p1a: Hawlucha|Acrobatics|p2a: Tangrowth
|-supereffective|p2a: Tangrowth
|-damage|p2a: Tangrowth|9\/403
|move|p2a: Tangrowth|Rock Slide|p1a: Hawlucha
|-damage|p1a: Hawlucha|276\/323
|
|upkeep
|turn|4
|choice|*|*switch 3
|choice|*move 4|*
|choice|move swordsdance|switch 3
|
|switch|p2a: Staraptor|Staraptor, F|311\/311
|move|p1a: Hawlucha|Swords Dance|p1a: Hawlucha
|-boost|p1a: Hawlucha|atk|2
|
|upkeep
|turn|5
|choice|*|*move 1
|choice|*move 2|*
|choice|move highjumpkick|move bravebird
|
|move|p1a: Hawlucha|High Jump Kick|p2a: Staraptor
|-damage|p2a: Staraptor|0 fnt
|faint|p2a: Staraptor
|
|-fieldend|move: Electric Terrain
|upkeep
|choice|*|*switch 6
|choice||switch 6
|
|switch|p2a: Tapu Koko|Tapu Koko|281\/281
|-fieldstart|move: Electric Terrain|[from] ability: Electric Surge|[of] p2a: Tapu Koko
|turn|6
|choice|*|*move 4
|choice|*move 1|*
|choice|move acrobatics|move voltswitch
|
|move|p1a: Hawlucha|Acrobatics|p2a: Tapu Koko
|-resisted|p2a: Tapu Koko
|-damage|p2a: Tapu Koko|82\/281
|move|p2a: Tapu Koko|Volt Switch|p1a: Hawlucha
|-supereffective|p1a: Hawlucha
|-damage|p1a: Hawlucha|0 fnt
|faint|p1a: Hawlucha
|choice|*|*switch 3
|choice||switch 3
|
|switch|p2a: Tangrowth|Tangrowth, M|143\/403|[from]move: Volt Switch
|
|upkeep
|choice|*switch 5|*
|choice|switch 5|
|
|switch|p1a: Tapu Koko|Tapu Koko, shiny|145\/281
|turn|7
|choice|*move 3|*
|choice|*move 2|*
|choice|*|*switch 5
|choice|move hiddenpower|switch 5
|
|switch|p2a: Heatran|Heatran, F|385\/385
|move|p1a: Tapu Koko|Hidden Power|p2a: Heatran
|-resisted|p2a: Heatran
|-damage|p2a: Heatran|371\/385
|
|-heal|p2a: Heatran|385\/385|[from] item: Leftovers
|upkeep
|turn|8
|choice|*|*move 1
|choice|*switch 4|*
|choice|*|*move 3
|choice|switch 4|move stealthrock
|
|switch|p1a: Kyurem|Kyurem-Black, shiny|391\/391
|-ability|p1a: Kyurem|Teravolt
|move|p2a: Heatran|Stealth Rock|p1a: Kyurem
|-sidestart|p1: Alm-2200|move: Stealth Rock
|
|upkeep
|turn|9
|choice|*|*move 4
|choice|*move 2|*
|choice|move earthpower|move toxic
|
|move|p1a: Kyurem|Earth Power|p2a: Heatran
|-supereffective|p2a: Heatran
|-damage|p2a: Heatran|117\/385
|move|p2a: Heatran|Toxic|p1a: Kyurem
|-status|p1a: Kyurem|tox
|
|-heal|p2a: Heatran|141\/385|[from] item: Leftovers
|-damage|p1a: Kyurem|367\/391 tox|[from] psn
|upkeep
|turn|10
|choice|*|*switch 5
|choice|*move 2|*
|choice|move earthpower|switch 5
|
|switch|p2a: Tangrowth|Tangrowth, M|277\/403
|move|p1a: Kyurem|Earth Power|p2a: Tangrowth
|-resisted|p2a: Tangrowth
|-crit|p2a: Tangrowth
|-damage|p2a: Tangrowth|225\/403
|
|-damage|p1a: Kyurem|319\/391 tox|[from] psn
|-fieldend|move: Electric Terrain
|upkeep
|turn|11
|choice|*|*switch 5
|choice|*move 4 zmove|*
|choice|move freezeshock zmove|switch 5
|
|switch|p2a: Heatran|Heatran, F|141\/385
|-zpower|p1a: Kyurem
|move|p1a: Kyurem|Subzero Slammer|p2a: Heatran|[zeffect]
|-resisted|p2a: Heatran
|-damage|p2a: Heatran|40\/385
|
|-heal|p2a: Heatran|64\/385|[from] item: Leftovers
|-damage|p1a: Kyurem|247\/391 tox|[from] psn
|upkeep
|turn|12
|choice|*|*move 1
|choice|*move 2|*
|choice|move earthpower|move magmastorm
|
|move|p1a: Kyurem|Earth Power|p2a: Heatran
|-supereffective|p2a: Heatran
|-damage|p2a: Heatran|0 fnt
|faint|p2a: Heatran
|
|-damage|p1a: Kyurem|151\/391 tox|[from] psn
|upkeep
|choice|*|*switch 4
|choice||switch 4
|
|switch|p2a: Kartana|Kartana|322\/322
|turn|13
|choice|*|*move 4
|choice|*switch 6|*
|choice|switch 6|move sacredsword
|
|switch|p1a: Mew|Mew|403\/403
|-damage|p1a: Mew|353\/403|[from] Stealth Rock
|move|p2a: Kartana|Sacred Sword|p1a: Mew
|-resisted|p1a: Mew
|-damage|p1a: Mew|311\/403
|
|-heal|p1a: Mew|336\/403|[from] item: Leftovers
|upkeep
|turn|14
|choice|*switch 6|*
|choice|*|*switch 2
|choice|switch 6|switch 2
|
|switch|p2a: Alakazam|Alakazam, F|251\/251
|switch|p1a: Kyurem|Kyurem-Black, shiny|151\/391 tox
|-damage|p1a: Kyurem|54\/391 tox|[from] Stealth Rock
|-ability|p1a: Kyurem|Teravolt
|
|-damage|p1a: Kyurem|30\/391 tox|[from] psn
|upkeep
|turn|15
|choice|*|*move 3 mega
|choice|*move 3|*
|choice|*|*move 1 mega
|choice|move fusionbolt|move psyshock mega
|
|-mega|p2a: Alakazam|Alakazam|Alakazite
|detailschange|p2a: Alakazam|Alakazam-Mega, F
|-ability|p2a: Alakazam|Teravolt|[from] ability: Trace|[of] p1a: Kyurem
|-ability|p2a: Alakazam|Teravolt
|move|p2a: Alakazam|Psyshock|p1a: Kyurem
|-damage|p1a: Kyurem|0 fnt
|faint|p1a: Kyurem
|
|upkeep
|inactive|Alm-2200 tiene 135 segundos restantes.
|choice|*switch 3|*
|choice|switch 3|
|
|switch|p1a: Golisopod|Golisopod, M, shiny|353\/353
|-damage|p1a: Golisopod|265\/353|[from] Stealth Rock
|turn|16
|choice|*move 2|*
|choice|*|*move 2
|choice|move leechlife|move energyball
|
|move|p2a: Alakazam|Energy Ball|p1a: Golisopod
|-damage|p1a: Golisopod|121\/353
|-activate|p1a: Golisopod|ability: Emergency Exit
|inactive|Alm-2200 tiene 135 segundos restantes.
|choice|*switch 4|*
|choice|switch 4|
|
|switch|p1a: Tapu Koko|Tapu Koko, shiny|145\/281
|-damage|p1a: Tapu Koko|110\/281|[from] Stealth Rock
|-fieldstart|move: Electric Terrain|[from] ability: Electric Surge|[of] p1a: Tapu Koko
|
|upkeep
|turn|17
|choice|*move 1|*
|choice|*|*move 1
|choice|move thunderbolt|move psyshock
|
|move|p2a: Alakazam|Psyshock|p1a: Tapu Koko
|-damage|p1a: Tapu Koko|0 fnt
|faint|p1a: Tapu Koko
|
|upkeep
|inactive|Alm-2200 tiene 135 segundos restantes.
|choice|*switch 2|*
|choice|switch 2|
|
|switch|p1a: Aggron|Aggron, M|343\/343
|-damage|p1a: Aggron|322\/343|[from] Stealth Rock
|turn|18
|choice|*|*move 4
|choice|*move 2 mega|*
|choice|move heavyslam mega|move focusblast
|
|-mega|p1a: Aggron|Aggron|Aggronite
|detailschange|p1a: Aggron|Aggron-Mega, M
|move|p2a: Alakazam|Focus Blast|p1a: Aggron
|-supereffective|p1a: Aggron
|-damage|p1a: Aggron|0 fnt
|faint|p1a: Aggron
|
|upkeep
|choice|*switch 6|*
|choice|switch 6|
|
|switch|p1a: Mew|Mew|336\/403
|-damage|p1a: Mew|286\/403|[from] Stealth Rock
|turn|19
|choice|*|*move 3
|c|☆AdderJo|uff
|choice|*move 2|*
|choice|move flamethrower|move shadowball
|
|move|p2a: Alakazam|Shadow Ball|p1a: Mew
|-supereffective|p1a: Mew
|-damage|p1a: Mew|48\/403
|-unboost|p1a: Mew|spd|1
|move|p1a: Mew|Flamethrower|p2a: Alakazam
|-damage|p2a: Alakazam|181\/251
|
|-heal|p1a: Mew|73\/403|[from] item: Leftovers
|upkeep
|turn|20
|choice|*|*move 3
|choice|*move 4|*
|choice|move softboiled|move shadowball
|
|move|p2a: Alakazam|Shadow Ball|p1a: Mew
|-supereffective|p1a: Mew
|-damage|p1a: Mew|0 fnt
|faint|p1a: Mew
|
|-fieldend|move: Electric Terrain
|upkeep
|choice|*switch 4|*
|choice|switch 4|
|
|switch|p1a: Golisopod|Golisopod, M, shiny|121\/353
|-damage|p1a: Golisopod|33\/353|[from] Stealth Rock
|-enditem|p1a: Golisopod|Figy Berry|[eat]
|-heal|p1a: Golisopod|209\/353|[from] item: Figy Berry
|turn|21
|c|☆Alm-2200|fuck
|choice|*|*move 2
|choice|*move 3|*
|choice|move knockoff|move energyball
|
|move|p2a: Alakazam|Energy Ball|p1a: Golisopod
|-damage|p1a: Golisopod|70\/353
|move|p1a: Golisopod|Knock Off|p2a: Alakazam
|-supereffective|p2a: Alakazam
|-damage|p2a: Alakazam|0 fnt
|faint|p2a: Alakazam
|
|upkeep
|choice|*|*switch 2
|choice||switch 2
|
|switch|p2a: Kartana|Kartana|322\/322
|turn|22
|choice|*|*move 4 zmove
|choice|*move 2|*
|choice|move leechlife|move sacredsword zmove
|
|-zpower|p2a: Kartana
|move|p2a: Kartana|All-Out Pummeling|p1a: Golisopod|[zeffect]
|-resisted|p1a: Golisopod
|-damage|p1a: Golisopod|15\/353
|move|p1a: Golisopod|Leech Life|p2a: Kartana
|-damage|p2a: Kartana|228\/322
|-heal|p1a: Golisopod|62\/353|[from] drain|[of] p2a: Kartana
|
|upkeep
|turn|23
|choice|*|*move 2
|choice|*move 3|*
|choice|move knockoff|move leafblade
|
|move|p2a: Kartana|Leaf Blade|p1a: Golisopod
|-damage|p1a: Golisopod|0 fnt
|faint|p1a: Golisopod
|
|win|AdderJo
AdderJo ha ganado 6.75 PokeDolares.
|raw|Puntaje de Alm-2200: 1149 &rarr; <strong>1140<\/strong><br \/>(-9 por perder)
|raw|Puntaje de AdderJo: 1366 &rarr; <strong>1375<\/strong><br \/>(+9 por ganar)
|c|☆AdderJo|gg
</script>
</div>
<div class="battle-log battle-log-inline"><div class="inner"><div class="battle-options"></div><div class="inner"><div class=""><small>Format:</small> <br><strong>OU</strong></div><div class="rated"><strong>Rated battle</strong></div><div class=""><small><em>Cláusula-Mod de Dormir:</em> solo puedes dormir a uno de tus oponentes a la vez.</small></div><div class=""><small><em>Cláusula de Especie:</em> Hasta un Pokémon de cada especie</small></div><div class=""><small><em>Cláusula de Golpe Fulminante:</em> los movimientos fulminantes (OHKO) estan prohibidos</small></div><div class=""><small><em>Cláusula de Veleta:</em> la habilidad Veleta está prohibida</small></div><div class=""><small><em>Cláusula de Movimientos Evasivos:</em> los movimientos de Evasión están prohibidos.</small></div><div class=""><small><em>Cláusula de Batallas Eternas:</em> forzar batallas eternas está prohibido</small></div><div class="chat battle-history"><strong>Alm-2200's team:</strong> <em style="color:#445566;display:block;">Mew / Aggron / Golisopod / Kyurem-Black / Hawlucha / Tapu Koko</em></div><div class="chat battle-history"><strong>AdderJo's team:</strong> <em style="color:#445566;display:block;">Staraptor / Alakazam / Tapu Koko / Kartana / Heatran / Tangrowth</em></div><div class="chat message-error">Reloj de batalla ENCENDIDO. El jugador inactivo será descalificado (solicitado por AdderJo).</div><div class="spacer battle-history"><br></div><div class="battle-history">Battle started between Alm-2200 and AdderJo!<br></div><div class="spacer battle-history"><br></div><div class="battle-history">Go! <strong>Tapu Koko</strong>!<br></div><div class="spacer battle-history"><br></div><div class="battle-history">AdderJo sent out <strong>Tapu Koko</strong>!<br></div><div class="battle-history"><small>[The opposing Tapu Koko's Electric Surge]</small><br><small>An electric current runs across the battlefield!</small><br></div><div class="spacer battle-history"><br></div><h2 class="battle-history">Turn 1</h2><div class="chat chatmessage-adderjo"><strong style="color:hsl(264,75%,56.933847391406246%)"><small>☆</small><span class="username" data-name="AdderJo">AdderJo</span>:</strong> <em>pollos hermanos we</em></div><div class="spacer battle-history"><br></div><div class="battle-history">The opposing Tapu Koko used <strong>Volt Switch</strong>!<br></div><div class="battle-history"><small>It's not very effective...</small><br></div><div class="battle-history"><small>(Tapu Koko lost <abbr title="−136/281">48.4%</abbr> of its health!)</small><br></div><div class="spacer battle-history"><br></div><div class="battle-history">The opposing Tapu Koko went back to AdderJo!<br></div><div class="battle-history">AdderJo sent out <strong>Tangrowth</strong>!<br></div><div class="spacer battle-history"><br></div><div class="battle-history">Tapu Koko used <strong>Thunderbolt</strong>!<br></div><div class="battle-history"><small>It's not very effective...</small><br></div><div class="battle-history"><small>(The opposing Tangrowth lost <abbr title="−110/403">27.3%</abbr> of its health!)</small><br></div><div class="spacer battle-history"><br></div><h2 class="battle-history">Turn 2</h2><div class="chat chatmessage-alm2200"><strong style="color:hsl(306,83%,40%)"><small>☆</small><span class="username" data-name="Alm-2200">Alm-2200</span>:</strong> <em>yes</em></div><div class="chat message-error">Alm-2200 tiene 135 segundos restantes.</div><div class="chat message-error">AdderJo tiene 135 segundos restantes.</div><div class="spacer battle-history"><br></div><div class="battle-history">Tapu Koko, come back!<br></div><div class="battle-history">Go! <strong>Hawlucha</strong>!<br></div><div class="battle-history"><small>(Hawlucha used its Electric Seed!)</small><br></div><div class="battle-history"><small>Hawlucha's Defense rose!</small><br></div><div class="spacer battle-history"><br></div><div class="battle-history">The opposing Tangrowth used <strong>Earthquake</strong>!<br></div><div class="battle-history"><small>It doesn't affect Hawlucha...</small><br></div><div class="spacer battle-history"><br></div><h2 class="battle-history">Turn 3</h2><div class="chat message-error">Alm-2200 tiene 135 segundos restantes.</div><div class="chat message-error">AdderJo tiene 135 segundos restantes.</div><div class="spacer battle-history"><br></div><div class="battle-history">Hawlucha used <strong>Acrobatics</strong>!<br></div><div class="battle-history"><small>It's super effective!</small><br></div><div class="battle-history"><small>(The opposing Tangrowth lost <abbr title="−284/403">70.5%</abbr> of its health!)</small><br></div><div class="spacer battle-history"><br></div><div class="battle-history">The opposing Tangrowth used <strong>Rock Slide</strong>!<br></div><div class="battle-history"><small>(Hawlucha lost <abbr title="−47/323">14.6%</abbr> of its health!)</small><br></div><div class="spacer battle-history"><br></div><h2 class="battle-history">Turn 4</h2><div class="spacer battle-history"><br></div><div class="battle-history">AdderJo withdrew Tangrowth!<br></div><div class="battle-history">AdderJo sent out <strong>Staraptor</strong>!<br></div><div class="spacer battle-history"><br></div><div class="battle-history">Hawlucha used <strong>Swords Dance</strong>!<br></div><div class="battle-history"><small>Hawlucha's Attack rose sharply!</small><br></div><div class="spacer battle-history"><br></div><h2 class="battle-history">Turn 5</h2><div class="spacer battle-history"><br></div><div class="battle-history">Hawlucha used <strong>High Jump Kick</strong>!<br></div><div class="battle-history"><small>(The opposing Staraptor lost <abbr title="−311/311">100%</abbr> of its health!)</small><br></div><div class="spacer battle-history"><br></div><div class="battle-history">The opposing Staraptor fainted!<br></div><div class="spacer battle-history"><br></div><div class="battle-history"><small>The electricity disappeared from the battlefield.</small><br></div><div class="spacer battle-history"><br></div><div class="battle-history">AdderJo sent out <strong>Tapu Koko</strong>!<br></div><div class="battle-history"><small>[The opposing Tapu Koko's Electric Surge]</small><br><small>An electric current runs across the battlefield!</small><br></div><div class="spacer battle-history"><br></div><h2 class="battle-history">Turn 6</h2><div class="spacer battle-history"><br></div><div class="battle-history">Hawlucha used <strong>Acrobatics</strong>!<br></div><div class="battle-history"><small>It's not very effective...</small><br></div><div class="battle-history"><small>(The opposing Tapu Koko lost <abbr title="−199/281">70.8%</abbr> of its health!)</small><br></div><div class="spacer battle-history"><br></div><div class="battle-history">The opposing Tapu Koko used <strong>Volt Switch</strong>!<br></div><div class="battle-history"><small>It's super effective!</small><br></div><div class="battle-history"><small>(Hawlucha lost <abbr title="−276/323">85.4%</abbr> of its health!)</small><br></div><div class="spacer battle-history"><br></div><div class="battle-history">Hawlucha fainted!<br></div><div class="spacer battle-history"><br></div><div class="battle-history">The opposing Tapu Koko went back to AdderJo!<br></div><div class="battle-history">AdderJo sent out <strong>Tangrowth</strong>!<br></div><div class="spacer battle-history"><br></div><div class="battle-history">Go! <strong>Tapu Koko</strong>!<br></div><div class="spacer battle-history"><br></div><h2 class="battle-history">Turn 7</h2><div class="spacer battle-history"><br></div><div class="battle-history">AdderJo withdrew Tangrowth!<br></div><div class="battle-history">AdderJo sent out <strong>Heatran</strong>!<br></div><div class="spacer battle-history"><br></div><div class="battle-history">Tapu Koko used <strong>Hidden Power</strong>!<br></div><div class="battle-history"><small>It's not very effective...</small><br></div><div class="battle-history"><small>(The opposing Heatran lost <abbr title="−14/385">3.6%</abbr> of its health!)</small><br></div><div class="spacer battle-history"><br></div><div class="battle-history"><small>The opposing Heatran restored a little HP using its Leftovers!</small><br></div><div class="spacer battle-history"><br></div><h2 class="battle-history">Turn 8</h2><div class="spacer battle-history"><br></div><div class="battle-history">Tapu Koko, come back!<br></div><div class="battle-history">Go! Kyurem (<strong>Kyurem-Black</strong>)!<br></div><div class="battle-history"><small>[Kyurem's Teravolt]</small><br><small>Kyurem is radiating a bursting aura!</small><br></div><div class="spacer battle-history"><br></div><div class="battle-history">The opposing Heatran used <strong>Stealth Rock</strong>!<br></div><div class="battle-history"><small>Pointed stones float in the air around your team!</small><br></div><div class="spacer battle-history"><br></div><h2 class="battle-history">Turn 9</h2><div class="spacer battle-history"><br></div><div class="battle-history">Kyurem used <strong>Earth Power</strong>!<br></div><div class="battle-history"><small>It's super effective!</small><br></div><div class="battle-history"><small>(The opposing Heatran lost <abbr title="−268/385">69.6%</abbr> of its health!)</small><br></div><div class="spacer battle-history"><br></div><div class="battle-history">The opposing Heatran used <strong>Toxic</strong>!<br></div><div class="battle-history"><small>Kyurem was badly poisoned!</small><br></div><div class="spacer battle-history"><br></div><div class="battle-history"><small>The opposing Heatran restored a little HP using its Leftovers!</small><br></div><div class="battle-history"><small>Kyurem was hurt by poison!</small><br></div><div class="spacer battle-history"><br></div><h2 class="battle-history">Turn 10</h2><div class="spacer battle-history"><br></div><div class="battle-history">AdderJo withdrew Heatran!<br></div><div class="battle-history">AdderJo sent out <strong>Tangrowth</strong>!<br></div><div class="spacer battle-history"><br></div><div class="battle-history">Kyurem used <strong>Earth Power</strong>!<br></div><div class="battle-history"><small>It's not very effective...</small><br></div><div class="battle-history"><small>A critical hit!</small><br></div><div class="battle-history"><small>(The opposing Tangrowth lost <abbr title="−52/403">12.9%</abbr> of its health!)</small><br></div><div class="spacer battle-history"><br></div><div class="battle-history"><small>Kyurem was hurt by poison!</small><br></div><div class="battle-history"><small>The electricity disappeared from the battlefield.</small><br></div><div class="spacer battle-history"><br></div><h2 class="battle-history">Turn 11</h2><div class="spacer battle-history"><br></div><div class="battle-history">AdderJo withdrew Tangrowth!<br></div><div class="battle-history">AdderJo sent out <strong>Heatran</strong>!<br></div><div class="battle-history"><small>Kyurem surrounded itself with its Z-Power!</small><br></div><div class="spacer battle-history"><br></div><div class="battle-history">Kyurem used <strong>Subzero Slammer</strong>!<br></div><div class="battle-history"><small>It's not very effective...</small><br></div><div class="battle-history"><small>(The opposing Heatran lost <abbr title="−101/385">26.2%</abbr> of its health!)</small><br></div><div class="spacer battle-history"><br></div><div class="battle-history"><small>The opposing Heatran restored a little HP using its Leftovers!</small><br></div><div class="battle-history"><small>Kyurem was hurt by poison!</small><br></div><div class="spacer battle-history"><br></div><h2 class="battle-history">Turn 12</h2><div class="spacer battle-history"><br></div><div class="battle-history">Kyurem used <strong>Earth Power</strong>!<br></div><div class="battle-history"><small>It's super effective!</small><br></div><div class="battle-history"><small>(The opposing Heatran lost <abbr title="−64/385">16.6%</abbr> of its health!)</small><br></div><div class="spacer battle-history"><br></div><div class="battle-history">The opposing Heatran fainted!<br></div><div class="spacer battle-history"><br></div><div class="battle-history"><small>Kyurem was hurt by poison!</small><br></div><div class="spacer battle-history"><br></div><div class="battle-history">AdderJo sent out <strong>Kartana</strong>!<br></div><div class="spacer battle-history"><br></div><h2 class="battle-history">Turn 13</h2><div class="spacer battle-history"><br></div><div class="battle-history">Kyurem, come back!<br></div><div class="battle-history">Go! <strong>Mew</strong>!<br></div><div class="battle-history"><small>Pointed stones dug into Mew!</small><br></div><div class="spacer battle-history"><br></div><div class="battle-history">The opposing Kartana used <strong>Sacred Sword</strong>!<br></div><div class="battle-history"><small>It's not very effective...</small><br></div><div class="battle-history"><small>(Mew lost <abbr title="−42/403">10.4%</abbr> of its health!)</small><br></div><div class="spacer battle-history"><br></div><div class="battle-history"><small>Mew restored a little HP using its Leftovers!</small><br></div><div class="spacer battle-history"><br></div><h2 class="battle-history">Turn 14</h2><div class="spacer battle-history"><br></div><div class="battle-history">AdderJo withdrew Kartana!<br></div><div class="battle-history">AdderJo sent out <strong>Alakazam</strong>!<br></div><div class="spacer battle-history"><br></div><div class="battle-history">Mew, come back!<br></div><div class="battle-history">Go! Kyurem (<strong>Kyurem-Black</strong>)!<br></div><div class="battle-history"><small>Pointed stones dug into Kyurem!</small><br></div><div class="battle-history"><small>[Kyurem's Teravolt]</small><br><small>Kyurem is radiating a bursting aura!</small><br></div><div class="spacer battle-history"><br></div><div class="battle-history"><small>Kyurem was hurt by poison!</small><br></div><div class="spacer battle-history"><br></div><h2 class="battle-history">Turn 15</h2><div class="spacer battle-history"><br></div><div class="battle-history"><small>The opposing Alakazam's Alakazite is reacting to the Key Stone!</small><br>The opposing Alakazam has Mega Evolved into Mega Alakazam!<br></div><div class="battle-history"><small>[The opposing Alakazam's Trace]</small><br><small>[The opposing Alakazam's Teravolt]</small><br><small>The opposing Alakazam traced Kyurem's Teravolt!</small><br></div><div class="battle-history"><small>[The opposing Alakazam's Teravolt]</small><br><small>The opposing Alakazam is radiating a bursting aura!</small><br></div><div class="spacer battle-history"><br></div><div class="battle-history">The opposing Alakazam used <strong>Psyshock</strong>!<br></div><div class="battle-history"><small>(Kyurem lost <abbr title="−30/391">7.7%</abbr> of its health!)</small><br></div><div class="spacer battle-history"><br></div><div class="battle-history">Kyurem fainted!<br></div><div class="chat message-error">Alm-2200 tiene 135 segundos restantes.</div><div class="spacer battle-history"><br></div><div class="battle-history">Go! <strong>Golisopod</strong>!<br></div><div class="battle-history"><small>Pointed stones dug into Golisopod!</small><br></div><div class="spacer battle-history"><br></div><h2 class="battle-history">Turn 16</h2><div class="spacer battle-history"><br></div><div class="battle-history">The opposing Alakazam used <strong>Energy Ball</strong>!<br></div><div class="battle-history"><small>(Golisopod lost <abbr title="−144/353">40.8%</abbr> of its health!)</small><br></div><div class="battle-history"><small>[Golisopod's Emergency Exit]</small><br></div><div class="chat message-error">Alm-2200 tiene 135 segundos restantes.</div><div class="spacer battle-history"><br></div><div class="battle-history">Golisopod, come back!<br></div><div class="battle-history">Go! <strong>Tapu Koko</strong>!<br></div><div class="battle-history"><small>Pointed stones dug into Tapu Koko!</small><br></div><div class="battle-history"><small>[Tapu Koko's Electric Surge]</small><br><small>An electric current runs across the battlefield!</small><br></div><div class="spacer battle-history"><br></div><h2 class="battle-history">Turn 17</h2><div class="spacer battle-history"><br></div><div class="battle-history">The opposing Alakazam used <strong>Psyshock</strong>!<br></div><div class="battle-history"><small>(Tapu Koko lost <abbr title="−110/281">39.1%</abbr> of its health!)</small><br></div><div class="spacer battle-history"><br></div><div class="battle-history">Tapu Koko fainted!<br></div><div class="chat message-error">Alm-2200 tiene 135 segundos restantes.</div><div class="spacer battle-history"><br></div><div class="battle-history">Go! <strong>Aggron</strong>!<br></div><div class="battle-history"><small>Pointed stones dug into Aggron!</small><br></div><div class="spacer battle-history"><br></div><h2 class="battle-history">Turn 18</h2><div class="spacer battle-history"><br></div><div class="battle-history"><small>Aggron's Aggronite is reacting to the Key Stone!</small><br>Aggron has Mega Evolved into Mega Aggron!<br></div><div class="spacer battle-history"><br></div><div class="battle-history">The opposing Alakazam used <strong>Focus Blast</strong>!<br></div><div class="battle-history"><small>It's super effective!</small><br></div><div class="battle-history"><small>(Aggron lost <abbr title="−322/343">93.9%</abbr> of its health!)</small><br></div><div class="spacer battle-history"><br></div><div class="battle-history">Aggron fainted!<br></div><div class="spacer battle-history"><br></div><div class="battle-history">Go! <strong>Mew</strong>!<br></div><div class="battle-history"><small>Pointed stones dug into Mew!</small><br></div><div class="spacer battle-history"><br></div><h2 class="battle-history">Turn 19</h2><div class="chat chatmessage-adderjo"><strong style="color:hsl(264,75%,56.933847391406246%)"><small>☆</small><span class="username" data-name="AdderJo">AdderJo</span>:</strong> <em>uff</em></div><div class="spacer battle-history"><br></div><div class="battle-history">The opposing Alakazam used <strong>Shadow Ball</strong>!<br></div><div class="battle-history"><small>It's super effective!</small><br></div><div class="battle-history"><small>(Mew lost <abbr title="−238/403">59.1%</abbr> of its health!)</small><br></div><div class="battle-history"><small>Mew's Special Defense fell!</small><br></div><div class="spacer battle-history"><br></div><div class="battle-history">Mew used <strong>Flamethrower</strong>!<br></div><div class="battle-history"><small>(The opposing Alakazam lost <abbr title="−70/251">27.9%</abbr> of its health!)</small><br></div><div class="spacer battle-history"><br></div><div class="battle-history"><small>Mew restored a little HP using its Leftovers!</small><br></div><div class="spacer battle-history"><br></div><h2 class="battle-history">Turn 20</h2><div class="spacer battle-history"><br></div><div class="battle-history">The opposing Alakazam used <strong>Shadow Ball</strong>!<br></div><div class="battle-history"><small>It's super effective!</small><br></div><div class="battle-history"><small>(Mew lost <abbr title="−73/403">18.1%</abbr> of its health!)</small><br></div><div class="spacer battle-history"><br></div><div class="battle-history">Mew fainted!<br></div><div class="spacer battle-history"><br></div><div class="battle-history"><small>The electricity disappeared from the battlefield.</small><br></div><div class="spacer battle-history"><br></div><div class="battle-history">Go! <strong>Golisopod</strong>!<br></div><div class="battle-history"><small>Pointed stones dug into Golisopod!</small><br></div><div class="battle-history"><small>Golisopod ate its Figy Berry!</small><br></div><div class="battle-history"><small>Golisopod restored HP using its Figy Berry!</small><br></div><div class="spacer battle-history"><br></div><h2 class="battle-history">Turn 21</h2><div class="chat chatmessage-alm2200"><strong style="color:hsl(306,83%,40%)"><small>☆</small><span class="username" data-name="Alm-2200">Alm-2200</span>:</strong> <em>fuck</em></div><div class="spacer battle-history"><br></div><div class="battle-history">The opposing Alakazam used <strong>Energy Ball</strong>!<br></div><div class="battle-history"><small>(Golisopod lost <abbr title="−139/353">39.4%</abbr> of its health!)</small><br></div><div class="spacer battle-history"><br></div><div class="battle-history">Golisopod used <strong>Knock Off</strong>!<br></div><div class="battle-history"><small>It's super effective!</small><br></div><div class="battle-history"><small>(The opposing Alakazam lost <abbr title="−181/251">72.1%</abbr> of its health!)</small><br></div><div class="spacer battle-history"><br></div><div class="battle-history">The opposing Alakazam fainted!<br></div><div class="spacer battle-history"><br></div><div class="battle-history">AdderJo sent out <strong>Kartana</strong>!<br></div><div class="spacer battle-history"><br></div><h2 class="battle-history">Turn 22</h2><div class="spacer battle-history"><br></div><div class="battle-history"><small>The opposing Kartana surrounded itself with its Z-Power!</small><br></div><div class="spacer battle-history"><br></div><div class="battle-history">The opposing Kartana used <strong>All-Out Pummeling</strong>!<br></div><div class="battle-history"><small>It's not very effective...</small><br></div><div class="battle-history"><small>(Golisopod lost <abbr title="−55/353">15.6%</abbr> of its health!)</small><br></div><div class="spacer battle-history"><br></div><div class="battle-history">Golisopod used <strong>Leech Life</strong>!<br></div><div class="battle-history"><small>(The opposing Kartana lost <abbr title="−94/322">29.2%</abbr> of its health!)</small><br></div><div class="battle-history"><small>The opposing Kartana had its energy drained!</small><br></div><div class="spacer battle-history"><br></div><h2 class="battle-history">Turn 23</h2><div class="spacer battle-history"><br></div><div class="battle-history">The opposing Kartana used <strong>Leaf Blade</strong>!<br></div><div class="battle-history"><small>(Golisopod lost <abbr title="−62/353">17.6%</abbr> of its health!)</small><br></div><div class="spacer battle-history"><br></div><div class="battle-history">Golisopod fainted!<br></div><div class="spacer battle-history"><br></div><div class="battle-history"><strong>AdderJo</strong> won the battle!<br></div><div class="chat">AdderJo ha ganado 6.75 PokeDolares.</div><div class="chat">Puntaje de Alm-2200: 1149 → <strong>1140</strong><br>(-9 por perder)</div><div class="chat">Puntaje de AdderJo: 1366 → <strong>1375</strong><br>(+9 por ganar)</div><div class="chat chatmessage-adderjo"><strong style="color:hsl(264,75%,56.933847391406246%)"><small>☆</small><span class="username" data-name="AdderJo">AdderJo</span>:</strong> <em>gg</em></div></div><div class="inner-preempt"></div></div></div>
</div>
<script>
let daily = Math.floor(Date.now()/1000/60/60/24);document.write('<script src="https://play.pokemonshowdown.com/js/replay-embed.js?version'+daily+'"></'+'script>');
</script>
