<!DOCTYPE html>
<meta charset="utf-8" />
<!-- version 1 -->
<title>OU replay: Araquanid15 vs. DraconSer</title>
<style>
html,body {font-family:Verdana, sans-serif;font-size:10pt;margin:0;padding:0;}body{padding:12px 0;} .battle-log {font-family:Verdana, sans-serif;font-size:10pt;} .battle-log-inline {border:1px solid #AAAAAA;background:#EEF2F5;color:black;max-width:640px;margin:0 auto 80px;padding-bottom:5px;} .battle-log .inner {padding:4px 8px 0px 8px;} .battle-log .inner-preempt {padding:0 8px 4px 8px;} .battle-log .inner-after {margin-top:0.5em;} .battle-log h2 {margin:0.5em -8px;padding:4px 8px;border:1px solid #AAAAAA;background:#E0E7EA;border-left:0;border-right:0;font-family:Verdana, sans-serif;font-size:13pt;} .battle-log .chat {vertical-align:middle;padding:3px 0 3px 0;font-size:8pt;} .battle-log .chat strong {color:#40576A;} .battle-log .chat em {padding:1px 4px 1px 3px;color:#000000;font-style:normal;} .chat.mine {background:rgba(0,0,0,0.05);margin-left:-8px;margin-right:-8px;padding-left:8px;padding-right:8px;} .spoiler {color:#BBBBBB;background:#BBBBBB;padding:0px 3px;} .spoiler:hover, .spoiler:active, .spoiler-shown {color:#000000;background:#E2E2E2;padding:0px 3px;} .spoiler a {color:#BBBBBB;} .spoiler:hover a, .spoiler:active a, .spoiler-shown a {color:#2288CC;} .chat code, .chat .spoiler:hover code, .chat .spoiler:active code, .chat .spoiler-shown code {border:1px solid #C0C0C0;background:#EEEEEE;color:black;padding:0 2px;} .chat .spoiler code {border:1px solid #CCCCCC;background:#CCCCCC;color:#CCCCCC;} .battle-log .rated {padding:3px 4px;} .battle-log .rated strong {color:white;background:#89A;padding:1px 4px;border-radius:4px;} .spacer {margin-top:0.5em;} .message-announce {background:#6688AA;color:white;padding:1px 4px 2px;} .message-announce a, .broadcast-green a, .broadcast-blue a, .broadcast-red a {color:#DDEEFF;} .broadcast-green {background-color:#559955;color:white;padding:2px 4px;} .broadcast-blue {background-color:#6688AA;color:white;padding:2px 4px;} .infobox {border:1px solid #6688AA;padding:2px 4px;} .infobox-limited {max-height:200px;overflow:auto;overflow-x:hidden;} .broadcast-red {background-color:#AA5544;color:white;padding:2px 4px;} .message-learn-canlearn {font-weight:bold;color:#228822;text-decoration:underline;} .message-learn-cannotlearn {font-weight:bold;color:#CC2222;text-decoration:underline;} .message-effect-weak {font-weight:bold;color:#CC2222;} .message-effect-resist {font-weight:bold;color:#6688AA;} .message-effect-immune {font-weight:bold;color:#666666;} .message-learn-list {margin-top:0;margin-bottom:0;} .message-throttle-notice, .message-error {color:#992222;} .message-overflow, .chat small.message-overflow {font-size:0pt;} .message-overflow::before {font-size:9pt;content:'...';} .subtle {color:#3A4A66;}
</style>
<div class="wrapper replay-wrapper" style="max-width:1180px;margin:0 auto">
<input type="hidden" name="replayid" value="destiny-ou-499771" />
<div class="battle"></div><div class="battle-log"></div><div class="replay-controls"></div><div class="replay-controls-2"></div>
<h1 style="font-weight:normal;text-align:center"><strong>OU</strong><br /><a href="http://pokemonshowdown.com/users/araquanid15" class="subtle" target="_blank">Araquanid15</a> vs. <a href="http://pokemonshowdown.com/users/draconser" class="subtle" target="_blank">DraconSer</a></h1>
<script type="text/plain" class="battle-log-data">|player|p1|Araquanid15|57
|teamsize|p1|6
|player|p2|DraconSer|1084
|teamsize|p2|6
|teamsize|p1|6
|teamsize|p2|6
|gametype|singles
|gen|7
|tier|OU
|seed|30044,28332,3163,15159
|rule|Cláusula-Mod de Dormir: solo puedes dormir a uno de tus oponentes a la vez.
|rule|Cláusula de Especie: Hasta un Pokémon de cada especie
|rule|Cláusula de Golpe Fulminante: los movimientos fulminantes (OHKO) estan prohibidos
|rule|Cláusula de Veleta: la habilidad Veleta está prohibida
|rule|Cláusula de Movimientos Evasivos: los movimientos de Evasión están prohibidos.
|rule|Cláusula de Batallas Eternas: forzar batallas eternas está prohibido
|clearpoke
|poke|p1|Butterfree, F|item
|poke|p1|Crustle, F|item
|poke|p1|Heracross, F|item
|poke|p1|Araquanid, M|item
|poke|p1|Volcarona, M|item
|poke|p1|Escavalier, M|item
|poke|p2|Kyurem-Black, shiny|item
|poke|p2|Kommo-o, F, shiny|item
|poke|p2|Garchomp, F, shiny|item
|poke|p2|Dragonite, F, shiny|item
|poke|p2|Charizard, F, shiny|item
|poke|p2|Guzzlord, shiny|item
|teampreview|undefined
|choice|*team 123456|*
|choice|*|*team 623451
|choice|team 1, 2, 3, 4, 5, 6|team 6, 2, 3, 4, 5, 1
|
|start
|switch|p1a: Butterfree|Butterfree, F|262\/262
|switch|p2a: Guzzlord|Guzzlord, shiny|650\/650
|turn|1
|choice|*|*move 3
|choice|*move 1|*
|choice|move sleeppowder|move fireblast
|
|move|p1a: Butterfree|Sleep Powder|p2a: Guzzlord
|-status|p2a: Guzzlord|slp
|cant|p2a: Guzzlord|slp
|
|upkeep
|turn|2
|choice|*|*move 3
|choice|*switch 4|*
|choice|switch 4|move fireblast
|
|switch|p1a: Araquanid|Araquanid, M|340\/340
|cant|p2a: Guzzlord|slp
|
|upkeep
|turn|3
|choice|*|*move 1
|choice|*move 2|*
|choice|*|*move 2
|choice|move stickyweb|move darkpulse
|
|cant|p2a: Guzzlord|slp
|move|p1a: Araquanid|Sticky Web|p2a: Guzzlord
|-sidestart|p2: DraconSer|move: Sticky Web
|
|upkeep
|turn|4
|choice|*|*move 2
|choice|*move 3|*
|choice|move leechlife|move darkpulse
|
|-curestatus|p2a: Guzzlord|slp|[msg]
|move|p2a: Guzzlord|Dark Pulse|p1a: Araquanid
|-damage|p1a: Araquanid|247\/340
|move|p1a: Araquanid|Leech Life|p2a: Guzzlord
|-supereffective|p2a: Guzzlord
|-crit|p2a: Guzzlord
|-damage|p2a: Guzzlord|278\/650
|-heal|p1a: Araquanid|340\/340|[from] drain|[of] p2a: Guzzlord
|
|upkeep
|turn|5
|choice|*|*move 1
|choice|*move 3|*
|choice|move leechlife|move dracometeor
|
|move|p2a: Guzzlord|Draco Meteor|p1a: Araquanid|[miss]
|-miss|p2a: Guzzlord|p1a: Araquanid
|move|p1a: Araquanid|Leech Life|p2a: Guzzlord
|-supereffective|p2a: Guzzlord
|-damage|p2a: Guzzlord|50\/650
|
|upkeep
|turn|6
|choice|*|*move 1
|choice|*move 3|*
|choice|move leechlife|move dracometeor
|
|move|p2a: Guzzlord|Draco Meteor|p1a: Araquanid
|-damage|p1a: Araquanid|178\/340
|-unboost|p2a: Guzzlord|spa|2
|move|p1a: Araquanid|Leech Life|p2a: Guzzlord
|-supereffective|p2a: Guzzlord
|-damage|p2a: Guzzlord|0 fnt
|-heal|p1a: Araquanid|203\/340|[from] drain|[of] p2a: Guzzlord
|faint|p2a: Guzzlord
|
|-heal|p1a: Araquanid|224\/340|[from] item: Leftovers
|upkeep
|choice|*|*switch 5
|choice||switch 5
|
|switch|p2a: Charizard|Charizard, F, shiny|297\/297
|turn|7
|choice|*|*move 1 mega
|choice|*move 1|*
|choice|move liquidation|move thunderpunch mega
|
|-mega|p2a: Charizard|Charizard|Charizardite X
|detailschange|p2a: Charizard|Charizard-Mega-X, F, shiny
|move|p2a: Charizard|Thunder Punch|p1a: Araquanid
|-supereffective|p1a: Araquanid
|-damage|p1a: Araquanid|56\/340
|move|p1a: Araquanid|Liquidation|p2a: Charizard
|-damage|p2a: Charizard|162\/297
|
|-heal|p1a: Araquanid|77\/340|[from] item: Leftovers
|upkeep
|turn|8
|choice|*|*move 1
|choice|*move 1|*
|choice|move liquidation|move thunderpunch
|
|move|p2a: Charizard|Thunder Punch|p1a: Araquanid
|-supereffective|p1a: Araquanid
|-crit|p1a: Araquanid
|-damage|p1a: Araquanid|0 fnt
|faint|p1a: Araquanid
|
|upkeep
|choice|*switch 2|*
|choice|switch 2|
|
|switch|p1a: Crustle|Crustle, F|281\/281
|turn|9
|choice|*|*switch 3
|choice|*move 3|*
|choice|move rockwrecker|switch 3
|
|switch|p2a: Garchomp|Garchomp, F, shiny|357\/357
|-activate|p2a: Garchomp|move: Sticky Web
|-unboost|p2a: Garchomp|spe|1
|move|p1a: Crustle|Rock Wrecker|p2a: Garchomp
|-resisted|p2a: Garchomp
|-damage|p2a: Garchomp|265\/357
|
|upkeep
|turn|10
|-mustrecharge|p1a: Crustle
|choice|*|*move 1 zmove
|choice|*move 1|*
|choice|move recharge|move earthquake zmove
|
|-zpower|p2a: Garchomp
|move|p2a: Garchomp|Tectonic Rage|p1a: Crustle|[zeffect]
|-damage|p1a: Crustle|49\/281
|cant|p1a: Crustle|recharge
|
|upkeep
|turn|11
|choice|*|*move 1
|choice|*move 4|*
|choice|move stealthrock|move earthquake
|
|move|p2a: Garchomp|Earthquake|p1a: Crustle
|-damage|p1a: Crustle|0 fnt
|faint|p1a: Crustle
|
|upkeep
|choice|*switch 4|*
|choice|switch 4|
|
|switch|p1a: Butterfree|Butterfree, F|262\/262
|turn|12
|choice|*|*move 3
|choice|*move 1|*
|choice|move sleeppowder|move fireblast
|
|move|p1a: Butterfree|Sleep Powder|p2a: Garchomp
|-status|p2a: Garchomp|slp
|cant|p2a: Garchomp|slp
|
|upkeep
|turn|13
|choice|*|*move 3
|choice|*switch 3|*
|choice|switch 3|move fireblast
|
|switch|p1a: Heracross|Heracross, F|302\/302
|cant|p2a: Garchomp|slp
|
|upkeep
|turn|14
|choice|*|*move 3
|choice|*move 4 mega|*
|choice|move pinmissile mega|move fireblast
|
|-mega|p1a: Heracross|Heracross|Heracronite
|detailschange|p1a: Heracross|Heracross-Mega, F
|-curestatus|p2a: Garchomp|slp|[msg]
|move|p2a: Garchomp|Fire Blast|p1a: Heracross
|-supereffective|p1a: Heracross
|-damage|p1a: Heracross|198\/302
|move|p1a: Heracross|Pin Missile|p2a: Garchomp
|-damage|p2a: Garchomp|208\/357
|-damage|p2a: Garchomp|151\/357
|-damage|p2a: Garchomp|91\/357
|-damage|p2a: Garchomp|33\/357
|-damage|p2a: Garchomp|0 fnt
|-hitcount|p2a: Garchomp|5
|faint|p2a: Garchomp
|
|upkeep
|choice|*|*switch 3
|choice||switch 3
|
|switch|p2a: Charizard|Charizard-Mega-X, F, shiny|162\/297
|-activate|p2a: Charizard|move: Sticky Web
|-unboost|p2a: Charizard|spe|1
|turn|15
|choice|*move 1|*
|choice|*|*move 3
|choice|move rockblast|move flareblitz
|
|move|p2a: Charizard|Flare Blitz|p1a: Heracross
|-supereffective|p1a: Heracross
|-damage|p1a: Heracross|0 fnt
|-damage|p2a: Charizard|97\/297|[from] recoil
|faint|p1a: Heracross
|
|upkeep
|choice|*switch 3|*
|choice|switch 3|
|
|switch|p1a: Butterfree|Butterfree, F|262\/262
|turn|16
|choice|*move 1|*
|choice|*|*switch 4
|choice|move sleeppowder|switch 4
|
|switch|p2a: Dragonite|Dragonite, F, shiny|323\/323
|move|p1a: Butterfree|Sleep Powder|p2a: Dragonite
|-status|p2a: Dragonite|slp
|
|upkeep
|turn|17
|choice|*|*move 2
|choice|*switch 5|*
|choice|switch 5|move firepunch
|
|switch|p1a: Volcarona|Volcarona, M|374\/374
|cant|p2a: Dragonite|slp
|
|upkeep
|turn|18
|choice|*|*move 2
|choice|*move 1|*
|choice|move quiverdance|move firepunch
|
|move|p1a: Volcarona|Quiver Dance|p1a: Volcarona
|-boost|p1a: Volcarona|spa|1
|-boost|p1a: Volcarona|spd|1
|-boost|p1a: Volcarona|spe|1
|cant|p2a: Dragonite|slp
|
|upkeep
|turn|19
|choice|*move 3 zmove|*
|choice|*|*move 1
|choice|move flamethrower zmove|move dragonclaw
|
|-zpower|p1a: Volcarona
|move|p1a: Volcarona|Inferno Overdrive|p2a: Dragonite|[zeffect]
|-resisted|p2a: Dragonite
|-damage|p2a: Dragonite|220\/323 slp
|-curestatus|p2a: Dragonite|slp|[msg]
|move|p2a: Dragonite|Dragon Claw|p1a: Volcarona
|-damage|p1a: Volcarona|152\/374
|-status|p2a: Dragonite|brn|[from] ability: Flame Body|[of] p1a: Volcarona
|
|-heal|p2a: Dragonite|240\/323 brn|[from] item: Leftovers
|-damage|p2a: Dragonite|220\/323 brn|[from] brn
|upkeep
|turn|20
|choice|*|*move 1
|choice|*move 3|*
|choice|move flamethrower|move dragonclaw
|
|move|p1a: Volcarona|Flamethrower|p2a: Dragonite
|-resisted|p2a: Dragonite
|-damage|p2a: Dragonite|120\/323 brn
|move|p2a: Dragonite|Dragon Claw|p1a: Volcarona
|-damage|p1a: Volcarona|35\/374
|
|-heal|p2a: Dragonite|140\/323 brn|[from] item: Leftovers
|-damage|p2a: Dragonite|120\/323 brn|[from] brn
|upkeep
|turn|21
|choice|*|*move 1
|choice|*move 3|*
|choice|move flamethrower|move dragonclaw
|
|move|p1a: Volcarona|Flamethrower|p2a: Dragonite
|-resisted|p2a: Dragonite
|-damage|p2a: Dragonite|9\/323 brn
|move|p2a: Dragonite|Dragon Claw|p1a: Volcarona
|-damage|p1a: Volcarona|0 fnt
|faint|p1a: Volcarona
|
|-heal|p2a: Dragonite|29\/323 brn|[from] item: Leftovers
|-damage|p2a: Dragonite|9\/323 brn|[from] brn
|upkeep
|choice|*switch 5|*
|choice|switch 5|
|
|switch|p1a: Butterfree|Butterfree, F|262\/262
|turn|22
|choice|*|*move 2
|choice|*move 2|*
|choice|move airslash|move firepunch
|
|move|p1a: Butterfree|Air Slash|p2a: Dragonite
|-crit|p2a: Dragonite
|-damage|p2a: Dragonite|0 fnt
|faint|p2a: Dragonite
|
|upkeep
|choice|*|*switch 2
|choice||switch 2
|
|switch|p2a: Kommo-o|Kommo-o, F, shiny|291\/291
|-activate|p2a: Kommo-o|move: Sticky Web
|-unboost|p2a: Kommo-o|spe|1
|turn|23
|choice|*move 1|*
|choice|*|*move 1
|choice|move sleeppowder|move dragonclaw
|
|move|p1a: Butterfree|Sleep Powder|p2a: Kommo-o
|-status|p2a: Kommo-o|slp
|cant|p2a: Kommo-o|slp
|
|upkeep
|turn|24
|choice|*|*move 1
|choice|*move 2|*
|choice|move airslash|move dragonclaw
|
|move|p1a: Butterfree|Air Slash|p2a: Kommo-o
|-supereffective|p2a: Kommo-o
|-damage|p2a: Kommo-o|105\/291 slp
|-curestatus|p2a: Kommo-o|slp|[msg]
|move|p2a: Kommo-o|Dragon Claw|p1a: Butterfree
|-enditem|p1a: Butterfree|Focus Sash
|-damage|p1a: Butterfree|1\/262
|-damage|p2a: Kommo-o|76\/291|[from] item: Life Orb
|
|upkeep
|turn|25
|choice|*|*move 1
|choice|*move 2|*
|choice|move airslash|move dragonclaw
|
|move|p1a: Butterfree|Air Slash|p2a: Kommo-o
|-supereffective|p2a: Kommo-o
|-damage|p2a: Kommo-o|0 fnt
|faint|p2a: Kommo-o
|
|upkeep
|choice|*|*switch 6
|choice||switch 6
|
|switch|p2a: Kyurem|Kyurem-Black, shiny|454\/454
|-activate|p2a: Kyurem|move: Sticky Web
|-unboost|p2a: Kyurem|spe|1
|-ability|p2a: Kyurem|Teravolt
|turn|26
|choice|*move 1|*
|choice|*|*move 1
|choice|move sleeppowder|move zenheadbutt
|
|move|p1a: Butterfree|Sleep Powder|p2a: Kyurem
|-status|p2a: Kyurem|slp
|cant|p2a: Kyurem|slp
|
|upkeep
|turn|27
|choice|*|*move 1
|choice|*switch 6|*
|choice|switch 6|move zenheadbutt
|
|switch|p1a: Escavalier|Escavalier, M|281\/281
|-curestatus|p2a: Kyurem|slp|[msg]
|move|p2a: Kyurem|Zen Headbutt|p1a: Escavalier
|-resisted|p1a: Escavalier
|-damage|p1a: Escavalier|230\/281
|-damage|p2a: Kyurem|379\/454|[from] item: Rocky Helmet|[of] p1a: Escavalier
|
|upkeep
|turn|28
|choice|*|*move 2
|choice|*move 1|*
|choice|move ironhead|move earthpower
|
|move|p2a: Kyurem|Earth Power|p1a: Escavalier
|-damage|p1a: Escavalier|170\/281
|move|p1a: Escavalier|Iron Head|p2a: Kyurem
|-supereffective|p2a: Kyurem
|-damage|p2a: Kyurem|107\/454
|
|upkeep
|turn|29
|choice|*|*move 4
|choice|*move 1|*
|choice|move ironhead|move fusionbolt
|
|move|p2a: Kyurem|Fusion Bolt|p1a: Escavalier
|-damage|p1a: Escavalier|53\/281
|move|p1a: Escavalier|Iron Head|p2a: Kyurem
|-supereffective|p2a: Kyurem
|-damage|p2a: Kyurem|0 fnt
|faint|p2a: Kyurem
|
|upkeep
|choice|*|*switch 4
|choice||switch 4
|
|switch|p2a: Charizard|Charizard-Mega-X, F, shiny|97\/297
|-activate|p2a: Charizard|move: Sticky Web
|-unboost|p2a: Charizard|spe|1
|turn|30
|choice|*|*move 2
|choice|*move 2|*
|choice|move doubleedge|move dragonclaw
|
|move|p2a: Charizard|Dragon Claw|p1a: Escavalier
|-resisted|p1a: Escavalier
|-crit|p1a: Escavalier
|-damage|p1a: Escavalier|0 fnt
|-damage|p2a: Charizard|48\/297|[from] item: Rocky Helmet|[of] p1a: Escavalier
|faint|p1a: Escavalier
|
|upkeep
|choice|*switch 6|*
|choice|switch 6|
|
|switch|p1a: Butterfree|Butterfree, F|1\/262
|turn|31
|choice|*|*move 3
|choice|*move 1|*
|choice|move sleeppowder|move flareblitz
|
|move|p1a: Butterfree|Sleep Powder|p2a: Charizard
|-status|p2a: Charizard|slp
|cant|p2a: Charizard|slp
|
|upkeep
|turn|32
|choice|*|*move 3
|choice|*move 2|*
|choice|move airslash|move flareblitz
|
|move|p1a: Butterfree|Air Slash|p2a: Charizard
|-damage|p2a: Charizard|0 fnt
|faint|p2a: Charizard
|
|win|Araquanid15
|c|☆Araquanid15|quien decías?
|c|☆Araquanid15|que plan cuarta que?
</script>
</div>
<div class="battle-log battle-log-inline"><div class="inner"><div class="battle-options"></div><div class="inner"><div class=""><small>Format:</small> <br><strong>OU</strong></div><div class=""><small><em>Cláusula-Mod de Dormir:</em> solo puedes dormir a uno de tus oponentes a la vez.</small></div><div class=""><small><em>Cláusula de Especie:</em> Hasta un Pokémon de cada especie</small></div><div class=""><small><em>Cláusula de Golpe Fulminante:</em> los movimientos fulminantes (OHKO) estan prohibidos</small></div><div class=""><small><em>Cláusula de Veleta:</em> la habilidad Veleta está prohibida</small></div><div class=""><small><em>Cláusula de Movimientos Evasivos:</em> los movimientos de Evasión están prohibidos.</small></div><div class=""><small><em>Cláusula de Batallas Eternas:</em> forzar batallas eternas está prohibido</small></div><div class="chat battle-history"><strong>Araquanid15's team:</strong> <em style="color:#445566;display:block;">Butterfree / Crustle / Heracross / Araquanid / Volcarona / Escavalier</em></div><div class="chat battle-history"><strong>DraconSer's team:</strong> <em style="color:#445566;display:block;">Kyurem-Black / Kommo-o / Garchomp / Dragonite / Charizard / Guzzlord</em></div><div class="spacer battle-history"><br></div><div class="battle-history">Battle started between Araquanid15 and DraconSer!<br></div><div class="spacer battle-history"><br></div><div class="battle-history">Go! <strong>Butterfree</strong>!<br></div><div class="spacer battle-history"><br></div><div class="battle-history">DraconSer sent out <strong>Guzzlord</strong>!<br></div><div class="spacer battle-history"><br></div><h2 class="battle-history">Turn 1</h2><div class="spacer battle-history"><br></div><div class="battle-history">Butterfree used <strong>Sleep Powder</strong>!<br></div><div class="battle-history"><small>The opposing Guzzlord fell asleep!</small><br></div><div class="spacer battle-history"><br></div><div class="battle-history">The opposing Guzzlord is fast asleep.<br></div><div class="spacer battle-history"><br></div><h2 class="battle-history">Turn 2</h2><div class="spacer battle-history"><br></div><div class="battle-history">Butterfree, come back!<br></div><div class="battle-history">Go! <strong>Araquanid</strong>!<br></div><div class="spacer battle-history"><br></div><div class="battle-history">The opposing Guzzlord is fast asleep.<br></div><div class="spacer battle-history"><br></div><h2 class="battle-history">Turn 3</h2><div class="spacer battle-history"><br></div><div class="battle-history">The opposing Guzzlord is fast asleep.<br></div><div class="spacer battle-history"><br></div><div class="battle-history">Araquanid used <strong>Sticky Web</strong>!<br></div><div class="battle-history"><small>A sticky web spreads out on the ground around the opposing team!</small><br></div><div class="spacer battle-history"><br></div><h2 class="battle-history">Turn 4</h2><div class="spacer battle-history"><br></div><div class="battle-history"><small>The opposing Guzzlord woke up!</small><br></div><div class="spacer battle-history"><br></div><div class="battle-history">The opposing Guzzlord used <strong>Dark Pulse</strong>!<br></div><div class="battle-history"><small>(Araquanid lost <abbr title="−93/340">27.4%</abbr> of its health!)</small><br></div><div class="spacer battle-history"><br></div><div class="battle-history">Araquanid used <strong>Leech Life</strong>!<br></div><div class="battle-history"><small>It's super effective!</small><br></div><div class="battle-history"><small>A critical hit!</small><br></div><div class="battle-history"><small>(The opposing Guzzlord lost <abbr title="−372/650">57.2%</abbr> of its health!)</small><br></div><div class="battle-history"><small>The opposing Guzzlord had its energy drained!</small><br></div><div class="spacer battle-history"><br></div><h2 class="battle-history">Turn 5</h2><div class="spacer battle-history"><br></div><div class="battle-history">The opposing Guzzlord used <strong>Draco Meteor</strong>!<br></div><div class="battle-history"><small>Araquanid avoided the attack!</small><br></div><div class="spacer battle-history"><br></div><div class="battle-history">Araquanid used <strong>Leech Life</strong>!<br></div><div class="battle-history"><small>It's super effective!</small><br></div><div class="battle-history"><small>(The opposing Guzzlord lost <abbr title="−228/650">35.1%</abbr> of its health!)</small><br></div><div class="spacer battle-history"><br></div><h2 class="battle-history">Turn 6</h2><div class="spacer battle-history"><br></div><div class="battle-history">The opposing Guzzlord used <strong>Draco Meteor</strong>!<br></div><div class="battle-history"><small>(Araquanid lost <abbr title="−162/340">47.6%</abbr> of its health!)</small><br></div><div class="battle-history"><small>The opposing Guzzlord's Special Attack fell harshly!</small><br></div><div class="spacer battle-history"><br></div><div class="battle-history">Araquanid used <strong>Leech Life</strong>!<br></div><div class="battle-history"><small>It's super effective!</small><br></div><div class="battle-history"><small>(The opposing Guzzlord lost <abbr title="−50/650">7.7%</abbr> of its health!)</small><br></div><div class="battle-history"><small>The opposing Guzzlord had its energy drained!</small><br></div><div class="spacer battle-history"><br></div><div class="battle-history">The opposing Guzzlord fainted!<br></div><div class="spacer battle-history"><br></div><div class="battle-history"><small>Araquanid restored a little HP using its Leftovers!</small><br></div><div class="spacer battle-history"><br></div><div class="battle-history">DraconSer sent out <strong>Charizard</strong>!<br></div><div class="spacer battle-history"><br></div><h2 class="battle-history">Turn 7</h2><div class="spacer battle-history"><br></div><div class="battle-history"><small>The opposing Charizard's Charizardite X is reacting to the Key Stone!</small><br>The opposing Charizard has Mega Evolved into Mega Charizard!<br></div><div class="spacer battle-history"><br></div><div class="battle-history">The opposing Charizard used <strong>Thunder Punch</strong>!<br></div><div class="battle-history"><small>It's super effective!</small><br></div><div class="battle-history"><small>(Araquanid lost <abbr title="−168/340">49.4%</abbr> of its health!)</small><br></div><div class="spacer battle-history"><br></div><div class="battle-history">Araquanid used <strong>Liquidation</strong>!<br></div><div class="battle-history"><small>(The opposing Charizard lost <abbr title="−135/297">45.5%</abbr> of its health!)</small><br></div><div class="spacer battle-history"><br></div><div class="battle-history"><small>Araquanid restored a little HP using its Leftovers!</small><br></div><div class="spacer battle-history"><br></div><h2 class="battle-history">Turn 8</h2><div class="spacer battle-history"><br></div><div class="battle-history">The opposing Charizard used <strong>Thunder Punch</strong>!<br></div><div class="battle-history"><small>It's super effective!</small><br></div><div class="battle-history"><small>A critical hit!</small><br></div><div class="battle-history"><small>(Araquanid lost <abbr title="−77/340">22.6%</abbr> of its health!)</small><br></div><div class="spacer battle-history"><br></div><div class="battle-history">Araquanid fainted!<br></div><div class="spacer battle-history"><br></div><div class="battle-history">Go! <strong>Crustle</strong>!<br></div><div class="spacer battle-history"><br></div><h2 class="battle-history">Turn 9</h2><div class="spacer battle-history"><br></div><div class="battle-history">DraconSer withdrew Charizard!<br></div><div class="battle-history">DraconSer sent out <strong>Garchomp</strong>!<br></div><div class="battle-history"><small>The opposing Garchomp was caught in a sticky web!</small><br></div><div class="battle-history"><small>The opposing Garchomp's Speed fell!</small><br></div><div class="spacer battle-history"><br></div><div class="battle-history">Crustle used <strong>Rock Wrecker</strong>!<br></div><div class="battle-history"><small>It's not very effective...</small><br></div><div class="battle-history"><small>(The opposing Garchomp lost <abbr title="−92/357">25.8%</abbr> of its health!)</small><br></div><div class="spacer battle-history"><br></div><h2 class="battle-history">Turn 10</h2><div class="spacer battle-history"><br></div><div class="battle-history"><small>The opposing Garchomp surrounded itself with its Z-Power!</small><br></div><div class="spacer battle-history"><br></div><div class="battle-history">The opposing Garchomp used <strong>Tectonic Rage</strong>!<br></div><div class="battle-history"><small>(Crustle lost <abbr title="−232/281">82.6%</abbr> of its health!)</small><br></div><div class="spacer battle-history"><br></div><div class="battle-history">Crustle must recharge!<br></div><div class="spacer battle-history"><br></div><h2 class="battle-history">Turn 11</h2><div class="spacer battle-history"><br></div><div class="battle-history">The opposing Garchomp used <strong>Earthquake</strong>!<br></div><div class="battle-history"><small>(Crustle lost <abbr title="−49/281">17.4%</abbr> of its health!)</small><br></div><div class="spacer battle-history"><br></div><div class="battle-history">Crustle fainted!<br></div><div class="spacer battle-history"><br></div><div class="battle-history">Go! <strong>Butterfree</strong>!<br></div><div class="spacer battle-history"><br></div><h2 class="battle-history">Turn 12</h2><div class="spacer battle-history"><br></div><div class="battle-history">Butterfree used <strong>Sleep Powder</strong>!<br></div><div class="battle-history"><small>The opposing Garchomp fell asleep!</small><br></div><div class="spacer battle-history"><br></div><div class="battle-history">The opposing Garchomp is fast asleep.<br></div><div class="spacer battle-history"><br></div><h2 class="battle-history">Turn 13</h2><div class="spacer battle-history"><br></div><div class="battle-history">Butterfree, come back!<br></div><div class="battle-history">Go! <strong>Heracross</strong>!<br></div><div class="spacer battle-history"><br></div><div class="battle-history">The opposing Garchomp is fast asleep.<br></div><div class="spacer battle-history"><br></div><h2 class="battle-history">Turn 14</h2><div class="spacer battle-history"><br></div><div class="battle-history"><small>Heracross's Heracronite is reacting to the Key Stone!</small><br>Heracross has Mega Evolved into Mega Heracross!<br></div><div class="battle-history"><small>The opposing Garchomp woke up!</small><br></div><div class="spacer battle-history"><br></div><div class="battle-history">The opposing Garchomp used <strong>Fire Blast</strong>!<br></div><div class="battle-history"><small>It's super effective!</small><br></div><div class="battle-history"><small>(Heracross lost <abbr title="−104/302">34.4%</abbr> of its health!)</small><br></div><div class="spacer battle-history"><br></div><div class="battle-history">Heracross used <strong>Pin Missile</strong>!<br></div><div class="battle-history"><small>(The opposing Garchomp lost <abbr title="−57/357">16.0%</abbr> of its health!)</small><br></div><div class="battle-history"><small>(The opposing Garchomp lost <abbr title="−57/357">16.0%</abbr> of its health!)</small><br></div><div class="battle-history"><small>(The opposing Garchomp lost <abbr title="−60/357">16.8%</abbr> of its health!)</small><br></div><div class="battle-history"><small>(The opposing Garchomp lost <abbr title="−58/357">16.2%</abbr> of its health!)</small><br></div><div class="battle-history"><small>(The opposing Garchomp lost <abbr title="−33/357">9.2%</abbr> of its health!)</small><br></div><div class="battle-history"><small>Hit 5 times!</small><br></div><div class="spacer battle-history"><br></div><div class="battle-history">The opposing Garchomp fainted!<br></div><div class="spacer battle-history"><br></div><div class="battle-history">DraconSer sent out Charizard (<strong>Charizard-Mega-X</strong>)!<br></div><div class="battle-history"><small>The opposing Charizard was caught in a sticky web!</small><br></div><div class="battle-history"><small>The opposing Charizard's Speed fell!</small><br></div><div class="spacer battle-history"><br></div><h2 class="battle-history">Turn 15</h2><div class="spacer battle-history"><br></div><div class="battle-history">The opposing Charizard used <strong>Flare Blitz</strong>!<br></div><div class="battle-history"><small>It's super effective!</small><br></div><div class="battle-history"><small>(Heracross lost <abbr title="−198/302">65.6%</abbr> of its health!)</small><br></div><div class="battle-history"><small>The opposing Charizard is damaged by the recoil!</small><br></div><div class="spacer battle-history"><br></div><div class="battle-history">Heracross fainted!<br></div><div class="spacer battle-history"><br></div><div class="battle-history">Go! <strong>Butterfree</strong>!<br></div><div class="spacer battle-history"><br></div><h2 class="battle-history">Turn 16</h2><div class="spacer battle-history"><br></div><div class="battle-history">DraconSer withdrew Charizard!<br></div><div class="battle-history">DraconSer sent out <strong>Dragonite</strong>!<br></div><div class="spacer battle-history"><br></div><div class="battle-history">Butterfree used <strong>Sleep Powder</strong>!<br></div><div class="battle-history"><small>The opposing Dragonite fell asleep!</small><br></div><div class="spacer battle-history"><br></div><h2 class="battle-history">Turn 17</h2><div class="spacer battle-history"><br></div><div class="battle-history">Butterfree, come back!<br></div><div class="battle-history">Go! <strong>Volcarona</strong>!<br></div><div class="spacer battle-history"><br></div><div class="battle-history">The opposing Dragonite is fast asleep.<br></div><div class="spacer battle-history"><br></div><h2 class="battle-history">Turn 18</h2><div class="spacer battle-history"><br></div><div class="battle-history">Volcarona used <strong>Quiver Dance</strong>!<br></div><div class="battle-history"><small>Volcarona's Special Attack rose!</small><br></div><div class="battle-history"><small>Volcarona's Special Defense rose!</small><br></div><div class="battle-history"><small>Volcarona's Speed rose!</small><br></div><div class="spacer battle-history"><br></div><div class="battle-history">The opposing Dragonite is fast asleep.<br></div><div class="spacer battle-history"><br></div><h2 class="battle-history">Turn 19</h2><div class="spacer battle-history"><br></div><div class="battle-history"><small>Volcarona surrounded itself with its Z-Power!</small><br></div><div class="spacer battle-history"><br></div><div class="battle-history">Volcarona used <strong>Inferno Overdrive</strong>!<br></div><div class="battle-history"><small>It's not very effective...</small><br></div><div class="battle-history"><small>(The opposing Dragonite lost <abbr title="−103/323">31.9%</abbr> of its health!)</small><br></div><div class="battle-history"><small>The opposing Dragonite woke up!</small><br></div><div class="spacer battle-history"><br></div><div class="battle-history">The opposing Dragonite used <strong>Dragon Claw</strong>!<br></div><div class="battle-history"><small>(Volcarona lost <abbr title="−222/374">59.4%</abbr> of its health!)</small><br></div><div class="battle-history"><small>[Volcarona's Flame Body]</small><br><small>The opposing Dragonite was burned!</small><br></div><div class="spacer battle-history"><br></div><div class="battle-history"><small>The opposing Dragonite restored a little HP using its Leftovers!</small><br></div><div class="battle-history"><small>The opposing Dragonite was hurt by its burn!</small><br></div><div class="spacer battle-history"><br></div><h2 class="battle-history">Turn 20</h2><div class="spacer battle-history"><br></div><div class="battle-history">Volcarona used <strong>Flamethrower</strong>!<br></div><div class="battle-history"><small>It's not very effective...</small><br></div><div class="battle-history"><small>(The opposing Dragonite lost <abbr title="−100/323">31.0%</abbr> of its health!)</small><br></div><div class="spacer battle-history"><br></div><div class="battle-history">The opposing Dragonite used <strong>Dragon Claw</strong>!<br></div><div class="battle-history"><small>(Volcarona lost <abbr title="−117/374">31.3%</abbr> of its health!)</small><br></div><div class="spacer battle-history"><br></div><div class="battle-history"><small>The opposing Dragonite restored a little HP using its Leftovers!</small><br></div><div class="battle-history"><small>The opposing Dragonite was hurt by its burn!</small><br></div><div class="spacer battle-history"><br></div><h2 class="battle-history">Turn 21</h2><div class="spacer battle-history"><br></div><div class="battle-history">Volcarona used <strong>Flamethrower</strong>!<br></div><div class="battle-history"><small>It's not very effective...</small><br></div><div class="battle-history"><small>(The opposing Dragonite lost <abbr title="−111/323">34.4%</abbr> of its health!)</small><br></div><div class="spacer battle-history"><br></div><div class="battle-history">The opposing Dragonite used <strong>Dragon Claw</strong>!<br></div><div class="battle-history"><small>(Volcarona lost <abbr title="−35/374">9.4%</abbr> of its health!)</small><br></div><div class="spacer battle-history"><br></div><div class="battle-history">Volcarona fainted!<br></div><div class="spacer battle-history"><br></div><div class="battle-history"><small>The opposing Dragonite restored a little HP using its Leftovers!</small><br></div><div class="battle-history"><small>The opposing Dragonite was hurt by its burn!</small><br></div><div class="spacer battle-history"><br></div><div class="battle-history">Go! <strong>Butterfree</strong>!<br></div><div class="spacer battle-history"><br></div><h2 class="battle-history">Turn 22</h2><div class="spacer battle-history"><br></div><div class="battle-history">Butterfree used <strong>Air Slash</strong>!<br></div><div class="battle-history"><small>A critical hit!</small><br></div><div class="battle-history"><small>(The opposing Dragonite lost <abbr title="−9/323">2.8%</abbr> of its health!)</small><br></div><div class="spacer battle-history"><br></div><div class="battle-history">The opposing Dragonite fainted!<br></div><div class="spacer battle-history"><br></div><div class="battle-history">DraconSer sent out <strong>Kommo-o</strong>!<br></div><div class="battle-history"><small>The opposing Kommo-o was caught in a sticky web!</small><br></div><div class="battle-history"><small>The opposing Kommo-o's Speed fell!</small><br></div><div class="spacer battle-history"><br></div><h2 class="battle-history">Turn 23</h2><div class="spacer battle-history"><br></div><div class="battle-history">Butterfree used <strong>Sleep Powder</strong>!<br></div><div class="battle-history"><small>The opposing Kommo-o fell asleep!</small><br></div><div class="spacer battle-history"><br></div><div class="battle-history">The opposing Kommo-o is fast asleep.<br></div><div class="spacer battle-history"><br></div><h2 class="battle-history">Turn 24</h2><div class="spacer battle-history"><br></div><div class="battle-history">Butterfree used <strong>Air Slash</strong>!<br></div><div class="battle-history"><small>It's super effective!</small><br></div><div class="battle-history"><small>(The opposing Kommo-o lost <abbr title="−186/291">63.9%</abbr> of its health!)</small><br></div><div class="battle-history"><small>The opposing Kommo-o woke up!</small><br></div><div class="spacer battle-history"><br></div><div class="battle-history">The opposing Kommo-o used <strong>Dragon Claw</strong>!<br></div><div class="battle-history"><small>Butterfree hung on using its Focus Sash!</small><br></div><div class="battle-history"><small>(Butterfree lost <abbr title="−261/262">99.6%</abbr> of its health!)</small><br></div><div class="battle-history"><small>The opposing Kommo-o lost some of its HP!</small><br></div><div class="spacer battle-history"><br></div><h2 class="battle-history">Turn 25</h2><div class="spacer battle-history"><br></div><div class="battle-history">Butterfree used <strong>Air Slash</strong>!<br></div><div class="battle-history"><small>It's super effective!</small><br></div><div class="battle-history"><small>(The opposing Kommo-o lost <abbr title="−76/291">26.1%</abbr> of its health!)</small><br></div><div class="spacer battle-history"><br></div><div class="battle-history">The opposing Kommo-o fainted!<br></div><div class="spacer battle-history"><br></div><div class="battle-history">DraconSer sent out Kyurem (<strong>Kyurem-Black</strong>)!<br></div><div class="battle-history"><small>The opposing Kyurem was caught in a sticky web!</small><br></div><div class="battle-history"><small>The opposing Kyurem's Speed fell!</small><br></div><div class="battle-history"><small>[The opposing Kyurem's Teravolt]</small><br><small>The opposing Kyurem is radiating a bursting aura!</small><br></div><div class="spacer battle-history"><br></div><h2 class="battle-history">Turn 26</h2><div class="spacer battle-history"><br></div><div class="battle-history">Butterfree used <strong>Sleep Powder</strong>!<br></div><div class="battle-history"><small>The opposing Kyurem fell asleep!</small><br></div><div class="spacer battle-history"><br></div><div class="battle-history">The opposing Kyurem is fast asleep.<br></div><div class="spacer battle-history"><br></div><h2 class="battle-history">Turn 27</h2><div class="spacer battle-history"><br></div><div class="battle-history">Butterfree, come back!<br></div><div class="battle-history">Go! <strong>Escavalier</strong>!<br></div><div class="battle-history"><small>The opposing Kyurem woke up!</small><br></div><div class="spacer battle-history"><br></div><div class="battle-history">The opposing Kyurem used <strong>Zen Headbutt</strong>!<br></div><div class="battle-history"><small>It's not very effective...</small><br></div><div class="battle-history"><small>(Escavalier lost <abbr title="−51/281">18.1%</abbr> of its health!)</small><br></div><div class="battle-history"><small>The opposing Kyurem was hurt by the Rocky Helmet!</small><br></div><div class="spacer battle-history"><br></div><h2 class="battle-history">Turn 28</h2><div class="spacer battle-history"><br></div><div class="battle-history">The opposing Kyurem used <strong>Earth Power</strong>!<br></div><div class="battle-history"><small>(Escavalier lost <abbr title="−60/281">21.4%</abbr> of its health!)</small><br></div><div class="spacer battle-history"><br></div><div class="battle-history">Escavalier used <strong>Iron Head</strong>!<br></div><div class="battle-history"><small>It's super effective!</small><br></div><div class="battle-history"><small>(The opposing Kyurem lost <abbr title="−272/454">59.9%</abbr> of its health!)</small><br></div><div class="spacer battle-history"><br></div><h2 class="battle-history">Turn 29</h2><div class="spacer battle-history"><br></div><div class="battle-history">The opposing Kyurem used <strong>Fusion Bolt</strong>!<br></div><div class="battle-history"><small>(Escavalier lost <abbr title="−117/281">41.6%</abbr> of its health!)</small><br></div><div class="spacer battle-history"><br></div><div class="battle-history">Escavalier used <strong>Iron Head</strong>!<br></div><div class="battle-history"><small>It's super effective!</small><br></div><div class="battle-history"><small>(The opposing Kyurem lost <abbr title="−107/454">23.6%</abbr> of its health!)</small><br></div><div class="spacer battle-history"><br></div><div class="battle-history">The opposing Kyurem fainted!<br></div><div class="spacer battle-history"><br></div><div class="battle-history">DraconSer sent out Charizard (<strong>Charizard-Mega-X</strong>)!<br></div><div class="battle-history"><small>The opposing Charizard was caught in a sticky web!</small><br></div><div class="battle-history"><small>The opposing Charizard's Speed fell!</small><br></div><div class="spacer battle-history"><br></div><h2 class="battle-history">Turn 30</h2><div class="spacer battle-history"><br></div><div class="battle-history">The opposing Charizard used <strong>Dragon Claw</strong>!<br></div><div class="battle-history"><small>It's not very effective...</small><br></div><div class="battle-history"><small>A critical hit!</small><br></div><div class="battle-history"><small>(Escavalier lost <abbr title="−53/281">18.9%</abbr> of its health!)</small><br></div><div class="battle-history"><small>The opposing Charizard was hurt by the Rocky Helmet!</small><br></div><div class="spacer battle-history"><br></div><div class="battle-history">Escavalier fainted!<br></div><div class="spacer battle-history"><br></div><div class="battle-history">Go! <strong>Butterfree</strong>!<br></div><div class="spacer battle-history"><br></div><h2 class="battle-history">Turn 31</h2><div class="spacer battle-history"><br></div><div class="battle-history">Butterfree used <strong>Sleep Powder</strong>!<br></div><div class="battle-history"><small>The opposing Charizard fell asleep!</small><br></div><div class="spacer battle-history"><br></div><div class="battle-history">The opposing Charizard is fast asleep.<br></div><div class="spacer battle-history"><br></div><h2 class="battle-history">Turn 32</h2><div class="spacer battle-history"><br></div><div class="battle-history">Butterfree used <strong>Air Slash</strong>!<br></div><div class="battle-history"><small>(The opposing Charizard lost <abbr title="−48/297">16.2%</abbr> of its health!)</small><br></div><div class="spacer battle-history"><br></div><div class="battle-history">The opposing Charizard fainted!<br></div><div class="spacer battle-history"><br></div><div class="battle-history"><strong>Araquanid15</strong> won the battle!<br></div><div class="chat chatmessage-araquanid15"><strong style="color:hsl(357,78%,42%)"><small>☆</small><span class="username" data-name="Araquanid15">Araquanid15</span>:</strong> <em>quien decías?</em></div><div class="chat chatmessage-araquanid15"><strong style="color:hsl(357,78%,42%)"><small>☆</small><span class="username" data-name="Araquanid15">Araquanid15</span>:</strong> <em>que plan cuarta que?</em></div></div><div class="inner-preempt"></div></div></div>
</div>
<script>
let daily = Math.floor(Date.now()/1000/60/60/24);document.write('<script src="https://play.pokemonshowdown.com/js/replay-embed.js?version'+daily+'"></'+'script>');
</script>
