<!DOCTYPE html>
<meta charset="utf-8" />
<!-- version 1 -->
<title>OU replay: Cloed vs. Aleister11</title>
<style>
html,body {font-family:Verdana, sans-serif;font-size:10pt;margin:0;padding:0;}body{padding:12px 0;} .battle-log {font-family:Verdana, sans-serif;font-size:10pt;} .battle-log-inline {border:1px solid #AAAAAA;background:#EEF2F5;color:black;max-width:640px;margin:0 auto 80px;padding-bottom:5px;} .battle-log .inner {padding:4px 8px 0px 8px;} .battle-log .inner-preempt {padding:0 8px 4px 8px;} .battle-log .inner-after {margin-top:0.5em;} .battle-log h2 {margin:0.5em -8px;padding:4px 8px;border:1px solid #AAAAAA;background:#E0E7EA;border-left:0;border-right:0;font-family:Verdana, sans-serif;font-size:13pt;} .battle-log .chat {vertical-align:middle;padding:3px 0 3px 0;font-size:8pt;} .battle-log .chat strong {color:#40576A;} .battle-log .chat em {padding:1px 4px 1px 3px;color:#000000;font-style:normal;} .chat.mine {background:rgba(0,0,0,0.05);margin-left:-8px;margin-right:-8px;padding-left:8px;padding-right:8px;} .spoiler {color:#BBBBBB;background:#BBBBBB;padding:0px 3px;} .spoiler:hover, .spoiler:active, .spoiler-shown {color:#000000;background:#E2E2E2;padding:0px 3px;} .spoiler a {color:#BBBBBB;} .spoiler:hover a, .spoiler:active a, .spoiler-shown a {color:#2288CC;} .chat code, .chat .spoiler:hover code, .chat .spoiler:active code, .chat .spoiler-shown code {border:1px solid #C0C0C0;background:#EEEEEE;color:black;padding:0 2px;} .chat .spoiler code {border:1px solid #CCCCCC;background:#CCCCCC;color:#CCCCCC;} .battle-log .rated {padding:3px 4px;} .battle-log .rated strong {color:white;background:#89A;padding:1px 4px;border-radius:4px;} .spacer {margin-top:0.5em;} .message-announce {background:#6688AA;color:white;padding:1px 4px 2px;} .message-announce a, .broadcast-green a, .broadcast-blue a, .broadcast-red a {color:#DDEEFF;} .broadcast-green {background-color:#559955;color:white;padding:2px 4px;} .broadcast-blue {background-color:#6688AA;color:white;padding:2px 4px;} .infobox {border:1px solid #6688AA;padding:2px 4px;} .infobox-limited {max-height:200px;overflow:auto;overflow-x:hidden;} .broadcast-red {background-color:#AA5544;color:white;padding:2px 4px;} .message-learn-canlearn {font-weight:bold;color:#228822;text-decoration:underline;} .message-learn-cannotlearn {font-weight:bold;color:#CC2222;text-decoration:underline;} .message-effect-weak {font-weight:bold;color:#CC2222;} .message-effect-resist {font-weight:bold;color:#6688AA;} .message-effect-immune {font-weight:bold;color:#666666;} .message-learn-list {margin-top:0;margin-bottom:0;} .message-throttle-notice, .message-error {color:#992222;} .message-overflow, .chat small.message-overflow {font-size:0pt;} .message-overflow::before {font-size:9pt;content:'...';} .subtle {color:#3A4A66;}
</style>
<div class="wrapper replay-wrapper" style="max-width:1180px;margin:0 auto">
<input type="hidden" name="replayid" value="destiny-ou-437751" />
<div class="battle"></div><div class="battle-log"></div><div class="replay-controls"></div><div class="replay-controls-2"></div>
<h1 style="font-weight:normal;text-align:center"><strong>OU</strong><br /><a href="http://pokemonshowdown.com/users/cloed" class="subtle" target="_blank">Cloed</a> vs. <a href="http://pokemonshowdown.com/users/aleister11" class="subtle" target="_blank">Aleister11</a></h1>
<script type="text/plain" class="battle-log-data">|player|p1|Cloed|1013
|teamsize|p1|6
|player|p2|Aleister11|153
|teamsize|p2|6
|teamsize|p1|6
|teamsize|p2|6
|gametype|singles
|gen|7
|tier|OU
|rated
|seed|50758,1403,31683,28003
|rule|Cláusula-Mod de Dormir: solo puedes dormir a uno de tus oponentes a la vez.
|rule|Cláusula de Especie: Hasta un Pokémon de cada especie
|rule|Cláusula de Golpe Fulminante: los movimientos fulminantes (OHKO) estan prohibidos
|rule|Cláusula de Veleta: la habilidad Veleta está prohibida
|rule|Cláusula de Movimientos Evasivos: los movimientos de Evasión están prohibidos.
|rule|Cláusula de Batallas Eternas: forzar batallas eternas está prohibido
|clearpoke
|poke|p1|Tapu Fini|item
|poke|p1|Scizor, M|item
|poke|p1|Heatran, M|item
|poke|p1|Gliscor, M|item
|poke|p1|Gengar, M|item
|poke|p1|Cradily, F|item
|poke|p2|Gyarados, M|item
|poke|p2|Clefable, F|item
|poke|p2|Victini|item
|poke|p2|Galvantula, F, shiny|item
|poke|p2|Skarmory, M, shiny|item
|poke|p2|Landorus-Therian, M|item
|teampreview|undefined
|choice|*team 123456|*
|choice|*|*team 423156
|choice|team 1, 2, 3, 4, 5, 6|team 4, 2, 3, 1, 5, 6
|
|start
|switch|p1a: Tapu Fini|Tapu Fini|282\/282
|switch|p2a: Galvantula|Galvantula, F, shiny|282\/282
|-fieldstart|move: Misty Terrain|[from] ability: Misty Surge|[of] p1a: Tapu Fini
|turn|1
|choice|*switch 6|*
|choice|*|*move 1
|choice|switch 6|move stickyweb
|
|switch|p1a: Cradily|Cradily, F|327\/327
|move|p2a: Galvantula|Sticky Web|p1a: Cradily
|-sidestart|p1: Cloed|move: Sticky Web
|
|upkeep
|turn|2
|choice|*move 4|*
|choice|*|*switch 5
|choice|move stockpile|switch 5
|
|switch|p2a: Skarmory|Skarmory, M, shiny|272\/272
|move|p1a: Cradily|Stockpile|p1a: Cradily
|-start|p1a: Cradily|stockpile1
|-boost|p1a: Cradily|def|1
|-boost|p1a: Cradily|spd|1
|
|upkeep
|turn|3
|choice|*|*move 3
|choice|*move 4|*
|choice|move stockpile|move stealthrock
|
|move|p2a: Skarmory|Stealth Rock|p1a: Cradily
|-sidestart|p1: Cloed|move: Stealth Rock
|move|p1a: Cradily|Stockpile|p1a: Cradily
|-start|p1a: Cradily|stockpile2
|-boost|p1a: Cradily|def|1
|-boost|p1a: Cradily|spd|1
|
|upkeep
|turn|4
|choice|*|*switch 2
|choice|*move 2|*
|choice|move ancientpower|switch 2
|
|switch|p2a: Clefable|Clefable, F|332\/332
|move|p1a: Cradily|Ancient Power|p2a: Clefable
|-damage|p2a: Clefable|278\/332
|
|-heal|p2a: Clefable|298\/332|[from] item: Leftovers
|upkeep
|turn|5
|choice|*switch 6|*
|choice|*|*move 2
|choice|switch 6|move wish
|
|switch|p1a: Tapu Fini|Tapu Fini|282\/282
|-activate|p1a: Tapu Fini|move: Sticky Web
|-unboost|p1a: Tapu Fini|spe|1
|-damage|p1a: Tapu Fini|247\/282|[from] Stealth Rock
|move|p2a: Clefable|Wish|p2a: Clefable
|
|-heal|p2a: Clefable|318\/332|[from] item: Leftovers
|-fieldend|Misty Terrain
|upkeep
|turn|6
|choice|*|*move 4
|choice|*move 4|*
|choice|move defog|move toxic
|
|move|p2a: Clefable|Toxic|p1a: Tapu Fini
|-status|p1a: Tapu Fini|tox
|move|p1a: Tapu Fini|Defog|p2a: Clefable
|-unboost|p2a: Clefable|evasion|1
|-sideend|p1: Cloed|Stealth Rock|[from] move: Defog|[of] p1a: Tapu Fini
|-sideend|p1: Cloed|Sticky Web|[from] move: Defog|[of] p1a: Tapu Fini
|
|-heal|p2a: Clefable|332\/332|[from] move: Wish|[wisher] Clefable
|-damage|p1a: Tapu Fini|230\/282 tox|[from] psn
|upkeep
|turn|7
|choice|*|*move 2
|choice|*switch 2|*
|choice|switch 2|move wish
|
|switch|p1a: Scizor|Scizor, M|281\/281
|move|p2a: Clefable|Wish|p2a: Clefable
|
|upkeep
|turn|8
|choice|*move 2 mega|*
|choice|*|*switch 6
|choice|move bulletpunch mega|switch 6
|
|switch|p2a: Landorus|Landorus-Therian, M|319\/319
|-ability|p2a: Landorus|Intimidate|boost
|-unboost|p1a: Scizor|atk|1
|-mega|p1a: Scizor|Scizor|Scizorite
|detailschange|p1a: Scizor|Scizor-Mega, M
|move|p1a: Scizor|Bullet Punch|p2a: Landorus
|-damage|p2a: Landorus|240\/319
|
|-heal|p2a: Landorus|319\/319|[from] move: Wish|[wisher] Clefable
|upkeep
|turn|9
|choice|*move 3|*
|choice|*move 2|*
|choice|*move 3|*
|choice|*|*move 1
|choice|move uturn|move earthquake
|
|move|p2a: Landorus|Earthquake|p1a: Scizor
|-damage|p1a: Scizor|146\/281
|move|p1a: Scizor|U-turn|p2a: Landorus
|-resisted|p2a: Landorus
|-damage|p2a: Landorus|273\/319
|choice|*switch 2|*
|choice|switch 2|
|
|switch|p1a: Tapu Fini|Tapu Fini|230\/282 tox|[from]move: U-turn
|-fieldstart|move: Misty Terrain|[from] ability: Misty Surge|[of] p1a: Tapu Fini
|
|-damage|p1a: Tapu Fini|213\/282 tox|[from] psn
|upkeep
|turn|10
|choice|*|*switch 6
|choice|*switch 4|*
|choice|switch 4|switch 6
|
|switch|p2a: Clefable|Clefable, F|332\/332
|switch|p1a: Gliscor|Gliscor, M|292\/292
|
|-status|p1a: Gliscor|tox|[from] item: Toxic Orb
|upkeep
|turn|11
|choice|*|*switch 4
|choice|*move 1|*
|choice|move knockoff|switch 4
|
|switch|p2a: Gyarados|Gyarados, M|331\/331
|-ability|p2a: Gyarados|Intimidate|boost
|-unboost|p1a: Gliscor|atk|1
|move|p1a: Gliscor|Knock Off|p2a: Gyarados
|-damage|p2a: Gyarados|284\/331
|
|upkeep
|turn|12
|choice|*switch 6|*
|choice|*|*move 3
|choice|switch 6|move dragondance
|
|switch|p1a: Cradily|Cradily, F|327\/327
|move|p2a: Gyarados|Dragon Dance|p2a: Gyarados
|-boost|p2a: Gyarados|atk|1
|-boost|p2a: Gyarados|spe|1
|
|upkeep
|turn|13
|choice|*move 4|*
|choice|*|*move 4
|choice|move stockpile|move earthquake
|
|move|p2a: Gyarados|Earthquake|p1a: Cradily
|-damage|p1a: Cradily|198\/327
|move|p1a: Cradily|Stockpile|p1a: Cradily
|-start|p1a: Cradily|stockpile1
|-boost|p1a: Cradily|def|1
|-boost|p1a: Cradily|spd|1
|
|-heal|p1a: Cradily|218\/327|[from] item: Leftovers
|-fieldend|Misty Terrain
|upkeep
|turn|14
|choice|*|*switch 4
|choice|*move 3|*
|choice|move recover|switch 4
|
|switch|p2a: Clefable|Clefable, F|332\/332
|move|p1a: Cradily|Recover|p1a: Cradily
|-heal|p1a: Cradily|327\/327
|
|upkeep
|turn|15
|choice|*switch 4|*
|choice|*|*move 3
|choice|switch 4|move moonblast
|
|switch|p1a: Tapu Fini|Tapu Fini|213\/282 tox
|-fieldstart|move: Misty Terrain|[from] ability: Misty Surge|[of] p1a: Tapu Fini
|move|p2a: Clefable|Moonblast|p1a: Tapu Fini
|-crit|p1a: Tapu Fini
|-damage|p1a: Tapu Fini|108\/282 tox
|
|-damage|p1a: Tapu Fini|91\/282 tox|[from] psn
|upkeep
|turn|16
|choice|*|*move 2
|choice|*switch 2|*
|choice|switch 2|move wish
|
|switch|p1a: Scizor|Scizor-Mega, M|146\/281
|move|p2a: Clefable|Wish|p2a: Clefable
|
|upkeep
|turn|17
|choice|*|*switch 4
|choice|*move 1|*
|choice|move swordsdance|switch 4
|
|switch|p2a: Gyarados|Gyarados, M|284\/331
|-ability|p2a: Gyarados|Intimidate|boost
|-unboost|p1a: Scizor|atk|1
|move|p1a: Scizor|Swords Dance|p1a: Scizor
|-boost|p1a: Scizor|atk|2
|
|-heal|p2a: Gyarados|331\/331|[from] move: Wish|[wisher] Clefable
|upkeep
|turn|18
|choice|*move 3|*
|choice|*|*move 3
|choice|*switch 4|*
|choice|switch 4|move dragondance
|
|switch|p1a: Cradily|Cradily, F|327\/327
|move|p2a: Gyarados|Dragon Dance|p2a: Gyarados
|-boost|p2a: Gyarados|atk|1
|-boost|p2a: Gyarados|spe|1
|
|upkeep
|turn|19
|choice|*move 4|*
|choice|*|*switch 6
|choice|move stockpile|switch 6
|
|switch|p2a: Landorus|Landorus-Therian, M|273\/319
|-ability|p2a: Landorus|Intimidate|boost
|-unboost|p1a: Cradily|atk|1
|move|p1a: Cradily|Stockpile|p1a: Cradily
|-start|p1a: Cradily|stockpile1
|-boost|p1a: Cradily|def|1
|-boost|p1a: Cradily|spd|1
|
|-fieldend|Misty Terrain
|upkeep
|turn|20
|choice|*|*move 3
|choice|*move 2|*
|choice|move ancientpower|move superpower
|
|move|p2a: Landorus|Superpower|p1a: Cradily
|-supereffective|p1a: Cradily
|-damage|p1a: Cradily|161\/327
|-unboost|p2a: Landorus|atk|1
|-unboost|p2a: Landorus|def|1
|move|p1a: Cradily|Ancient Power|p2a: Landorus
|-damage|p2a: Landorus|200\/319
|
|-heal|p1a: Cradily|181\/327|[from] item: Leftovers
|upkeep
|turn|21
|choice|*|*switch 4
|choice|*move 4|*
|choice|move stockpile|switch 4
|
|switch|p2a: Clefable|Clefable, F|332\/332
|move|p1a: Cradily|Stockpile|p1a: Cradily
|-start|p1a: Cradily|stockpile2
|-boost|p1a: Cradily|def|1
|-boost|p1a: Cradily|spd|1
|
|-heal|p1a: Cradily|201\/327|[from] item: Leftovers
|upkeep
|turn|22
|choice|*switch 4|*
|choice|*|*move 3
|choice|switch 4|move moonblast
|
|switch|p1a: Scizor|Scizor-Mega, M|146\/281
|move|p2a: Clefable|Moonblast|p1a: Scizor
|-resisted|p1a: Scizor
|-damage|p1a: Scizor|94\/281
|
|upkeep
|turn|23
|choice|*move 2|*
|choice|*|*switch 6
|choice|move bulletpunch|switch 6
|
|switch|p2a: Gyarados|Gyarados, M|331\/331
|-ability|p2a: Gyarados|Intimidate|boost
|-unboost|p1a: Scizor|atk|1
|move|p1a: Scizor|Bullet Punch|p2a: Gyarados
|-resisted|p2a: Gyarados
|-damage|p2a: Gyarados|286\/331
|
|upkeep
|turn|24
|choice|*|*move 4
|choice|*switch 4|*
|choice|switch 4|move earthquake
|
|switch|p1a: Cradily|Cradily, F|201\/327
|move|p2a: Gyarados|Earthquake|p1a: Cradily
|-damage|p1a: Cradily|117\/327
|
|-heal|p1a: Cradily|137\/327|[from] item: Leftovers
|upkeep
|turn|25
|choice|*move 3|*
|choice|*|*move 2
|choice|move recover|move icefang
|
|move|p2a: Gyarados|Ice Fang|p1a: Cradily
|-supereffective|p1a: Cradily
|-damage|p1a: Cradily|21\/327
|move|p1a: Cradily|Recover|p1a: Cradily
|-heal|p1a: Cradily|185\/327
|
|-heal|p1a: Cradily|205\/327|[from] item: Leftovers
|upkeep
|turn|26
|choice|*|*switch 6
|choice|*move 3|*
|choice|move recover|switch 6
|
|switch|p2a: Clefable|Clefable, F|332\/332
|move|p1a: Cradily|Recover|p1a: Cradily
|-heal|p1a: Cradily|327\/327
|
|upkeep
|turn|27
|choice|*|*move 3
|choice|*switch 2|*
|choice|switch 2|move moonblast
|
|switch|p1a: Tapu Fini|Tapu Fini|91\/282 tox
|-fieldstart|move: Misty Terrain|[from] ability: Misty Surge|[of] p1a: Tapu Fini
|move|p2a: Clefable|Moonblast|p1a: Tapu Fini
|-damage|p1a: Tapu Fini|24\/282 tox
|-enditem|p1a: Tapu Fini|Wiki Berry|[eat]
|-heal|p1a: Tapu Fini|165\/282 tox|[from] item: Wiki Berry
|
|-damage|p1a: Tapu Fini|148\/282 tox|[from] psn
|upkeep
|turn|28
|choice|*|*move 3
|choice|*switch 5|*
|choice|switch 5|move moonblast
|
|switch|p1a: Gengar|Gengar, M|261\/261
|move|p2a: Clefable|Moonblast|p1a: Gengar
|-resisted|p1a: Gengar
|-damage|p1a: Gengar|192\/261
|
|upkeep
|turn|29
|choice|*move 4|*
|choice|*|*switch 2
|choice|move hiddenpower|switch 2
|
|switch|p2a: Skarmory|Skarmory, M, shiny|272\/272
|move|p1a: Gengar|Hidden Power|p2a: Skarmory
|-damage|p2a: Skarmory|181\/272
|
|upkeep
|turn|30
|choice|*switch 6|*
|choice|*|*move 4
|choice|switch 6|move bravebird
|
|switch|p1a: Gliscor|Gliscor, M|292\/292 tox
|move|p2a: Skarmory|Brave Bird|p1a: Gliscor
|-damage|p1a: Gliscor|217\/292 tox
|-damage|p2a: Skarmory|156\/272|[from] recoil
|
|-heal|p1a: Gliscor|253\/292 tox|[from] ability: Poison Heal
|upkeep
|turn|31
|choice|*|*move 2
|choice|*move 1|*
|choice|move knockoff|move roost
|
|move|p1a: Gliscor|Knock Off|p2a: Skarmory
|-damage|p2a: Skarmory|95\/272
|-damage|p1a: Gliscor|205\/292 tox|[from] item: Rocky Helmet|[of] p2a: Skarmory
|-enditem|p2a: Skarmory|Rocky Helmet|[from] move: Knock Off|[of] p1a: Gliscor
|move|p2a: Skarmory|Roost|p2a: Skarmory
|-heal|p2a: Skarmory|231\/272
|
|-heal|p1a: Gliscor|241\/292 tox|[from] ability: Poison Heal
|-fieldend|Misty Terrain
|upkeep
|turn|32
|choice|*|*move 3
|choice|*move 1|*
|choice|move knockoff|move stealthrock
|
|move|p1a: Gliscor|Knock Off|p2a: Skarmory
|-damage|p2a: Skarmory|192\/272
|move|p2a: Skarmory|Stealth Rock|p1a: Gliscor
|-sidestart|p1: Cloed|move: Stealth Rock
|
|-heal|p1a: Gliscor|277\/292 tox|[from] ability: Poison Heal
|upkeep
|turn|33
|choice|*move 3|*
|choice|*|*switch 6
|choice|move earthquake|switch 6
|
|switch|p2a: Gyarados|Gyarados, M|286\/331
|-ability|p2a: Gyarados|Intimidate|boost
|-unboost|p1a: Gliscor|atk|1
|move|p1a: Gliscor|Earthquake|p2a: Gyarados
|-immune|p2a: Gyarados|[msg]
|
|-heal|p1a: Gliscor|292\/292 tox|[from] ability: Poison Heal
|upkeep
|turn|34
|choice|*switch 2|*
|choice|*|*move 2
|choice|switch 2|move icefang
|
|switch|p1a: Cradily|Cradily, F|327\/327
|-damage|p1a: Cradily|287\/327|[from] Stealth Rock
|move|p2a: Gyarados|Ice Fang|p1a: Cradily
|-supereffective|p1a: Cradily
|-damage|p1a: Cradily|179\/327
|
|-heal|p1a: Cradily|199\/327|[from] item: Leftovers
|upkeep
|turn|35
|choice|*|*switch 5
|choice|*switch 6|*
|choice|switch 6|switch 5
|
|switch|p2a: Galvantula|Galvantula, F, shiny|282\/282
|switch|p1a: Gengar|Gengar, M|192\/261
|-damage|p1a: Gengar|160\/261|[from] Stealth Rock
|
|upkeep
|turn|36
|choice|*|*move 4
|choice|*move 2|*
|choice|move sludgebomb|move thunderwave
|
|move|p1a: Gengar|Sludge Bomb|p2a: Galvantula
|-enditem|p2a: Galvantula|Focus Sash
|-damage|p2a: Galvantula|1\/282
|-status|p2a: Galvantula|psn
|move|p2a: Galvantula|Thunder Wave|p1a: Gengar
|-status|p1a: Gengar|par
|
|-damage|p2a: Galvantula|0 fnt|[from] psn
|upkeep
|faint|p2a: Galvantula
|choice|*|*switch 3
|choice||switch 3
|
|switch|p2a: Victini|Victini|341\/341
|turn|37
|choice|*|*move 3
|choice|*switch 3|*
|choice|switch 3|move psyshock
|
|switch|p1a: Heatran|Heatran, M|386\/386
|-damage|p1a: Heatran|338\/386|[from] Stealth Rock
|move|p2a: Victini|Psyshock|p1a: Heatran
|-resisted|p1a: Heatran
|-damage|p1a: Heatran|279\/386
|
|upkeep
|turn|38
|choice|*|*move 4
|choice|*|*move 4 zmove
|choice|*move 2|*
|choice|move flashcannon|move celebrate zmove
|
|-zpower|p2a: Victini
|move|p2a: Victini|Z-Celebrate|p2a: Victini|[anim]Celebrate
|-boost|p2a: Victini|atk|1|[zeffect]
|-boost|p2a: Victini|def|1|[zeffect]
|-boost|p2a: Victini|spa|1|[zeffect]
|-boost|p2a: Victini|spd|1|[zeffect]
|-boost|p2a: Victini|spe|1|[zeffect]
|-activate|p2a: Victini|move: Celebrate
|-fail|p2a: Victini
|move|p1a: Heatran|Flash Cannon|p2a: Victini
|-resisted|p2a: Victini
|-damage|p2a: Victini|287\/341
|-unboost|p2a: Victini|spd|1
|
|upkeep
|turn|39
|choice|*|*move 2
|choice|*move 3|*
|choice|move earthpower|move thunderbolt
|
|move|p2a: Victini|Thunderbolt|p1a: Heatran
|-damage|p1a: Heatran|141\/386
|move|p1a: Heatran|Earth Power|p2a: Victini
|-supereffective|p2a: Victini
|-damage|p2a: Victini|51\/341
|
|upkeep
|turn|40
|choice|*|*move 2
|choice|*switch 6|*
|choice|switch 6|move thunderbolt
|
|switch|p1a: Cradily|Cradily, F|199\/327
|-damage|p1a: Cradily|159\/327|[from] Stealth Rock
|move|p2a: Victini|Thunderbolt|p1a: Cradily
|-resisted|p1a: Cradily
|-damage|p1a: Cradily|111\/327
|
|-heal|p1a: Cradily|131\/327|[from] item: Leftovers
|upkeep
|turn|41
|choice|*|*move 1
|choice|*move 3|*
|choice|move recover|move searingshot
|
|move|p2a: Victini|Searing Shot|p1a: Cradily
|-crit|p1a: Cradily
|-damage|p1a: Cradily|0 fnt
|faint|p1a: Cradily
|
|upkeep
|choice|*switch 6|*
|choice|switch 6|
|
|switch|p1a: Heatran|Heatran, M|141\/386
|-damage|p1a: Heatran|93\/386|[from] Stealth Rock
|turn|42
|choice|*|*move 2
|choice|*move 3|*
|choice|move earthpower|move thunderbolt
|
|move|p2a: Victini|Thunderbolt|p1a: Heatran
|-damage|p1a: Heatran|0 fnt
|faint|p1a: Heatran
|
|upkeep
|choice|*switch 3|*
|choice|switch 3|
|
|switch|p1a: Gengar|Gengar, M|160\/261 par
|-damage|p1a: Gengar|128\/261 par|[from] Stealth Rock
|turn|43
|choice|*|*move 3
|choice|*move 1|*
|choice|move shadowball|move psyshock
|
|move|p2a: Victini|Psyshock|p1a: Gengar
|-supereffective|p1a: Gengar
|-damage|p1a: Gengar|0 fnt
|faint|p1a: Gengar
|
|upkeep
|choice|*switch 4|*
|choice|switch 4|
|
|switch|p1a: Scizor|Scizor-Mega, M|94\/281
|-damage|p1a: Scizor|59\/281|[from] Stealth Rock
|turn|44
|choice|*|*move 1
|choice|*move 2|*
|choice|move bulletpunch|move searingshot
|
|move|p1a: Scizor|Bullet Punch|p2a: Victini
|-resisted|p2a: Victini
|-damage|p2a: Victini|12\/341
|move|p2a: Victini|Searing Shot|p1a: Scizor
|-supereffective|p1a: Scizor
|-damage|p1a: Scizor|0 fnt
|faint|p1a: Scizor
|
|upkeep
|choice|*switch 2|*
|choice|switch 2|
|
|switch|p1a: Gliscor|Gliscor, M|292\/292 tox
|-damage|p1a: Gliscor|256\/292 tox|[from] Stealth Rock
|turn|45
|choice|*|*move 1
|choice|*move 2|*
|choice|move protect|move searingshot
|
|move|p1a: Gliscor|Protect|p1a: Gliscor
|-singleturn|p1a: Gliscor|Protect
|move|p2a: Victini|Searing Shot|p1a: Gliscor
|-activate|p1a: Gliscor|move: Protect
|
|-heal|p1a: Gliscor|292\/292 tox|[from] ability: Poison Heal
|upkeep
|turn|46
|choice|*|*move 1
|choice|*move 3|*
|choice|move earthquake|move searingshot
|
|move|p2a: Victini|Searing Shot|p1a: Gliscor
|-damage|p1a: Gliscor|0 fnt
|faint|p1a: Gliscor
|
|upkeep
|choice|*switch 5|*
|choice|switch 5|
|
|switch|p1a: Tapu Fini|Tapu Fini|148\/282 tox
|-damage|p1a: Tapu Fini|113\/282 tox|[from] Stealth Rock
|-fieldstart|move: Misty Terrain|[from] ability: Misty Surge|[of] p1a: Tapu Fini
|turn|47
|choice|*move 2|*
|choice|*|*move 2
|choice|move icebeam|move thunderbolt
|
|move|p2a: Victini|Thunderbolt|p1a: Tapu Fini
|-supereffective|p1a: Tapu Fini
|-damage|p1a: Tapu Fini|0 fnt
|faint|p1a: Tapu Fini
|
|win|Aleister11
Aleister11 ha ganado 8 PokeDolares.
|raw|Puntaje de Cloed: 1136 &rarr; <strong>1120<\/strong><br \/>(-16 por perder)
|raw|Puntaje de Aleister11: 1194 &rarr; <strong>1215<\/strong><br \/>(+21 por ganar)
</script>
</div>
<div class="battle-log battle-log-inline"><div class="inner"><div class="battle-options"></div><div class="inner"><div class=""><small>Format:</small> <br><strong>OU</strong></div><div class="rated"><strong>Rated battle</strong></div><div class=""><small><em>Cláusula-Mod de Dormir:</em> solo puedes dormir a uno de tus oponentes a la vez.</small></div><div class=""><small><em>Cláusula de Especie:</em> Hasta un Pokémon de cada especie</small></div><div class=""><small><em>Cláusula de Golpe Fulminante:</em> los movimientos fulminantes (OHKO) estan prohibidos</small></div><div class=""><small><em>Cláusula de Veleta:</em> la habilidad Veleta está prohibida</small></div><div class=""><small><em>Cláusula de Movimientos Evasivos:</em> los movimientos de Evasión están prohibidos.</small></div><div class=""><small><em>Cláusula de Batallas Eternas:</em> forzar batallas eternas está prohibido</small></div><div class="chat battle-history"><strong>Cloed's team:</strong> <em style="color:#445566;display:block;">Tapu Fini / Scizor / Heatran / Gliscor / Gengar / Cradily</em></div><div class="chat battle-history"><strong>Aleister11's team:</strong> <em style="color:#445566;display:block;">Gyarados / Clefable / Victini / Galvantula / Skarmory / Landorus-Therian</em></div><div class="spacer battle-history"><br></div><div class="battle-history">Battle started between Cloed and Aleister11!<br></div><div class="spacer battle-history"><br></div><div class="battle-history">Go! <strong>Tapu Fini</strong>!<br></div><div class="spacer battle-history"><br></div><div class="battle-history">Aleister11 sent out <strong>Galvantula</strong>!<br></div><div class="battle-history"><small>[Tapu Fini's Misty Surge]</small><br><small>Mist swirls around the battlefield!</small><br></div><div class="spacer battle-history"><br></div><h2 class="battle-history">Turn 1</h2><div class="spacer battle-history"><br></div><div class="battle-history">Tapu Fini, come back!<br></div><div class="battle-history">Go! <strong>Cradily</strong>!<br></div><div class="spacer battle-history"><br></div><div class="battle-history">The opposing Galvantula used <strong>Sticky Web</strong>!<br></div><div class="battle-history"><small>A sticky web spreads out on the ground around your team!</small><br></div><div class="spacer battle-history"><br></div><h2 class="battle-history">Turn 2</h2><div class="spacer battle-history"><br></div><div class="battle-history">Aleister11 withdrew Galvantula!<br></div><div class="battle-history">Aleister11 sent out <strong>Skarmory</strong>!<br></div><div class="spacer battle-history"><br></div><div class="battle-history">Cradily used <strong>Stockpile</strong>!<br></div><div class="battle-history"><small>Cradily stockpiled 1!</small><br></div><div class="battle-history"><small>Cradily's Defense rose!</small><br></div><div class="battle-history"><small>Cradily's Special Defense rose!</small><br></div><div class="spacer battle-history"><br></div><h2 class="battle-history">Turn 3</h2><div class="spacer battle-history"><br></div><div class="battle-history">The opposing Skarmory used <strong>Stealth Rock</strong>!<br></div><div class="battle-history"><small>Pointed stones float in the air around your team!</small><br></div><div class="spacer battle-history"><br></div><div class="battle-history">Cradily used <strong>Stockpile</strong>!<br></div><div class="battle-history"><small>Cradily stockpiled 2!</small><br></div><div class="battle-history"><small>Cradily's Defense rose!</small><br></div><div class="battle-history"><small>Cradily's Special Defense rose!</small><br></div><div class="spacer battle-history"><br></div><h2 class="battle-history">Turn 4</h2><div class="spacer battle-history"><br></div><div class="battle-history">Aleister11 withdrew Skarmory!<br></div><div class="battle-history">Aleister11 sent out <strong>Clefable</strong>!<br></div><div class="spacer battle-history"><br></div><div class="battle-history">Cradily used <strong>Ancient Power</strong>!<br></div><div class="battle-history"><small>(The opposing Clefable lost <abbr title="−54/332">16.3%</abbr> of its health!)</small><br></div><div class="spacer battle-history"><br></div><div class="battle-history"><small>The opposing Clefable restored a little HP using its Leftovers!</small><br></div><div class="spacer battle-history"><br></div><h2 class="battle-history">Turn 5</h2><div class="spacer battle-history"><br></div><div class="battle-history">Cradily, come back!<br></div><div class="battle-history">Go! <strong>Tapu Fini</strong>!<br></div><div class="battle-history"><small>Tapu Fini was caught in a sticky web!</small><br></div><div class="battle-history"><small>Tapu Fini's Speed fell!</small><br></div><div class="battle-history"><small>Pointed stones dug into Tapu Fini!</small><br></div><div class="spacer battle-history"><br></div><div class="battle-history">The opposing Clefable used <strong>Wish</strong>!<br></div><div class="spacer battle-history"><br></div><div class="battle-history"><small>The opposing Clefable restored a little HP using its Leftovers!</small><br></div><div class="battle-history"><small>The mist disappeared from the battlefield.</small><br></div><div class="spacer battle-history"><br></div><h2 class="battle-history">Turn 6</h2><div class="spacer battle-history"><br></div><div class="battle-history">The opposing Clefable used <strong>Toxic</strong>!<br></div><div class="battle-history"><small>Tapu Fini was badly poisoned!</small><br></div><div class="spacer battle-history"><br></div><div class="battle-history">Tapu Fini used <strong>Defog</strong>!<br></div><div class="battle-history"><small>The opposing Clefable's evasiveness fell!</small><br></div><div class="battle-history"><small>The pointed stones disappeared from around your team!</small><br></div><div class="battle-history"><small>The sticky web has disappeared from the ground around your team!</small><br></div><div class="spacer battle-history"><br></div><div class="battle-history"><small>Clefable's wish came true!</small><br></div><div class="battle-history"><small>Tapu Fini was hurt by poison!</small><br></div><div class="spacer battle-history"><br></div><h2 class="battle-history">Turn 7</h2><div class="spacer battle-history"><br></div><div class="battle-history">Tapu Fini, come back!<br></div><div class="battle-history">Go! <strong>Scizor</strong>!<br></div><div class="spacer battle-history"><br></div><div class="battle-history">The opposing Clefable used <strong>Wish</strong>!<br></div><div class="spacer battle-history"><br></div><h2 class="battle-history">Turn 8</h2><div class="spacer battle-history"><br></div><div class="battle-history">Aleister11 withdrew Clefable!<br></div><div class="battle-history">Aleister11 sent out Landorus (<strong>Landorus-Therian</strong>)!<br></div><div class="battle-history"><small>[The opposing Landorus's Intimidate]</small><br></div><div class="battle-history"><small>Scizor's Attack fell!</small><br></div><div class="spacer battle-history"><br></div><div class="battle-history"><small>Scizor's Scizorite is reacting to the Key Stone!</small><br>Scizor has Mega Evolved into Mega Scizor!<br></div><div class="spacer battle-history"><br></div><div class="battle-history">Scizor used <strong>Bullet Punch</strong>!<br></div><div class="battle-history"><small>(The opposing Landorus lost <abbr title="−79/319">24.8%</abbr> of its health!)</small><br></div><div class="spacer battle-history"><br></div><div class="battle-history"><small>Clefable's wish came true!</small><br></div><div class="spacer battle-history"><br></div><h2 class="battle-history">Turn 9</h2><div class="spacer battle-history"><br></div><div class="battle-history">The opposing Landorus used <strong>Earthquake</strong>!<br></div><div class="battle-history"><small>(Scizor lost <abbr title="−135/281">48.0%</abbr> of its health!)</small><br></div><div class="spacer battle-history"><br></div><div class="battle-history">Scizor used <strong>U-turn</strong>!<br></div><div class="battle-history"><small>It's not very effective...</small><br></div><div class="battle-history"><small>(The opposing Landorus lost <abbr title="−46/319">14.4%</abbr> of its health!)</small><br></div><div class="spacer battle-history"><br></div><div class="battle-history">Scizor went back to Cloed!<br></div><div class="battle-history">Go! <strong>Tapu Fini</strong>!<br></div><div class="battle-history"><small>[Tapu Fini's Misty Surge]</small><br><small>Mist swirls around the battlefield!</small><br></div><div class="spacer battle-history"><br></div><div class="battle-history"><small>Tapu Fini was hurt by poison!</small><br></div><div class="spacer battle-history"><br></div><h2 class="battle-history">Turn 10</h2><div class="spacer battle-history"><br></div><div class="battle-history">Aleister11 withdrew Landorus!<br></div><div class="battle-history">Aleister11 sent out <strong>Clefable</strong>!<br></div><div class="spacer battle-history"><br></div><div class="battle-history">Tapu Fini, come back!<br></div><div class="battle-history">Go! <strong>Gliscor</strong>!<br></div><div class="spacer battle-history"><br></div><div class="battle-history"><small>Gliscor was badly poisoned!</small><br></div><div class="spacer battle-history"><br></div><h2 class="battle-history">Turn 11</h2><div class="spacer battle-history"><br></div><div class="battle-history">Aleister11 withdrew Clefable!<br></div><div class="battle-history">Aleister11 sent out <strong>Gyarados</strong>!<br></div><div class="battle-history"><small>[The opposing Gyarados's Intimidate]</small><br></div><div class="battle-history"><small>Gliscor's Attack fell!</small><br></div><div class="spacer battle-history"><br></div><div class="battle-history">Gliscor used <strong>Knock Off</strong>!<br></div><div class="battle-history"><small>(The opposing Gyarados lost <abbr title="−47/331">14.2%</abbr> of its health!)</small><br></div><div class="spacer battle-history"><br></div><h2 class="battle-history">Turn 12</h2><div class="spacer battle-history"><br></div><div class="battle-history">Gliscor, come back!<br></div><div class="battle-history">Go! <strong>Cradily</strong>!<br></div><div class="spacer battle-history"><br></div><div class="battle-history">The opposing Gyarados used <strong>Dragon Dance</strong>!<br></div><div class="battle-history"><small>The opposing Gyarados's Attack rose!</small><br></div><div class="battle-history"><small>The opposing Gyarados's Speed rose!</small><br></div><div class="spacer battle-history"><br></div><h2 class="battle-history">Turn 13</h2><div class="spacer battle-history"><br></div><div class="battle-history">The opposing Gyarados used <strong>Earthquake</strong>!<br></div><div class="battle-history"><small>(Cradily lost <abbr title="−129/327">39.4%</abbr> of its health!)</small><br></div><div class="spacer battle-history"><br></div><div class="battle-history">Cradily used <strong>Stockpile</strong>!<br></div><div class="battle-history"><small>Cradily stockpiled 1!</small><br></div><div class="battle-history"><small>Cradily's Defense rose!</small><br></div><div class="battle-history"><small>Cradily's Special Defense rose!</small><br></div><div class="spacer battle-history"><br></div><div class="battle-history"><small>Cradily restored a little HP using its Leftovers!</small><br></div><div class="battle-history"><small>The mist disappeared from the battlefield.</small><br></div><div class="spacer battle-history"><br></div><h2 class="battle-history">Turn 14</h2><div class="spacer battle-history"><br></div><div class="battle-history">Aleister11 withdrew Gyarados!<br></div><div class="battle-history">Aleister11 sent out <strong>Clefable</strong>!<br></div><div class="spacer battle-history"><br></div><div class="battle-history">Cradily used <strong>Recover</strong>!<br></div><div class="battle-history"><small>Cradily restored its HP.</small><br></div><div class="spacer battle-history"><br></div><h2 class="battle-history">Turn 15</h2><div class="spacer battle-history"><br></div><div class="battle-history">Cradily, come back!<br></div><div class="battle-history">Go! <strong>Tapu Fini</strong>!<br></div><div class="battle-history"><small>[Tapu Fini's Misty Surge]</small><br><small>Mist swirls around the battlefield!</small><br></div><div class="spacer battle-history"><br></div><div class="battle-history">The opposing Clefable used <strong>Moonblast</strong>!<br></div><div class="battle-history"><small>A critical hit!</small><br></div><div class="battle-history"><small>(Tapu Fini lost <abbr title="−105/282">37.2%</abbr> of its health!)</small><br></div><div class="spacer battle-history"><br></div><div class="battle-history"><small>Tapu Fini was hurt by poison!</small><br></div><div class="spacer battle-history"><br></div><h2 class="battle-history">Turn 16</h2><div class="spacer battle-history"><br></div><div class="battle-history">Tapu Fini, come back!<br></div><div class="battle-history">Go! Scizor (<strong>Scizor-Mega</strong>)!<br></div><div class="spacer battle-history"><br></div><div class="battle-history">The opposing Clefable used <strong>Wish</strong>!<br></div><div class="spacer battle-history"><br></div><h2 class="battle-history">Turn 17</h2><div class="spacer battle-history"><br></div><div class="battle-history">Aleister11 withdrew Clefable!<br></div><div class="battle-history">Aleister11 sent out <strong>Gyarados</strong>!<br></div><div class="battle-history"><small>[The opposing Gyarados's Intimidate]</small><br></div><div class="battle-history"><small>Scizor's Attack fell!</small><br></div><div class="spacer battle-history"><br></div><div class="battle-history">Scizor used <strong>Swords Dance</strong>!<br></div><div class="battle-history"><small>Scizor's Attack rose sharply!</small><br></div><div class="spacer battle-history"><br></div><div class="battle-history"><small>Clefable's wish came true!</small><br></div><div class="spacer battle-history"><br></div><h2 class="battle-history">Turn 18</h2><div class="spacer battle-history"><br></div><div class="battle-history">Scizor, come back!<br></div><div class="battle-history">Go! <strong>Cradily</strong>!<br></div><div class="spacer battle-history"><br></div><div class="battle-history">The opposing Gyarados used <strong>Dragon Dance</strong>!<br></div><div class="battle-history"><small>The opposing Gyarados's Attack rose!</small><br></div><div class="battle-history"><small>The opposing Gyarados's Speed rose!</small><br></div><div class="spacer battle-history"><br></div><h2 class="battle-history">Turn 19</h2><div class="spacer battle-history"><br></div><div class="battle-history">Aleister11 withdrew Gyarados!<br></div><div class="battle-history">Aleister11 sent out Landorus (<strong>Landorus-Therian</strong>)!<br></div><div class="battle-history"><small>[The opposing Landorus's Intimidate]</small><br></div><div class="battle-history"><small>Cradily's Attack fell!</small><br></div><div class="spacer battle-history"><br></div><div class="battle-history">Cradily used <strong>Stockpile</strong>!<br></div><div class="battle-history"><small>Cradily stockpiled 1!</small><br></div><div class="battle-history"><small>Cradily's Defense rose!</small><br></div><div class="battle-history"><small>Cradily's Special Defense rose!</small><br></div><div class="spacer battle-history"><br></div><div class="battle-history"><small>The mist disappeared from the battlefield.</small><br></div><div class="spacer battle-history"><br></div><h2 class="battle-history">Turn 20</h2><div class="spacer battle-history"><br></div><div class="battle-history">The opposing Landorus used <strong>Superpower</strong>!<br></div><div class="battle-history"><small>It's super effective!</small><br></div><div class="battle-history"><small>(Cradily lost <abbr title="−166/327">50.8%</abbr> of its health!)</small><br></div><div class="battle-history"><small>The opposing Landorus's Attack fell!</small><br></div><div class="battle-history"><small>The opposing Landorus's Defense fell!</small><br></div><div class="spacer battle-history"><br></div><div class="battle-history">Cradily used <strong>Ancient Power</strong>!<br></div><div class="battle-history"><small>(The opposing Landorus lost <abbr title="−73/319">22.9%</abbr> of its health!)</small><br></div><div class="spacer battle-history"><br></div><div class="battle-history"><small>Cradily restored a little HP using its Leftovers!</small><br></div><div class="spacer battle-history"><br></div><h2 class="battle-history">Turn 21</h2><div class="spacer battle-history"><br></div><div class="battle-history">Aleister11 withdrew Landorus!<br></div><div class="battle-history">Aleister11 sent out <strong>Clefable</strong>!<br></div><div class="spacer battle-history"><br></div><div class="battle-history">Cradily used <strong>Stockpile</strong>!<br></div><div class="battle-history"><small>Cradily stockpiled 2!</small><br></div><div class="battle-history"><small>Cradily's Defense rose!</small><br></div><div class="battle-history"><small>Cradily's Special Defense rose!</small><br></div><div class="spacer battle-history"><br></div><div class="battle-history"><small>Cradily restored a little HP using its Leftovers!</small><br></div><div class="spacer battle-history"><br></div><h2 class="battle-history">Turn 22</h2><div class="spacer battle-history"><br></div><div class="battle-history">Cradily, come back!<br></div><div class="battle-history">Go! Scizor (<strong>Scizor-Mega</strong>)!<br></div><div class="spacer battle-history"><br></div><div class="battle-history">The opposing Clefable used <strong>Moonblast</strong>!<br></div><div class="battle-history"><small>It's not very effective...</small><br></div><div class="battle-history"><small>(Scizor lost <abbr title="−52/281">18.5%</abbr> of its health!)</small><br></div><div class="spacer battle-history"><br></div><h2 class="battle-history">Turn 23</h2><div class="spacer battle-history"><br></div><div class="battle-history">Aleister11 withdrew Clefable!<br></div><div class="battle-history">Aleister11 sent out <strong>Gyarados</strong>!<br></div><div class="battle-history"><small>[The opposing Gyarados's Intimidate]</small><br></div><div class="battle-history"><small>Scizor's Attack fell!</small><br></div><div class="spacer battle-history"><br></div><div class="battle-history">Scizor used <strong>Bullet Punch</strong>!<br></div><div class="battle-history"><small>It's not very effective...</small><br></div><div class="battle-history"><small>(The opposing Gyarados lost <abbr title="−45/331">13.6%</abbr> of its health!)</small><br></div><div class="spacer battle-history"><br></div><h2 class="battle-history">Turn 24</h2><div class="spacer battle-history"><br></div><div class="battle-history">Scizor, come back!<br></div><div class="battle-history">Go! <strong>Cradily</strong>!<br></div><div class="spacer battle-history"><br></div><div class="battle-history">The opposing Gyarados used <strong>Earthquake</strong>!<br></div><div class="battle-history"><small>(Cradily lost <abbr title="−84/327">25.7%</abbr> of its health!)</small><br></div><div class="spacer battle-history"><br></div><div class="battle-history"><small>Cradily restored a little HP using its Leftovers!</small><br></div><div class="spacer battle-history"><br></div><h2 class="battle-history">Turn 25</h2><div class="spacer battle-history"><br></div><div class="battle-history">The opposing Gyarados used <strong>Ice Fang</strong>!<br></div><div class="battle-history"><small>It's super effective!</small><br></div><div class="battle-history"><small>(Cradily lost <abbr title="−116/327">35.5%</abbr> of its health!)</small><br></div><div class="spacer battle-history"><br></div><div class="battle-history">Cradily used <strong>Recover</strong>!<br></div><div class="battle-history"><small>Cradily restored its HP.</small><br></div><div class="spacer battle-history"><br></div><div class="battle-history"><small>Cradily restored a little HP using its Leftovers!</small><br></div><div class="spacer battle-history"><br></div><h2 class="battle-history">Turn 26</h2><div class="spacer battle-history"><br></div><div class="battle-history">Aleister11 withdrew Gyarados!<br></div><div class="battle-history">Aleister11 sent out <strong>Clefable</strong>!<br></div><div class="spacer battle-history"><br></div><div class="battle-history">Cradily used <strong>Recover</strong>!<br></div><div class="battle-history"><small>Cradily restored its HP.</small><br></div><div class="spacer battle-history"><br></div><h2 class="battle-history">Turn 27</h2><div class="spacer battle-history"><br></div><div class="battle-history">Cradily, come back!<br></div><div class="battle-history">Go! <strong>Tapu Fini</strong>!<br></div><div class="battle-history"><small>[Tapu Fini's Misty Surge]</small><br><small>Mist swirls around the battlefield!</small><br></div><div class="spacer battle-history"><br></div><div class="battle-history">The opposing Clefable used <strong>Moonblast</strong>!<br></div><div class="battle-history"><small>(Tapu Fini lost <abbr title="−67/282">23.8%</abbr> of its health!)</small><br></div><div class="battle-history"><small>Tapu Fini ate its Wiki Berry!</small><br></div><div class="battle-history"><small>Tapu Fini restored HP using its Wiki Berry!</small><br></div><div class="spacer battle-history"><br></div><div class="battle-history"><small>Tapu Fini was hurt by poison!</small><br></div><div class="spacer battle-history"><br></div><h2 class="battle-history">Turn 28</h2><div class="spacer battle-history"><br></div><div class="battle-history">Tapu Fini, come back!<br></div><div class="battle-history">Go! <strong>Gengar</strong>!<br></div><div class="spacer battle-history"><br></div><div class="battle-history">The opposing Clefable used <strong>Moonblast</strong>!<br></div><div class="battle-history"><small>It's not very effective...</small><br></div><div class="battle-history"><small>(Gengar lost <abbr title="−69/261">26.4%</abbr> of its health!)</small><br></div><div class="spacer battle-history"><br></div><h2 class="battle-history">Turn 29</h2><div class="spacer battle-history"><br></div><div class="battle-history">Aleister11 withdrew Clefable!<br></div><div class="battle-history">Aleister11 sent out <strong>Skarmory</strong>!<br></div><div class="spacer battle-history"><br></div><div class="battle-history">Gengar used <strong>Hidden Power</strong>!<br></div><div class="battle-history"><small>(The opposing Skarmory lost <abbr title="−91/272">33.5%</abbr> of its health!)</small><br></div><div class="spacer battle-history"><br></div><h2 class="battle-history">Turn 30</h2><div class="spacer battle-history"><br></div><div class="battle-history">Gengar, come back!<br></div><div class="battle-history">Go! <strong>Gliscor</strong>!<br></div><div class="spacer battle-history"><br></div><div class="battle-history">The opposing Skarmory used <strong>Brave Bird</strong>!<br></div><div class="battle-history"><small>(Gliscor lost <abbr title="−75/292">25.7%</abbr> of its health!)</small><br></div><div class="battle-history"><small>The opposing Skarmory is damaged by the recoil!</small><br></div><div class="spacer battle-history"><br></div><div class="battle-history"><small>[Gliscor's Poison Heal]</small><br><small>Gliscor restored its HP.</small><br></div><div class="spacer battle-history"><br></div><h2 class="battle-history">Turn 31</h2><div class="spacer battle-history"><br></div><div class="battle-history">Gliscor used <strong>Knock Off</strong>!<br></div><div class="battle-history"><small>(The opposing Skarmory lost <abbr title="−61/272">22.4%</abbr> of its health!)</small><br></div><div class="battle-history"><small>Gliscor was hurt by the Rocky Helmet!</small><br></div><div class="battle-history"><small>Gliscor knocked off the opposing Skarmory's Rocky Helmet!</small><br></div><div class="spacer battle-history"><br></div><div class="battle-history">The opposing Skarmory used <strong>Roost</strong>!<br></div><div class="battle-history"><small>The opposing Skarmory restored its HP.</small><br></div><div class="spacer battle-history"><br></div><div class="battle-history"><small>[Gliscor's Poison Heal]</small><br><small>Gliscor restored its HP.</small><br></div><div class="battle-history"><small>The mist disappeared from the battlefield.</small><br></div><div class="spacer battle-history"><br></div><h2 class="battle-history">Turn 32</h2><div class="spacer battle-history"><br></div><div class="battle-history">Gliscor used <strong>Knock Off</strong>!<br></div><div class="battle-history"><small>(The opposing Skarmory lost <abbr title="−39/272">14.3%</abbr> of its health!)</small><br></div><div class="spacer battle-history"><br></div><div class="battle-history">The opposing Skarmory used <strong>Stealth Rock</strong>!<br></div><div class="battle-history"><small>Pointed stones float in the air around your team!</small><br></div><div class="spacer battle-history"><br></div><div class="battle-history"><small>[Gliscor's Poison Heal]</small><br><small>Gliscor restored its HP.</small><br></div><div class="spacer battle-history"><br></div><h2 class="battle-history">Turn 33</h2><div class="spacer battle-history"><br></div><div class="battle-history">Aleister11 withdrew Skarmory!<br></div><div class="battle-history">Aleister11 sent out <strong>Gyarados</strong>!<br></div><div class="battle-history"><small>[The opposing Gyarados's Intimidate]</small><br></div><div class="battle-history"><small>Gliscor's Attack fell!</small><br></div><div class="spacer battle-history"><br></div><div class="battle-history">Gliscor used <strong>Earthquake</strong>!<br></div><div class="battle-history"><small>It doesn't affect the opposing Gyarados...</small><br></div><div class="spacer battle-history"><br></div><div class="battle-history"><small>[Gliscor's Poison Heal]</small><br><small>Gliscor restored its HP.</small><br></div><div class="spacer battle-history"><br></div><h2 class="battle-history">Turn 34</h2><div class="spacer battle-history"><br></div><div class="battle-history">Gliscor, come back!<br></div><div class="battle-history">Go! <strong>Cradily</strong>!<br></div><div class="battle-history"><small>Pointed stones dug into Cradily!</small><br></div><div class="spacer battle-history"><br></div><div class="battle-history">The opposing Gyarados used <strong>Ice Fang</strong>!<br></div><div class="battle-history"><small>It's super effective!</small><br></div><div class="battle-history"><small>(Cradily lost <abbr title="−108/327">33.0%</abbr> of its health!)</small><br></div><div class="spacer battle-history"><br></div><div class="battle-history"><small>Cradily restored a little HP using its Leftovers!</small><br></div><div class="spacer battle-history"><br></div><h2 class="battle-history">Turn 35</h2><div class="spacer battle-history"><br></div><div class="battle-history">Aleister11 withdrew Gyarados!<br></div><div class="battle-history">Aleister11 sent out <strong>Galvantula</strong>!<br></div><div class="spacer battle-history"><br></div><div class="battle-history">Cradily, come back!<br></div><div class="battle-history">Go! <strong>Gengar</strong>!<br></div><div class="battle-history"><small>Pointed stones dug into Gengar!</small><br></div><div class="spacer battle-history"><br></div><h2 class="battle-history">Turn 36</h2><div class="spacer battle-history"><br></div><div class="battle-history">Gengar used <strong>Sludge Bomb</strong>!<br></div><div class="battle-history"><small>The opposing Galvantula hung on using its Focus Sash!</small><br></div><div class="battle-history"><small>(The opposing Galvantula lost <abbr title="−281/282">99.6%</abbr> of its health!)</small><br></div><div class="battle-history"><small>The opposing Galvantula was poisoned!</small><br></div><div class="spacer battle-history"><br></div><div class="battle-history">The opposing Galvantula used <strong>Thunder Wave</strong>!<br></div><div class="battle-history"><small>Gengar is paralyzed! It may be unable to move!</small><br></div><div class="spacer battle-history"><br></div><div class="battle-history"><small>The opposing Galvantula was hurt by poison!</small><br></div><div class="spacer battle-history"><br></div><div class="battle-history">The opposing Galvantula fainted!<br></div><div class="spacer battle-history"><br></div><div class="battle-history">Aleister11 sent out <strong>Victini</strong>!<br></div><div class="spacer battle-history"><br></div><h2 class="battle-history">Turn 37</h2><div class="spacer battle-history"><br></div><div class="battle-history">Gengar, come back!<br></div><div class="battle-history">Go! <strong>Heatran</strong>!<br></div><div class="battle-history"><small>Pointed stones dug into Heatran!</small><br></div><div class="spacer battle-history"><br></div><div class="battle-history">The opposing Victini used <strong>Psyshock</strong>!<br></div><div class="battle-history"><small>It's not very effective...</small><br></div><div class="battle-history"><small>(Heatran lost <abbr title="−59/386">15.3%</abbr> of its health!)</small><br></div><div class="spacer battle-history"><br></div><h2 class="battle-history">Turn 38</h2><div class="spacer battle-history"><br></div><div class="battle-history"><small>The opposing Victini surrounded itself with its Z-Power!</small><br></div><div class="spacer battle-history"><br></div><div class="battle-history">The opposing Victini used <strong>Z-Celebrate</strong>!<br></div><div class="battle-history"><small>The opposing Victini boosted its Attack using its Z-Power!</small><br></div><div class="battle-history"><small>The opposing Victini boosted its Defense using its Z-Power!</small><br></div><div class="battle-history"><small>The opposing Victini boosted its Special Attack using its Z-Power!</small><br></div><div class="battle-history"><small>The opposing Victini boosted its Special Defense using its Z-Power!</small><br></div><div class="battle-history"><small>The opposing Victini boosted its Speed using its Z-Power!</small><br></div><div class="battle-history"><small>Congratulations, Aleister11!</small><br></div><div class="battle-history"><small>But it failed!</small><br></div><div class="spacer battle-history"><br></div><div class="battle-history">Heatran used <strong>Flash Cannon</strong>!<br></div><div class="battle-history"><small>It's not very effective...</small><br></div><div class="battle-history"><small>(The opposing Victini lost <abbr title="−54/341">15.8%</abbr> of its health!)</small><br></div><div class="battle-history"><small>The opposing Victini's Special Defense fell!</small><br></div><div class="spacer battle-history"><br></div><h2 class="battle-history">Turn 39</h2><div class="spacer battle-history"><br></div><div class="battle-history">The opposing Victini used <strong>Thunderbolt</strong>!<br></div><div class="battle-history"><small>(Heatran lost <abbr title="−138/386">35.8%</abbr> of its health!)</small><br></div><div class="spacer battle-history"><br></div><div class="battle-history">Heatran used <strong>Earth Power</strong>!<br></div><div class="battle-history"><small>It's super effective!</small><br></div><div class="battle-history"><small>(The opposing Victini lost <abbr title="−236/341">69.2%</abbr> of its health!)</small><br></div><div class="spacer battle-history"><br></div><h2 class="battle-history">Turn 40</h2><div class="spacer battle-history"><br></div><div class="battle-history">Heatran, come back!<br></div><div class="battle-history">Go! <strong>Cradily</strong>!<br></div><div class="battle-history"><small>Pointed stones dug into Cradily!</small><br></div><div class="spacer battle-history"><br></div><div class="battle-history">The opposing Victini used <strong>Thunderbolt</strong>!<br></div><div class="battle-history"><small>It's not very effective...</small><br></div><div class="battle-history"><small>(Cradily lost <abbr title="−48/327">14.7%</abbr> of its health!)</small><br></div><div class="spacer battle-history"><br></div><div class="battle-history"><small>Cradily restored a little HP using its Leftovers!</small><br></div><div class="spacer battle-history"><br></div><h2 class="battle-history">Turn 41</h2><div class="spacer battle-history"><br></div><div class="battle-history">The opposing Victini used <strong>Searing Shot</strong>!<br></div><div class="battle-history"><small>A critical hit!</small><br></div><div class="battle-history"><small>(Cradily lost <abbr title="−131/327">40.1%</abbr> of its health!)</small><br></div><div class="spacer battle-history"><br></div><div class="battle-history">Cradily fainted!<br></div><div class="spacer battle-history"><br></div><div class="battle-history">Go! <strong>Heatran</strong>!<br></div><div class="battle-history"><small>Pointed stones dug into Heatran!</small><br></div><div class="spacer battle-history"><br></div><h2 class="battle-history">Turn 42</h2><div class="spacer battle-history"><br></div><div class="battle-history">The opposing Victini used <strong>Thunderbolt</strong>!<br></div><div class="battle-history"><small>(Heatran lost <abbr title="−93/386">24.1%</abbr> of its health!)</small><br></div><div class="spacer battle-history"><br></div><div class="battle-history">Heatran fainted!<br></div><div class="spacer battle-history"><br></div><div class="battle-history">Go! <strong>Gengar</strong>!<br></div><div class="battle-history"><small>Pointed stones dug into Gengar!</small><br></div><div class="spacer battle-history"><br></div><h2 class="battle-history">Turn 43</h2><div class="spacer battle-history"><br></div><div class="battle-history">The opposing Victini used <strong>Psyshock</strong>!<br></div><div class="battle-history"><small>It's super effective!</small><br></div><div class="battle-history"><small>(Gengar lost <abbr title="−128/261">49.0%</abbr> of its health!)</small><br></div><div class="spacer battle-history"><br></div><div class="battle-history">Gengar fainted!<br></div><div class="spacer battle-history"><br></div><div class="battle-history">Go! Scizor (<strong>Scizor-Mega</strong>)!<br></div><div class="battle-history"><small>Pointed stones dug into Scizor!</small><br></div><div class="spacer battle-history"><br></div><h2 class="battle-history">Turn 44</h2><div class="spacer battle-history"><br></div><div class="battle-history">Scizor used <strong>Bullet Punch</strong>!<br></div><div class="battle-history"><small>It's not very effective...</small><br></div><div class="battle-history"><small>(The opposing Victini lost <abbr title="−39/341">11.4%</abbr> of its health!)</small><br></div><div class="spacer battle-history"><br></div><div class="battle-history">The opposing Victini used <strong>Searing Shot</strong>!<br></div><div class="battle-history"><small>It's super effective!</small><br></div><div class="battle-history"><small>(Scizor lost <abbr title="−59/281">21.0%</abbr> of its health!)</small><br></div><div class="spacer battle-history"><br></div><div class="battle-history">Scizor fainted!<br></div><div class="spacer battle-history"><br></div><div class="battle-history">Go! <strong>Gliscor</strong>!<br></div><div class="battle-history"><small>Pointed stones dug into Gliscor!</small><br></div><div class="spacer battle-history"><br></div><h2 class="battle-history">Turn 45</h2><div class="spacer battle-history"><br></div><div class="battle-history">Gliscor used <strong>Protect</strong>!<br></div><div class="battle-history"><small>Gliscor protected itself!</small><br></div><div class="spacer battle-history"><br></div><div class="battle-history">The opposing Victini used <strong>Searing Shot</strong>!<br></div><div class="battle-history"><small>Gliscor protected itself!</small><br></div><div class="spacer battle-history"><br></div><div class="battle-history"><small>[Gliscor's Poison Heal]</small><br><small>Gliscor restored its HP.</small><br></div><div class="spacer battle-history"><br></div><h2 class="battle-history">Turn 46</h2><div class="spacer battle-history"><br></div><div class="battle-history">The opposing Victini used <strong>Searing Shot</strong>!<br></div><div class="battle-history"><small>(Gliscor lost <abbr title="−292/292">100%</abbr> of its health!)</small><br></div><div class="spacer battle-history"><br></div><div class="battle-history">Gliscor fainted!<br></div><div class="spacer battle-history"><br></div><div class="battle-history">Go! <strong>Tapu Fini</strong>!<br></div><div class="battle-history"><small>Pointed stones dug into Tapu Fini!</small><br></div><div class="battle-history"><small>[Tapu Fini's Misty Surge]</small><br><small>Mist swirls around the battlefield!</small><br></div><div class="spacer battle-history"><br></div><h2 class="battle-history">Turn 47</h2><div class="spacer battle-history"><br></div><div class="battle-history">The opposing Victini used <strong>Thunderbolt</strong>!<br></div><div class="battle-history"><small>It's super effective!</small><br></div><div class="battle-history"><small>(Tapu Fini lost <abbr title="−113/282">40.1%</abbr> of its health!)</small><br></div><div class="spacer battle-history"><br></div><div class="battle-history">Tapu Fini fainted!<br></div><div class="spacer battle-history"><br></div><div class="battle-history"><strong>Aleister11</strong> won the battle!<br></div><div class="chat">Aleister11 ha ganado 8 PokeDolares.</div><div class="chat">Puntaje de Cloed: 1136 → <strong>1120</strong><br>(-16 por perder)</div><div class="chat">Puntaje de Aleister11: 1194 → <strong>1215</strong><br>(+21 por ganar)</div></div><div class="inner-preempt"></div></div></div>
</div>
<script>
let daily = Math.floor(Date.now()/1000/60/60/24);document.write('<script src="https://play.pokemonshowdown.com/js/replay-embed.js?version'+daily+'"></'+'script>');
</script>
