<!DOCTYPE html>
<meta charset="utf-8" />
<!-- version 1 -->
<title>OU replay: Cray Ray vs. Mahvel Party</title>
<style>
html,body {font-family:Verdana, sans-serif;font-size:10pt;margin:0;padding:0;}body{padding:12px 0;} .battle-log {font-family:Verdana, sans-serif;font-size:10pt;} .battle-log-inline {border:1px solid #AAAAAA;background:#EEF2F5;color:black;max-width:640px;margin:0 auto 80px;padding-bottom:5px;} .battle-log .inner {padding:4px 8px 0px 8px;} .battle-log .inner-preempt {padding:0 8px 4px 8px;} .battle-log .inner-after {margin-top:0.5em;} .battle-log h2 {margin:0.5em -8px;padding:4px 8px;border:1px solid #AAAAAA;background:#E0E7EA;border-left:0;border-right:0;font-family:Verdana, sans-serif;font-size:13pt;} .battle-log .chat {vertical-align:middle;padding:3px 0 3px 0;font-size:8pt;} .battle-log .chat strong {color:#40576A;} .battle-log .chat em {padding:1px 4px 1px 3px;color:#000000;font-style:normal;} .chat.mine {background:rgba(0,0,0,0.05);margin-left:-8px;margin-right:-8px;padding-left:8px;padding-right:8px;} .spoiler {color:#BBBBBB;background:#BBBBBB;padding:0px 3px;} .spoiler:hover, .spoiler:active, .spoiler-shown {color:#000000;background:#E2E2E2;padding:0px 3px;} .spoiler a {color:#BBBBBB;} .spoiler:hover a, .spoiler:active a, .spoiler-shown a {color:#2288CC;} .chat code, .chat .spoiler:hover code, .chat .spoiler:active code, .chat .spoiler-shown code {border:1px solid #C0C0C0;background:#EEEEEE;color:black;padding:0 2px;} .chat .spoiler code {border:1px solid #CCCCCC;background:#CCCCCC;color:#CCCCCC;} .battle-log .rated {padding:3px 4px;} .battle-log .rated strong {color:white;background:#89A;padding:1px 4px;border-radius:4px;} .spacer {margin-top:0.5em;} .message-announce {background:#6688AA;color:white;padding:1px 4px 2px;} .message-announce a, .broadcast-green a, .broadcast-blue a, .broadcast-red a {color:#DDEEFF;} .broadcast-green {background-color:#559955;color:white;padding:2px 4px;} .broadcast-blue {background-color:#6688AA;color:white;padding:2px 4px;} .infobox {border:1px solid #6688AA;padding:2px 4px;} .infobox-limited {max-height:200px;overflow:auto;overflow-x:hidden;} .broadcast-red {background-color:#AA5544;color:white;padding:2px 4px;} .message-learn-canlearn {font-weight:bold;color:#228822;text-decoration:underline;} .message-learn-cannotlearn {font-weight:bold;color:#CC2222;text-decoration:underline;} .message-effect-weak {font-weight:bold;color:#CC2222;} .message-effect-resist {font-weight:bold;color:#6688AA;} .message-effect-immune {font-weight:bold;color:#666666;} .message-learn-list {margin-top:0;margin-bottom:0;} .message-throttle-notice, .message-error {color:#992222;} .message-overflow, .chat small.message-overflow {font-size:0pt;} .message-overflow::before {font-size:9pt;content:'...';} .subtle {color:#3A4A66;}
</style>
<div class="wrapper replay-wrapper" style="max-width:1180px;margin:0 auto">
<input type="hidden" name="replayid" value="destiny-ou-419650" />
<div class="battle"></div><div class="battle-log"></div><div class="replay-controls"></div><div class="replay-controls-2"></div>
<h1 style="font-weight:normal;text-align:center"><strong>OU</strong><br /><a href="http://pokemonshowdown.com/users/crayray" class="subtle" target="_blank">Cray Ray</a> vs. <a href="http://pokemonshowdown.com/users/mahvelparty" class="subtle" target="_blank">Mahvel Party</a></h1>
<script type="text/plain" class="battle-log-data">|player|p1|Cray Ray|crayray-5.gif?1e3a7353
|teamsize|p1|6
|player|p2|Mahvel Party|169
|teamsize|p2|6
|teamsize|p1|6
|teamsize|p2|6
|gametype|singles
|gen|7
|tier|OU
|rated
|seed|2386,30121,57691,10006
|rule|Cláusula-Mod de Dormir: solo puedes dormir a uno de tus oponentes a la vez.
|rule|Cláusula de Especie: Hasta un Pokémon de cada especie
|rule|Cláusula de Golpe Fulminante: los movimientos fulminantes (OHKO) estan prohibidos
|rule|Cláusula de Veleta: la habilidad Veleta está prohibida
|rule|Cláusula de Movimientos Evasivos: los movimientos de Evasión están prohibidos.
|rule|Cláusula de Batallas Eternas: forzar batallas eternas está prohibido
|clearpoke
|poke|p1|Mamoswine, M|item
|poke|p1|Victini|item
|poke|p1|Ferrothorn, F|item
|poke|p1|Greninja, M|item
|poke|p1|Latios, M|item
|poke|p1|Landorus-Therian, M|item
|poke|p2|Chandelure, M|item
|poke|p2|Alomomola, F|item
|poke|p2|Medicham, F|item
|poke|p2|Snorlax, F|item
|poke|p2|Landorus-Therian, M|item
|poke|p2|Rotom-Wash|item
|teampreview|undefined
|choice|*|*team 123456
|choice|*team 321456|*
|choice|team 3, 2, 1, 4, 5, 6|team 1, 2, 3, 4, 5, 6
|
|start
|switch|p1a: Ferrothorn|Ferrothorn, F|352\/352
|switch|p2a: Chandelure|Chandelure, M|261\/261
|turn|1
|choice|*switch 4|*
|choice|*|*move 1
|choice|switch 4|move flamethrower
|
|switch|p1a: Greninja|Greninja, M|285\/285
|move|p2a: Chandelure|Flamethrower|p1a: Greninja
|-resisted|p1a: Greninja
|-crit|p1a: Greninja
|-damage|p1a: Greninja|106\/285
|
|upkeep
|turn|2
|choice|*move 2|*
|choice|*|*switch 4
|choice|move darkpulse|switch 4
|
|switch|p2a: Snorlax|Snorlax, F|524\/524
|move|p1a: Greninja|Dark Pulse|p2a: Snorlax
|-damage|p2a: Snorlax|394\/524
|
|-heal|p2a: Snorlax|426\/524|[from] item: Leftovers
|upkeep
|turn|3
|choice|*|*move 4
|choice|*switch 4|*
|choice|switch 4|move yawn
|
|switch|p1a: Ferrothorn|Ferrothorn, F|352\/352
|move|p2a: Snorlax|Yawn|p1a: Ferrothorn
|-start|p1a: Ferrothorn|move: Yawn|[of] p2a: Snorlax
|
|-heal|p2a: Snorlax|458\/524|[from] item: Leftovers
|upkeep
|turn|4
|choice|*move 4|*
|choice|*|*switch 3
|choice|move stealthrock|switch 3
|
|switch|p2a: Medicham|Medicham, F|261\/261
|move|p1a: Ferrothorn|Stealth Rock|p2a: Medicham
|-sidestart|p2: Mahvel Party|move: Stealth Rock
|
|-end|p1a: Ferrothorn|move: Yawn|[silent]
|-status|p1a: Ferrothorn|slp
|upkeep
|turn|5
|choice|*|*move 2 mega
|choice|*move 3|*
|choice|move powerwhip|move highjumpkick mega
|
|-mega|p2a: Medicham|Medicham|Medichamite
|detailschange|p2a: Medicham|Medicham-Mega, F
|move|p2a: Medicham|High Jump Kick|p1a: Ferrothorn
|-supereffective|p1a: Ferrothorn
|-crit|p1a: Ferrothorn
|-damage|p1a: Ferrothorn|0 fnt
|-damage|p2a: Medicham|229\/261|[from] ability: Iron Barbs|[of] p1a: Ferrothorn
|faint|p1a: Ferrothorn
|
|upkeep
|choice|*switch 5|*
|choice|switch 5|
|
|switch|p1a: Latios|Latios, M|301\/301
|turn|6
|choice|*|*switch 3
|choice|*move 1 mega|*
|choice|move psychic mega|switch 3
|
|switch|p2a: Snorlax|Snorlax, F|458\/524
|-damage|p2a: Snorlax|393\/524|[from] Stealth Rock
|-mega|p1a: Latios|Latios|Latiosite
|detailschange|p1a: Latios|Latios-Mega, M
|move|p1a: Latios|Psychic|p2a: Snorlax
|-damage|p2a: Snorlax|258\/524
|
|-heal|p2a: Snorlax|290\/524|[from] item: Leftovers
|upkeep
|turn|7
|choice|*|*move 4
|choice|*switch 6|*
|choice|switch 6|move yawn
|
|switch|p1a: Landorus|Landorus-Therian, M|347\/347
|-ability|p1a: Landorus|Intimidate|boost
|-unboost|p2a: Snorlax|atk|1
|move|p2a: Snorlax|Yawn|p1a: Landorus
|-start|p1a: Landorus|move: Yawn|[of] p2a: Snorlax
|
|-heal|p2a: Snorlax|322\/524|[from] item: Leftovers
|upkeep
|turn|8
|choice|*move 4|*
|choice|*|*switch 6
|choice|move uturn|switch 6
|
|switch|p2a: Rotom|Rotom-Wash|304\/304
|-damage|p2a: Rotom|266\/304|[from] Stealth Rock
|move|p1a: Landorus|U-turn|p2a: Rotom
|-damage|p2a: Rotom|208\/304
|choice|*switch 6|*
|choice|switch 6|
|
|switch|p1a: Latios|Latios-Mega, M|301\/301|[from]move: U-turn
|
|-heal|p2a: Rotom|227\/304|[from] item: Leftovers
|upkeep
|turn|9
|choice|*|*move 2
|choice|*move 1|*
|choice|move psychic|move defog
|
|move|p1a: Latios|Psychic|p2a: Rotom
|-damage|p2a: Rotom|92\/304
|move|p2a: Rotom|Defog|p1a: Latios
|-unboost|p1a: Latios|evasion|1
|-sideend|p2: Mahvel Party|Stealth Rock|[from] move: Defog|[of] p2a: Rotom
|
|-heal|p2a: Rotom|111\/304|[from] item: Leftovers
|upkeep
|turn|10
|choice|*move 1|*
|choice|*|*switch 6
|choice|move psychic|switch 6
|
|switch|p2a: Snorlax|Snorlax, F|322\/524
|move|p1a: Latios|Psychic|p2a: Snorlax
|-damage|p2a: Snorlax|196\/524
|
|-heal|p2a: Snorlax|228\/524|[from] item: Leftovers
|upkeep
|turn|11
|choice|*|*move 4
|choice|*move 1|*
|choice|move psychic|move yawn
|
|move|p1a: Latios|Psychic|p2a: Snorlax
|-damage|p2a: Snorlax|108\/524
|move|p2a: Snorlax|Yawn|p1a: Latios
|-start|p1a: Latios|move: Yawn|[of] p2a: Snorlax
|
|-heal|p2a: Snorlax|140\/524|[from] item: Leftovers
|upkeep
|turn|12
|choice|*switch 6|*
|choice|*|*switch 2
|choice|switch 6|switch 2
|
|switch|p1a: Landorus|Landorus-Therian, M|347\/347
|-ability|p1a: Landorus|Intimidate|boost
|-unboost|p2a: Snorlax|atk|1
|switch|p2a: Alomomola|Alomomola, F|534\/534
|
|upkeep
|turn|13
|choice|*move 4|*
|choice|*|*move 2
|choice|move uturn|move wish
|
|move|p1a: Landorus|U-turn|p2a: Alomomola
|-damage|p2a: Alomomola|468\/534
|choice|*switch 6|*
|choice|switch 6|
|
|switch|p1a: Latios|Latios-Mega, M|301\/301|[from]move: U-turn
|move|p2a: Alomomola|Wish|p2a: Alomomola
|
|-heal|p2a: Alomomola|501\/534|[from] item: Leftovers
|upkeep
|turn|14
|choice|*move 1|*
|choice|*|*switch 2
|choice|move psychic|switch 2
|
|switch|p2a: Snorlax|Snorlax, F|140\/524
|move|p1a: Latios|Psychic|p2a: Snorlax
|-damage|p2a: Snorlax|23\/524
|
|-heal|p2a: Snorlax|290\/524|[from] move: Wish|[wisher] Alomomola
|-heal|p2a: Snorlax|322\/524|[from] item: Leftovers
|upkeep
|turn|15
|choice|*switch 6|*
|choice|*|*move 4
|choice|switch 6|move yawn
|
|switch|p1a: Landorus|Landorus-Therian, M|347\/347
|-ability|p1a: Landorus|Intimidate|boost
|-unboost|p2a: Snorlax|atk|1
|move|p2a: Snorlax|Yawn|p1a: Landorus
|-start|p1a: Landorus|move: Yawn|[of] p2a: Snorlax
|
|-heal|p2a: Snorlax|354\/524|[from] item: Leftovers
|upkeep
|turn|16
|choice|*move 4|*
|choice|*|*move 4
|choice|move uturn|move yawn
|
|move|p1a: Landorus|U-turn|p2a: Snorlax
|-damage|p2a: Snorlax|256\/524
|choice|*switch 4|*
|choice|switch 4|
|
|switch|p1a: Greninja|Greninja, M|106\/285|[from]move: U-turn
|move|p2a: Snorlax|Yawn|p1a: Greninja
|-start|p1a: Greninja|move: Yawn|[of] p2a: Snorlax
|
|-heal|p2a: Snorlax|288\/524|[from] item: Leftovers
|upkeep
|turn|17
|choice|*switch 4|*
|inactive|Reloj de batalla ENCENDIDO. El jugador inactivo será descalificado (solicitado por Cray Ray).
|choice|*|*switch 6
|choice|switch 4|switch 6
|
|switch|p1a: Landorus|Landorus-Therian, M|347\/347
|-ability|p1a: Landorus|Intimidate|boost
|-unboost|p2a: Snorlax|atk|1
|switch|p2a: Rotom|Rotom-Wash|111\/304
|
|-heal|p2a: Rotom|130\/304|[from] item: Leftovers
|upkeep
|turn|18
|choice|*move 4|*
|choice|*|*move 1
|choice|move uturn|move voltswitch
|
|move|p1a: Landorus|U-turn|p2a: Rotom
|-damage|p2a: Rotom|68\/304
|choice|*switch 4|*
|choice|switch 4|
|
|switch|p1a: Greninja|Greninja, M|106\/285|[from]move: U-turn
|move|p2a: Rotom|Volt Switch|p1a: Greninja
|-supereffective|p1a: Greninja
|-damage|p1a: Greninja|0 fnt
|faint|p1a: Greninja
|inactive|Mahvel Party tiene 135 segundos restantes.
|choice|*|*switch 4
|choice||switch 4
|
|switch|p2a: Chandelure|Chandelure, M|261\/261|[from]move: Volt Switch
|
|upkeep
|choice|*switch 3|*
|choice|switch 3|
|
|switch|p1a: Mamoswine|Mamoswine, M|361\/361
|turn|19
|choice|*|*switch 2
|choice|*move 4|*
|choice|move knockoff|switch 2
|
|switch|p2a: Alomomola|Alomomola, F|534\/534
|move|p1a: Mamoswine|Knock Off|p2a: Alomomola
|-damage|p2a: Alomomola|432\/534
|-enditem|p2a: Alomomola|Leftovers|[from] move: Knock Off|[of] p1a: Mamoswine
|
|upkeep
|turn|20
|choice|*|*move 3
|choice|*move 1|*
|choice|move earthquake|move toxic
|
|move|p1a: Mamoswine|Earthquake|p2a: Alomomola
|-damage|p2a: Alomomola|293\/534
|move|p2a: Alomomola|Toxic|p1a: Mamoswine
|-status|p1a: Mamoswine|tox
|
|-damage|p1a: Mamoswine|339\/361 tox|[from] psn
|upkeep
|turn|21
|choice|*|*move 2
|choice|*switch 2|*
|choice|switch 2|move wish
|
|switch|p1a: Victini|Victini|341\/341
|move|p2a: Alomomola|Wish|p2a: Alomomola
|
|upkeep
|turn|22
|choice|*move 3|*
|choice|*|*switch 6
|choice|move boltstrike|switch 6
|
|switch|p2a: Snorlax|Snorlax, F|288\/524
|move|p1a: Victini|Bolt Strike|p2a: Snorlax
|-damage|p2a: Snorlax|15\/524
|-status|p2a: Snorlax|par
|
|-heal|p2a: Snorlax|282\/524 par|[from] move: Wish|[wisher] Alomomola
|-heal|p2a: Snorlax|314\/524 par|[from] item: Leftovers
|upkeep
|turn|23
|choice|*|*switch 5
|choice|*switch 2|*
|choice|switch 2|switch 5
|
|switch|p1a: Mamoswine|Mamoswine, M|339\/361 tox
|switch|p2a: Landorus|Landorus-Therian, M|382\/382
|-ability|p2a: Landorus|Intimidate|boost
|-unboost|p1a: Mamoswine|atk|1
|
|-damage|p1a: Mamoswine|317\/361 tox|[from] psn
|upkeep
|turn|24
|choice|*move 2|*
|choice|*|*switch 6
|choice|move iciclecrash|switch 6
|
|switch|p2a: Alomomola|Alomomola, F|471\/534
|move|p1a: Mamoswine|Icicle Crash|p2a: Alomomola
|-resisted|p2a: Alomomola
|-damage|p2a: Alomomola|426\/534
|
|-damage|p1a: Mamoswine|273\/361 tox|[from] psn
|upkeep
|turn|25
|choice|*switch 6|*
|choice|*|*move 3
|choice|*switch 2|*
|choice|switch 2|move toxic
|
|switch|p1a: Victini|Victini|341\/341
|move|p2a: Alomomola|Toxic|p1a: Victini
|-status|p1a: Victini|tox
|
|-damage|p1a: Victini|320\/341 tox|[from] psn
|upkeep
|turn|26
|choice|*|*move 4
|choice|*move 1|*
|choice|move vcreate|move protect
|
|move|p2a: Alomomola|Protect|p2a: Alomomola
|-singleturn|p2a: Alomomola|Protect
|move|p1a: Victini|V-create|p2a: Alomomola
|-activate|p2a: Alomomola|move: Protect
|
|-damage|p1a: Victini|278\/341 tox|[from] psn
|upkeep
|turn|27
|choice|*|*move 2
|choice|*switch 6|*
|choice|switch 6|move wish
|
|switch|p1a: Latios|Latios-Mega, M|301\/301
|move|p2a: Alomomola|Wish|p2a: Alomomola
|
|upkeep
|turn|28
|choice|*|*switch 5
|choice|*move 1|*
|choice|move psychic|switch 5
|
|switch|p2a: Snorlax|Snorlax, F|314\/524 par
|move|p1a: Latios|Psychic|p2a: Snorlax
|-damage|p2a: Snorlax|193\/524 par
|-unboost|p2a: Snorlax|spd|1
|
|-heal|p2a: Snorlax|460\/524 par|[from] move: Wish|[wisher] Alomomola
|-heal|p2a: Snorlax|492\/524 par|[from] item: Leftovers
|upkeep
|turn|29
|choice|*move 1|*
|choice|*|*move 4
|choice|move psychic|move yawn
|
|move|p1a: Latios|Psychic|p2a: Snorlax
|-damage|p2a: Snorlax|314\/524 par
|cant|p2a: Snorlax|par
|
|-heal|p2a: Snorlax|346\/524 par|[from] item: Leftovers
|upkeep
|turn|30
|choice|*move 1|*
|choice|*|*switch 4
|choice|move psychic|switch 4
|
|switch|p2a: Rotom|Rotom-Wash|68\/304
|move|p1a: Latios|Psychic|p2a: Rotom
|-damage|p2a: Rotom|0 fnt
|faint|p2a: Rotom
|
|upkeep
|choice|*|*switch 3
|choice||switch 3
|
|switch|p2a: Medicham|Medicham-Mega, F|229\/261
|turn|31
|choice|*switch 4|*
|choice|*|*move 1
|choice|switch 4|move fakeout
|
|switch|p1a: Landorus|Landorus-Therian, M|347\/347
|-ability|p1a: Landorus|Intimidate|boost
|-unboost|p2a: Medicham|atk|1
|move|p2a: Medicham|Fake Out|p1a: Landorus
|-damage|p1a: Landorus|297\/347
|
|upkeep
|turn|32
|choice|*move 4|*
|choice|*|*switch 6
|choice|move uturn|switch 6
|
|switch|p2a: Landorus|Landorus-Therian, M|382\/382
|-ability|p2a: Landorus|Intimidate|boost
|-unboost|p1a: Landorus|atk|1
|move|p1a: Landorus|U-turn|p2a: Landorus
|-resisted|p2a: Landorus
|-damage|p2a: Landorus|363\/382
|-damage|p1a: Landorus|240\/347|[from] item: Rocky Helmet|[of] p2a: Landorus
|choice|*switch 4|*
|choice|switch 4|
|
|switch|p1a: Latios|Latios-Mega, M|301\/301|[from]move: U-turn
|
|upkeep
|turn|33
|choice|*move 1|*
|choice|*|*move 3
|choice|move psychic|move uturn
|
|move|p1a: Latios|Psychic|p2a: Landorus
|-damage|p2a: Landorus|155\/382
|move|p2a: Landorus|U-turn|p1a: Latios
|-supereffective|p1a: Latios
|-damage|p1a: Latios|145\/301
|choice|*|*switch 2
|choice||switch 2
|
|switch|p2a: Chandelure|Chandelure, M|261\/261|[from]move: U-turn
|
|upkeep
|turn|34
|choice|*|*move 2
|choice|*switch 2|*
|choice|switch 2|move shadowball
|
|switch|p1a: Mamoswine|Mamoswine, M|273\/361 tox
|move|p2a: Chandelure|Shadow Ball|p1a: Mamoswine
|-damage|p1a: Mamoswine|57\/361 tox
|
|-damage|p1a: Mamoswine|35\/361 tox|[from] psn
|upkeep
|turn|35
|choice|*|*switch 5
|choice|*move 2|*
|choice|move iciclecrash|switch 5
|
|switch|p2a: Alomomola|Alomomola, F|534\/534
|move|p1a: Mamoswine|Icicle Crash|p2a: Alomomola
|-resisted|p2a: Alomomola
|-damage|p2a: Alomomola|472\/534
|
|-damage|p1a: Mamoswine|0 fnt|[from] psn
|upkeep
|faint|p1a: Mamoswine
|choice|*switch 6|*
|choice|switch 6|
|
|switch|p1a: Victini|Victini|278\/341 tox
|turn|36
|choice|*move 3|*
|choice|*|*move 4
|choice|move boltstrike|move protect
|
|move|p2a: Alomomola|Protect|p2a: Alomomola
|-singleturn|p2a: Alomomola|Protect
|move|p1a: Victini|Bolt Strike|p2a: Alomomola
|-activate|p2a: Alomomola|move: Protect
|
|-damage|p1a: Victini|257\/341 tox|[from] psn
|upkeep
|turn|37
|choice|*switch 4|*
|choice|*|*move 2
|choice|switch 4|move wish
|
|switch|p1a: Landorus|Landorus-Therian, M|240\/347
|-ability|p1a: Landorus|Intimidate|boost
|-unboost|p2a: Alomomola|atk|1
|move|p2a: Alomomola|Wish|p2a: Alomomola
|
|upkeep
|turn|38
|choice|*move 4|*
|choice|*|*switch 2
|choice|move uturn|switch 2
|
|switch|p2a: Landorus|Landorus-Therian, M|155\/382
|-ability|p2a: Landorus|Intimidate|boost
|-unboost|p1a: Landorus|atk|1
|move|p1a: Landorus|U-turn|p2a: Landorus
|-resisted|p2a: Landorus
|-damage|p2a: Landorus|137\/382
|-damage|p1a: Landorus|183\/347|[from] item: Rocky Helmet|[of] p2a: Landorus
|choice|*switch 4|*
|choice|switch 4|
|
|switch|p1a: Victini|Victini|257\/341 tox|[from]move: U-turn
|
|-heal|p2a: Landorus|382\/382|[from] move: Wish|[wisher] Alomomola
|-damage|p1a: Victini|236\/341 tox|[from] psn
|upkeep
|turn|39
|choice|*move 1|*
|choice|*|*move 1
|choice|move vcreate|move earthquake
|
|move|p1a: Victini|V-create|p2a: Landorus
|-damage|p2a: Landorus|69\/382
|-damage|p1a: Victini|180\/341 tox|[from] item: Rocky Helmet|[of] p2a: Landorus
|-unboost|p1a: Victini|spe|1
|-unboost|p1a: Victini|def|1
|-unboost|p1a: Victini|spd|1
|move|p2a: Landorus|Earthquake|p1a: Victini
|-supereffective|p1a: Victini
|-damage|p1a: Victini|0 fnt
|faint|p1a: Victini
|
|upkeep
|-message|Cray Ray se rindió.
|
|win|Mahvel Party
Mahvel Party ha ganado 5.5 PokeDolares.
|raw|Puntaje de Cray Ray: 1213 &rarr; <strong>1182<\/strong><br \/>(-31 por perder)
|raw|Puntaje de Mahvel Party: 1122 &rarr; <strong>1163<\/strong><br \/>(+41 por ganar)
</script>
</div>
<div class="battle-log battle-log-inline"><div class="inner"><div class="battle-options"></div><div class="inner"><div class=""><small>Format:</small> <br><strong>OU</strong></div><div class="rated"><strong>Rated battle</strong></div><div class=""><small><em>Cláusula-Mod de Dormir:</em> solo puedes dormir a uno de tus oponentes a la vez.</small></div><div class=""><small><em>Cláusula de Especie:</em> Hasta un Pokémon de cada especie</small></div><div class=""><small><em>Cláusula de Golpe Fulminante:</em> los movimientos fulminantes (OHKO) estan prohibidos</small></div><div class=""><small><em>Cláusula de Veleta:</em> la habilidad Veleta está prohibida</small></div><div class=""><small><em>Cláusula de Movimientos Evasivos:</em> los movimientos de Evasión están prohibidos.</small></div><div class=""><small><em>Cláusula de Batallas Eternas:</em> forzar batallas eternas está prohibido</small></div><div class="chat battle-history"><strong>Cray Ray's team:</strong> <em style="color:#445566;display:block;">Mamoswine / Victini / Ferrothorn / Greninja / Latios / Landorus-Therian</em></div><div class="chat battle-history"><strong>Mahvel Party's team:</strong> <em style="color:#445566;display:block;">Chandelure / Alomomola / Medicham / Snorlax / Landorus-Therian / Rotom-Wash</em></div><div class="spacer battle-history"><br></div><div class="battle-history">Battle started between Cray Ray and Mahvel Party!<br></div><div class="spacer battle-history"><br></div><div class="battle-history">Go! <strong>Ferrothorn</strong>!<br></div><div class="spacer battle-history"><br></div><div class="battle-history">Mahvel Party sent out <strong>Chandelure</strong>!<br></div><div class="spacer battle-history"><br></div><h2 class="battle-history">Turn 1</h2><div class="spacer battle-history"><br></div><div class="battle-history">Ferrothorn, come back!<br></div><div class="battle-history">Go! <strong>Greninja</strong>!<br></div><div class="spacer battle-history"><br></div><div class="battle-history">The opposing Chandelure used <strong>Flamethrower</strong>!<br></div><div class="battle-history"><small>It's not very effective...</small><br></div><div class="battle-history"><small>A critical hit!</small><br></div><div class="battle-history"><small>(Greninja lost <abbr title="−179/285">62.8%</abbr> of its health!)</small><br></div><div class="spacer battle-history"><br></div><h2 class="battle-history">Turn 2</h2><div class="spacer battle-history"><br></div><div class="battle-history">Mahvel Party withdrew Chandelure!<br></div><div class="battle-history">Mahvel Party sent out <strong>Snorlax</strong>!<br></div><div class="spacer battle-history"><br></div><div class="battle-history">Greninja used <strong>Dark Pulse</strong>!<br></div><div class="battle-history"><small>(The opposing Snorlax lost <abbr title="−130/524">24.8%</abbr> of its health!)</small><br></div><div class="spacer battle-history"><br></div><div class="battle-history"><small>The opposing Snorlax restored a little HP using its Leftovers!</small><br></div><div class="spacer battle-history"><br></div><h2 class="battle-history">Turn 3</h2><div class="spacer battle-history"><br></div><div class="battle-history">Greninja, come back!<br></div><div class="battle-history">Go! <strong>Ferrothorn</strong>!<br></div><div class="spacer battle-history"><br></div><div class="battle-history">The opposing Snorlax used <strong>Yawn</strong>!<br></div><div class="battle-history"><small>Ferrothorn grew drowsy!</small><br></div><div class="spacer battle-history"><br></div><div class="battle-history"><small>The opposing Snorlax restored a little HP using its Leftovers!</small><br></div><div class="spacer battle-history"><br></div><h2 class="battle-history">Turn 4</h2><div class="spacer battle-history"><br></div><div class="battle-history">Mahvel Party withdrew Snorlax!<br></div><div class="battle-history">Mahvel Party sent out <strong>Medicham</strong>!<br></div><div class="spacer battle-history"><br></div><div class="battle-history">Ferrothorn used <strong>Stealth Rock</strong>!<br></div><div class="battle-history"><small>Pointed stones float in the air around the opposing team!</small><br></div><div class="spacer battle-history"><br></div><div class="battle-history"><small>Ferrothorn fell asleep!</small><br></div><div class="spacer battle-history"><br></div><h2 class="battle-history">Turn 5</h2><div class="spacer battle-history"><br></div><div class="battle-history"><small>The opposing Medicham's Medichamite is reacting to the Key Stone!</small><br>The opposing Medicham has Mega Evolved into Mega Medicham!<br></div><div class="spacer battle-history"><br></div><div class="battle-history">The opposing Medicham used <strong>High Jump Kick</strong>!<br></div><div class="battle-history"><small>It's super effective!</small><br></div><div class="battle-history"><small>A critical hit!</small><br></div><div class="battle-history"><small>(Ferrothorn lost <abbr title="−352/352">100%</abbr> of its health!)</small><br></div><div class="battle-history"><small>[Ferrothorn's Iron Barbs]</small><br><small>The opposing Medicham was hurt!</small><br></div><div class="spacer battle-history"><br></div><div class="battle-history">Ferrothorn fainted!<br></div><div class="spacer battle-history"><br></div><div class="battle-history">Go! <strong>Latios</strong>!<br></div><div class="spacer battle-history"><br></div><h2 class="battle-history">Turn 6</h2><div class="spacer battle-history"><br></div><div class="battle-history">Mahvel Party withdrew Medicham!<br></div><div class="battle-history">Mahvel Party sent out <strong>Snorlax</strong>!<br></div><div class="battle-history"><small>Pointed stones dug into the opposing Snorlax!</small><br></div><div class="spacer battle-history"><br></div><div class="battle-history"><small>Latios's Latiosite is reacting to the Key Stone!</small><br>Latios has Mega Evolved into Mega Latios!<br></div><div class="spacer battle-history"><br></div><div class="battle-history">Latios used <strong>Psychic</strong>!<br></div><div class="battle-history"><small>(The opposing Snorlax lost <abbr title="−135/524">25.8%</abbr> of its health!)</small><br></div><div class="spacer battle-history"><br></div><div class="battle-history"><small>The opposing Snorlax restored a little HP using its Leftovers!</small><br></div><div class="spacer battle-history"><br></div><h2 class="battle-history">Turn 7</h2><div class="spacer battle-history"><br></div><div class="battle-history">Latios, come back!<br></div><div class="battle-history">Go! Landorus (<strong>Landorus-Therian</strong>)!<br></div><div class="battle-history"><small>[Landorus's Intimidate]</small><br></div><div class="battle-history"><small>The opposing Snorlax's Attack fell!</small><br></div><div class="spacer battle-history"><br></div><div class="battle-history">The opposing Snorlax used <strong>Yawn</strong>!<br></div><div class="battle-history"><small>Landorus grew drowsy!</small><br></div><div class="spacer battle-history"><br></div><div class="battle-history"><small>The opposing Snorlax restored a little HP using its Leftovers!</small><br></div><div class="spacer battle-history"><br></div><h2 class="battle-history">Turn 8</h2><div class="spacer battle-history"><br></div><div class="battle-history">Mahvel Party withdrew Snorlax!<br></div><div class="battle-history">Mahvel Party sent out Rotom (<strong>Rotom-Wash</strong>)!<br></div><div class="battle-history"><small>Pointed stones dug into the opposing Rotom!</small><br></div><div class="spacer battle-history"><br></div><div class="battle-history">Landorus used <strong>U-turn</strong>!<br></div><div class="battle-history"><small>(The opposing Rotom lost <abbr title="−58/304">19.1%</abbr> of its health!)</small><br></div><div class="spacer battle-history"><br></div><div class="battle-history">Landorus went back to Cray Ray!<br></div><div class="battle-history">Go! Latios (<strong>Latios-Mega</strong>)!<br></div><div class="spacer battle-history"><br></div><div class="battle-history"><small>The opposing Rotom restored a little HP using its Leftovers!</small><br></div><div class="spacer battle-history"><br></div><h2 class="battle-history">Turn 9</h2><div class="spacer battle-history"><br></div><div class="battle-history">Latios used <strong>Psychic</strong>!<br></div><div class="battle-history"><small>(The opposing Rotom lost <abbr title="−135/304">44.4%</abbr> of its health!)</small><br></div><div class="spacer battle-history"><br></div><div class="battle-history">The opposing Rotom used <strong>Defog</strong>!<br></div><div class="battle-history"><small>Latios's evasiveness fell!</small><br></div><div class="battle-history"><small>The pointed stones disappeared from around the opposing team!</small><br></div><div class="spacer battle-history"><br></div><div class="battle-history"><small>The opposing Rotom restored a little HP using its Leftovers!</small><br></div><div class="spacer battle-history"><br></div><h2 class="battle-history">Turn 10</h2><div class="spacer battle-history"><br></div><div class="battle-history">Mahvel Party withdrew Rotom!<br></div><div class="battle-history">Mahvel Party sent out <strong>Snorlax</strong>!<br></div><div class="spacer battle-history"><br></div><div class="battle-history">Latios used <strong>Psychic</strong>!<br></div><div class="battle-history"><small>(The opposing Snorlax lost <abbr title="−126/524">24.0%</abbr> of its health!)</small><br></div><div class="spacer battle-history"><br></div><div class="battle-history"><small>The opposing Snorlax restored a little HP using its Leftovers!</small><br></div><div class="spacer battle-history"><br></div><h2 class="battle-history">Turn 11</h2><div class="spacer battle-history"><br></div><div class="battle-history">Latios used <strong>Psychic</strong>!<br></div><div class="battle-history"><small>(The opposing Snorlax lost <abbr title="−120/524">22.9%</abbr> of its health!)</small><br></div><div class="spacer battle-history"><br></div><div class="battle-history">The opposing Snorlax used <strong>Yawn</strong>!<br></div><div class="battle-history"><small>Latios grew drowsy!</small><br></div><div class="spacer battle-history"><br></div><div class="battle-history"><small>The opposing Snorlax restored a little HP using its Leftovers!</small><br></div><div class="spacer battle-history"><br></div><h2 class="battle-history">Turn 12</h2><div class="spacer battle-history"><br></div><div class="battle-history">Latios, come back!<br></div><div class="battle-history">Go! Landorus (<strong>Landorus-Therian</strong>)!<br></div><div class="battle-history"><small>[Landorus's Intimidate]</small><br></div><div class="battle-history"><small>The opposing Snorlax's Attack fell!</small><br></div><div class="spacer battle-history"><br></div><div class="battle-history">Mahvel Party withdrew Snorlax!<br></div><div class="battle-history">Mahvel Party sent out <strong>Alomomola</strong>!<br></div><div class="spacer battle-history"><br></div><h2 class="battle-history">Turn 13</h2><div class="spacer battle-history"><br></div><div class="battle-history">Landorus used <strong>U-turn</strong>!<br></div><div class="battle-history"><small>(The opposing Alomomola lost <abbr title="−66/534">12.4%</abbr> of its health!)</small><br></div><div class="spacer battle-history"><br></div><div class="battle-history">Landorus went back to Cray Ray!<br></div><div class="battle-history">Go! Latios (<strong>Latios-Mega</strong>)!<br></div><div class="spacer battle-history"><br></div><div class="battle-history">The opposing Alomomola used <strong>Wish</strong>!<br></div><div class="spacer battle-history"><br></div><div class="battle-history"><small>The opposing Alomomola restored a little HP using its Leftovers!</small><br></div><div class="spacer battle-history"><br></div><h2 class="battle-history">Turn 14</h2><div class="spacer battle-history"><br></div><div class="battle-history">Mahvel Party withdrew Alomomola!<br></div><div class="battle-history">Mahvel Party sent out <strong>Snorlax</strong>!<br></div><div class="spacer battle-history"><br></div><div class="battle-history">Latios used <strong>Psychic</strong>!<br></div><div class="battle-history"><small>(The opposing Snorlax lost <abbr title="−117/524">22.3%</abbr> of its health!)</small><br></div><div class="spacer battle-history"><br></div><div class="battle-history"><small>Alomomola's wish came true!</small><br></div><div class="battle-history"><small>The opposing Snorlax restored a little HP using its Leftovers!</small><br></div><div class="spacer battle-history"><br></div><h2 class="battle-history">Turn 15</h2><div class="spacer battle-history"><br></div><div class="battle-history">Latios, come back!<br></div><div class="battle-history">Go! Landorus (<strong>Landorus-Therian</strong>)!<br></div><div class="battle-history"><small>[Landorus's Intimidate]</small><br></div><div class="battle-history"><small>The opposing Snorlax's Attack fell!</small><br></div><div class="spacer battle-history"><br></div><div class="battle-history">The opposing Snorlax used <strong>Yawn</strong>!<br></div><div class="battle-history"><small>Landorus grew drowsy!</small><br></div><div class="spacer battle-history"><br></div><div class="battle-history"><small>The opposing Snorlax restored a little HP using its Leftovers!</small><br></div><div class="spacer battle-history"><br></div><h2 class="battle-history">Turn 16</h2><div class="spacer battle-history"><br></div><div class="battle-history">Landorus used <strong>U-turn</strong>!<br></div><div class="battle-history"><small>(The opposing Snorlax lost <abbr title="−98/524">18.7%</abbr> of its health!)</small><br></div><div class="spacer battle-history"><br></div><div class="battle-history">Landorus went back to Cray Ray!<br></div><div class="battle-history">Go! <strong>Greninja</strong>!<br></div><div class="spacer battle-history"><br></div><div class="battle-history">The opposing Snorlax used <strong>Yawn</strong>!<br></div><div class="battle-history"><small>Greninja grew drowsy!</small><br></div><div class="spacer battle-history"><br></div><div class="battle-history"><small>The opposing Snorlax restored a little HP using its Leftovers!</small><br></div><div class="spacer battle-history"><br></div><h2 class="battle-history">Turn 17</h2><div class="chat message-error">Reloj de batalla ENCENDIDO. El jugador inactivo será descalificado (solicitado por Cray Ray).</div><div class="spacer battle-history"><br></div><div class="battle-history">Greninja, come back!<br></div><div class="battle-history">Go! Landorus (<strong>Landorus-Therian</strong>)!<br></div><div class="battle-history"><small>[Landorus's Intimidate]</small><br></div><div class="battle-history"><small>The opposing Snorlax's Attack fell!</small><br></div><div class="spacer battle-history"><br></div><div class="battle-history">Mahvel Party withdrew Snorlax!<br></div><div class="battle-history">Mahvel Party sent out Rotom (<strong>Rotom-Wash</strong>)!<br></div><div class="spacer battle-history"><br></div><div class="battle-history"><small>The opposing Rotom restored a little HP using its Leftovers!</small><br></div><div class="spacer battle-history"><br></div><h2 class="battle-history">Turn 18</h2><div class="spacer battle-history"><br></div><div class="battle-history">Landorus used <strong>U-turn</strong>!<br></div><div class="battle-history"><small>(The opposing Rotom lost <abbr title="−62/304">20.4%</abbr> of its health!)</small><br></div><div class="spacer battle-history"><br></div><div class="battle-history">Landorus went back to Cray Ray!<br></div><div class="battle-history">Go! <strong>Greninja</strong>!<br></div><div class="spacer battle-history"><br></div><div class="battle-history">The opposing Rotom used <strong>Volt Switch</strong>!<br></div><div class="battle-history"><small>It's super effective!</small><br></div><div class="battle-history"><small>(Greninja lost <abbr title="−106/285">37.2%</abbr> of its health!)</small><br></div><div class="spacer battle-history"><br></div><div class="battle-history">Greninja fainted!<br></div><div class="chat message-error">Mahvel Party tiene 135 segundos restantes.</div><div class="spacer battle-history"><br></div><div class="battle-history">The opposing Rotom went back to Mahvel Party!<br></div><div class="battle-history">Mahvel Party sent out <strong>Chandelure</strong>!<br></div><div class="spacer battle-history"><br></div><div class="battle-history">Go! <strong>Mamoswine</strong>!<br></div><div class="spacer battle-history"><br></div><h2 class="battle-history">Turn 19</h2><div class="spacer battle-history"><br></div><div class="battle-history">Mahvel Party withdrew Chandelure!<br></div><div class="battle-history">Mahvel Party sent out <strong>Alomomola</strong>!<br></div><div class="spacer battle-history"><br></div><div class="battle-history">Mamoswine used <strong>Knock Off</strong>!<br></div><div class="battle-history"><small>(The opposing Alomomola lost <abbr title="−102/534">19.1%</abbr> of its health!)</small><br></div><div class="battle-history"><small>Mamoswine knocked off the opposing Alomomola's Leftovers!</small><br></div><div class="spacer battle-history"><br></div><h2 class="battle-history">Turn 20</h2><div class="spacer battle-history"><br></div><div class="battle-history">Mamoswine used <strong>Earthquake</strong>!<br></div><div class="battle-history"><small>(The opposing Alomomola lost <abbr title="−139/534">26.0%</abbr> of its health!)</small><br></div><div class="spacer battle-history"><br></div><div class="battle-history">The opposing Alomomola used <strong>Toxic</strong>!<br></div><div class="battle-history"><small>Mamoswine was badly poisoned!</small><br></div><div class="spacer battle-history"><br></div><div class="battle-history"><small>Mamoswine was hurt by poison!</small><br></div><div class="spacer battle-history"><br></div><h2 class="battle-history">Turn 21</h2><div class="spacer battle-history"><br></div><div class="battle-history">Mamoswine, come back!<br></div><div class="battle-history">Go! <strong>Victini</strong>!<br></div><div class="spacer battle-history"><br></div><div class="battle-history">The opposing Alomomola used <strong>Wish</strong>!<br></div><div class="spacer battle-history"><br></div><h2 class="battle-history">Turn 22</h2><div class="spacer battle-history"><br></div><div class="battle-history">Mahvel Party withdrew Alomomola!<br></div><div class="battle-history">Mahvel Party sent out <strong>Snorlax</strong>!<br></div><div class="spacer battle-history"><br></div><div class="battle-history">Victini used <strong>Bolt Strike</strong>!<br></div><div class="battle-history"><small>(The opposing Snorlax lost <abbr title="−273/524">52.1%</abbr> of its health!)</small><br></div><div class="battle-history"><small>The opposing Snorlax is paralyzed! It may be unable to move!</small><br></div><div class="spacer battle-history"><br></div><div class="battle-history"><small>Alomomola's wish came true!</small><br></div><div class="battle-history"><small>The opposing Snorlax restored a little HP using its Leftovers!</small><br></div><div class="spacer battle-history"><br></div><h2 class="battle-history">Turn 23</h2><div class="spacer battle-history"><br></div><div class="battle-history">Victini, come back!<br></div><div class="battle-history">Go! <strong>Mamoswine</strong>!<br></div><div class="spacer battle-history"><br></div><div class="battle-history">Mahvel Party withdrew Snorlax!<br></div><div class="battle-history">Mahvel Party sent out Landorus (<strong>Landorus-Therian</strong>)!<br></div><div class="battle-history"><small>[The opposing Landorus's Intimidate]</small><br></div><div class="battle-history"><small>Mamoswine's Attack fell!</small><br></div><div class="spacer battle-history"><br></div><div class="battle-history"><small>Mamoswine was hurt by poison!</small><br></div><div class="spacer battle-history"><br></div><h2 class="battle-history">Turn 24</h2><div class="spacer battle-history"><br></div><div class="battle-history">Mahvel Party withdrew Landorus!<br></div><div class="battle-history">Mahvel Party sent out <strong>Alomomola</strong>!<br></div><div class="spacer battle-history"><br></div><div class="battle-history">Mamoswine used <strong>Icicle Crash</strong>!<br></div><div class="battle-history"><small>It's not very effective...</small><br></div><div class="battle-history"><small>(The opposing Alomomola lost <abbr title="−45/534">8.4%</abbr> of its health!)</small><br></div><div class="spacer battle-history"><br></div><div class="battle-history"><small>Mamoswine was hurt by poison!</small><br></div><div class="spacer battle-history"><br></div><h2 class="battle-history">Turn 25</h2><div class="spacer battle-history"><br></div><div class="battle-history">Mamoswine, come back!<br></div><div class="battle-history">Go! <strong>Victini</strong>!<br></div><div class="spacer battle-history"><br></div><div class="battle-history">The opposing Alomomola used <strong>Toxic</strong>!<br></div><div class="battle-history"><small>Victini was badly poisoned!</small><br></div><div class="spacer battle-history"><br></div><div class="battle-history"><small>Victini was hurt by poison!</small><br></div><div class="spacer battle-history"><br></div><h2 class="battle-history">Turn 26</h2><div class="spacer battle-history"><br></div><div class="battle-history">The opposing Alomomola used <strong>Protect</strong>!<br></div><div class="battle-history"><small>The opposing Alomomola protected itself!</small><br></div><div class="spacer battle-history"><br></div><div class="battle-history">Victini used <strong>V-create</strong>!<br></div><div class="battle-history"><small>The opposing Alomomola protected itself!</small><br></div><div class="spacer battle-history"><br></div><div class="battle-history"><small>Victini was hurt by poison!</small><br></div><div class="spacer battle-history"><br></div><h2 class="battle-history">Turn 27</h2><div class="spacer battle-history"><br></div><div class="battle-history">Victini, come back!<br></div><div class="battle-history">Go! Latios (<strong>Latios-Mega</strong>)!<br></div><div class="spacer battle-history"><br></div><div class="battle-history">The opposing Alomomola used <strong>Wish</strong>!<br></div><div class="spacer battle-history"><br></div><h2 class="battle-history">Turn 28</h2><div class="spacer battle-history"><br></div><div class="battle-history">Mahvel Party withdrew Alomomola!<br></div><div class="battle-history">Mahvel Party sent out <strong>Snorlax</strong>!<br></div><div class="spacer battle-history"><br></div><div class="battle-history">Latios used <strong>Psychic</strong>!<br></div><div class="battle-history"><small>(The opposing Snorlax lost <abbr title="−121/524">23.1%</abbr> of its health!)</small><br></div><div class="battle-history"><small>The opposing Snorlax's Special Defense fell!</small><br></div><div class="spacer battle-history"><br></div><div class="battle-history"><small>Alomomola's wish came true!</small><br></div><div class="battle-history"><small>The opposing Snorlax restored a little HP using its Leftovers!</small><br></div><div class="spacer battle-history"><br></div><h2 class="battle-history">Turn 29</h2><div class="spacer battle-history"><br></div><div class="battle-history">Latios used <strong>Psychic</strong>!<br></div><div class="battle-history"><small>(The opposing Snorlax lost <abbr title="−178/524">34.0%</abbr> of its health!)</small><br></div><div class="spacer battle-history"><br></div><div class="battle-history">The opposing Snorlax is paralyzed! It can't move!<br></div><div class="spacer battle-history"><br></div><div class="battle-history"><small>The opposing Snorlax restored a little HP using its Leftovers!</small><br></div><div class="spacer battle-history"><br></div><h2 class="battle-history">Turn 30</h2><div class="spacer battle-history"><br></div><div class="battle-history">Mahvel Party withdrew Snorlax!<br></div><div class="battle-history">Mahvel Party sent out Rotom (<strong>Rotom-Wash</strong>)!<br></div><div class="spacer battle-history"><br></div><div class="battle-history">Latios used <strong>Psychic</strong>!<br></div><div class="battle-history"><small>(The opposing Rotom lost <abbr title="−68/304">22.4%</abbr> of its health!)</small><br></div><div class="spacer battle-history"><br></div><div class="battle-history">The opposing Rotom fainted!<br></div><div class="spacer battle-history"><br></div><div class="battle-history">Mahvel Party sent out Medicham (<strong>Medicham-Mega</strong>)!<br></div><div class="spacer battle-history"><br></div><h2 class="battle-history">Turn 31</h2><div class="spacer battle-history"><br></div><div class="battle-history">Latios, come back!<br></div><div class="battle-history">Go! Landorus (<strong>Landorus-Therian</strong>)!<br></div><div class="battle-history"><small>[Landorus's Intimidate]</small><br></div><div class="battle-history"><small>The opposing Medicham's Attack fell!</small><br></div><div class="spacer battle-history"><br></div><div class="battle-history">The opposing Medicham used <strong>Fake Out</strong>!<br></div><div class="battle-history"><small>(Landorus lost <abbr title="−50/347">14.4%</abbr> of its health!)</small><br></div><div class="spacer battle-history"><br></div><h2 class="battle-history">Turn 32</h2><div class="spacer battle-history"><br></div><div class="battle-history">Mahvel Party withdrew Medicham!<br></div><div class="battle-history">Mahvel Party sent out Landorus (<strong>Landorus-Therian</strong>)!<br></div><div class="battle-history"><small>[The opposing Landorus's Intimidate]</small><br></div><div class="battle-history"><small>Landorus's Attack fell!</small><br></div><div class="spacer battle-history"><br></div><div class="battle-history">Landorus used <strong>U-turn</strong>!<br></div><div class="battle-history"><small>It's not very effective...</small><br></div><div class="battle-history"><small>(The opposing Landorus lost <abbr title="−19/382">5.0%</abbr> of its health!)</small><br></div><div class="battle-history"><small>Landorus was hurt by the Rocky Helmet!</small><br></div><div class="spacer battle-history"><br></div><div class="battle-history">Landorus went back to Cray Ray!<br></div><div class="battle-history">Go! Latios (<strong>Latios-Mega</strong>)!<br></div><div class="spacer battle-history"><br></div><h2 class="battle-history">Turn 33</h2><div class="spacer battle-history"><br></div><div class="battle-history">Latios used <strong>Psychic</strong>!<br></div><div class="battle-history"><small>(The opposing Landorus lost <abbr title="−208/382">54.5%</abbr> of its health!)</small><br></div><div class="spacer battle-history"><br></div><div class="battle-history">The opposing Landorus used <strong>U-turn</strong>!<br></div><div class="battle-history"><small>It's super effective!</small><br></div><div class="battle-history"><small>(Latios lost <abbr title="−156/301">51.8%</abbr> of its health!)</small><br></div><div class="spacer battle-history"><br></div><div class="battle-history">The opposing Landorus went back to Mahvel Party!<br></div><div class="battle-history">Mahvel Party sent out <strong>Chandelure</strong>!<br></div><div class="spacer battle-history"><br></div><h2 class="battle-history">Turn 34</h2><div class="spacer battle-history"><br></div><div class="battle-history">Latios, come back!<br></div><div class="battle-history">Go! <strong>Mamoswine</strong>!<br></div><div class="spacer battle-history"><br></div><div class="battle-history">The opposing Chandelure used <strong>Shadow Ball</strong>!<br></div><div class="battle-history"><small>(Mamoswine lost <abbr title="−216/361">59.8%</abbr> of its health!)</small><br></div><div class="spacer battle-history"><br></div><div class="battle-history"><small>Mamoswine was hurt by poison!</small><br></div><div class="spacer battle-history"><br></div><h2 class="battle-history">Turn 35</h2><div class="spacer battle-history"><br></div><div class="battle-history">Mahvel Party withdrew Chandelure!<br></div><div class="battle-history">Mahvel Party sent out <strong>Alomomola</strong>!<br></div><div class="spacer battle-history"><br></div><div class="battle-history">Mamoswine used <strong>Icicle Crash</strong>!<br></div><div class="battle-history"><small>It's not very effective...</small><br></div><div class="battle-history"><small>(The opposing Alomomola lost <abbr title="−62/534">11.6%</abbr> of its health!)</small><br></div><div class="spacer battle-history"><br></div><div class="battle-history"><small>Mamoswine was hurt by poison!</small><br></div><div class="spacer battle-history"><br></div><div class="battle-history">Mamoswine fainted!<br></div><div class="spacer battle-history"><br></div><div class="battle-history">Go! <strong>Victini</strong>!<br></div><div class="spacer battle-history"><br></div><h2 class="battle-history">Turn 36</h2><div class="spacer battle-history"><br></div><div class="battle-history">The opposing Alomomola used <strong>Protect</strong>!<br></div><div class="battle-history"><small>The opposing Alomomola protected itself!</small><br></div><div class="spacer battle-history"><br></div><div class="battle-history">Victini used <strong>Bolt Strike</strong>!<br></div><div class="battle-history"><small>The opposing Alomomola protected itself!</small><br></div><div class="spacer battle-history"><br></div><div class="battle-history"><small>Victini was hurt by poison!</small><br></div><div class="spacer battle-history"><br></div><h2 class="battle-history">Turn 37</h2><div class="spacer battle-history"><br></div><div class="battle-history">Victini, come back!<br></div><div class="battle-history">Go! Landorus (<strong>Landorus-Therian</strong>)!<br></div><div class="battle-history"><small>[Landorus's Intimidate]</small><br></div><div class="battle-history"><small>The opposing Alomomola's Attack fell!</small><br></div><div class="spacer battle-history"><br></div><div class="battle-history">The opposing Alomomola used <strong>Wish</strong>!<br></div><div class="spacer battle-history"><br></div><h2 class="battle-history">Turn 38</h2><div class="spacer battle-history"><br></div><div class="battle-history">Mahvel Party withdrew Alomomola!<br></div><div class="battle-history">Mahvel Party sent out Landorus (<strong>Landorus-Therian</strong>)!<br></div><div class="battle-history"><small>[The opposing Landorus's Intimidate]</small><br></div><div class="battle-history"><small>Landorus's Attack fell!</small><br></div><div class="spacer battle-history"><br></div><div class="battle-history">Landorus used <strong>U-turn</strong>!<br></div><div class="battle-history"><small>It's not very effective...</small><br></div><div class="battle-history"><small>(The opposing Landorus lost <abbr title="−18/382">4.7%</abbr> of its health!)</small><br></div><div class="battle-history"><small>Landorus was hurt by the Rocky Helmet!</small><br></div><div class="spacer battle-history"><br></div><div class="battle-history">Landorus went back to Cray Ray!<br></div><div class="battle-history">Go! <strong>Victini</strong>!<br></div><div class="spacer battle-history"><br></div><div class="battle-history"><small>Alomomola's wish came true!</small><br></div><div class="battle-history"><small>Victini was hurt by poison!</small><br></div><div class="spacer battle-history"><br></div><h2 class="battle-history">Turn 39</h2><div class="spacer battle-history"><br></div><div class="battle-history">Victini used <strong>V-create</strong>!<br></div><div class="battle-history"><small>(The opposing Landorus lost <abbr title="−313/382">81.9%</abbr> of its health!)</small><br></div><div class="battle-history"><small>Victini was hurt by the Rocky Helmet!</small><br></div><div class="battle-history"><small>Victini's Speed fell!</small><br></div><div class="battle-history"><small>Victini's Defense fell!</small><br></div><div class="battle-history"><small>Victini's Special Defense fell!</small><br></div><div class="spacer battle-history"><br></div><div class="battle-history">The opposing Landorus used <strong>Earthquake</strong>!<br></div><div class="battle-history"><small>It's super effective!</small><br></div><div class="battle-history"><small>(Victini lost <abbr title="−180/341">52.8%</abbr> of its health!)</small><br></div><div class="spacer battle-history"><br></div><div class="battle-history">Victini fainted!<br></div><div class="spacer battle-history"><br></div><div class="battle-history"><small>Cray Ray se rindió.</small><br></div><div class="spacer battle-history"><br></div><div class="battle-history"><strong>Mahvel Party</strong> won the battle!<br></div><div class="chat">Mahvel Party ha ganado 5.5 PokeDolares.</div><div class="chat">Puntaje de Cray Ray: 1213 → <strong>1182</strong><br>(-31 por perder)</div><div class="chat">Puntaje de Mahvel Party: 1122 → <strong>1163</strong><br>(+41 por ganar)</div></div><div class="inner-preempt"></div></div></div>
</div>
<script>
let daily = Math.floor(Date.now()/1000/60/60/24);document.write('<script src="https://play.pokemonshowdown.com/js/replay-embed.js?version'+daily+'"></'+'script>');
</script>
