<!DOCTYPE html>
<meta charset="utf-8" />
<!-- version 1 -->
<title>OU replay: Marcos Pardo vs. jan suchiru</title>
<style>
html,body {font-family:Verdana, sans-serif;font-size:10pt;margin:0;padding:0;}body{padding:12px 0;} .battle-log {font-family:Verdana, sans-serif;font-size:10pt;} .battle-log-inline {border:1px solid #AAAAAA;background:#EEF2F5;color:black;max-width:640px;margin:0 auto 80px;padding-bottom:5px;} .battle-log .inner {padding:4px 8px 0px 8px;} .battle-log .inner-preempt {padding:0 8px 4px 8px;} .battle-log .inner-after {margin-top:0.5em;} .battle-log h2 {margin:0.5em -8px;padding:4px 8px;border:1px solid #AAAAAA;background:#E0E7EA;border-left:0;border-right:0;font-family:Verdana, sans-serif;font-size:13pt;} .battle-log .chat {vertical-align:middle;padding:3px 0 3px 0;font-size:8pt;} .battle-log .chat strong {color:#40576A;} .battle-log .chat em {padding:1px 4px 1px 3px;color:#000000;font-style:normal;} .chat.mine {background:rgba(0,0,0,0.05);margin-left:-8px;margin-right:-8px;padding-left:8px;padding-right:8px;} .spoiler {color:#BBBBBB;background:#BBBBBB;padding:0px 3px;} .spoiler:hover, .spoiler:active, .spoiler-shown {color:#000000;background:#E2E2E2;padding:0px 3px;} .spoiler a {color:#BBBBBB;} .spoiler:hover a, .spoiler:active a, .spoiler-shown a {color:#2288CC;} .chat code, .chat .spoiler:hover code, .chat .spoiler:active code, .chat .spoiler-shown code {border:1px solid #C0C0C0;background:#EEEEEE;color:black;padding:0 2px;} .chat .spoiler code {border:1px solid #CCCCCC;background:#CCCCCC;color:#CCCCCC;} .battle-log .rated {padding:3px 4px;} .battle-log .rated strong {color:white;background:#89A;padding:1px 4px;border-radius:4px;} .spacer {margin-top:0.5em;} .message-announce {background:#6688AA;color:white;padding:1px 4px 2px;} .message-announce a, .broadcast-green a, .broadcast-blue a, .broadcast-red a {color:#DDEEFF;} .broadcast-green {background-color:#559955;color:white;padding:2px 4px;} .broadcast-blue {background-color:#6688AA;color:white;padding:2px 4px;} .infobox {border:1px solid #6688AA;padding:2px 4px;} .infobox-limited {max-height:200px;overflow:auto;overflow-x:hidden;} .broadcast-red {background-color:#AA5544;color:white;padding:2px 4px;} .message-learn-canlearn {font-weight:bold;color:#228822;text-decoration:underline;} .message-learn-cannotlearn {font-weight:bold;color:#CC2222;text-decoration:underline;} .message-effect-weak {font-weight:bold;color:#CC2222;} .message-effect-resist {font-weight:bold;color:#6688AA;} .message-effect-immune {font-weight:bold;color:#666666;} .message-learn-list {margin-top:0;margin-bottom:0;} .message-throttle-notice, .message-error {color:#992222;} .message-overflow, .chat small.message-overflow {font-size:0pt;} .message-overflow::before {font-size:9pt;content:'...';} .subtle {color:#3A4A66;}
</style>
<div class="wrapper replay-wrapper" style="max-width:1180px;margin:0 auto">
<input type="hidden" name="replayid" value="destiny-ou-482673" />
<div class="battle"></div><div class="battle-log"></div><div class="replay-controls"></div><div class="replay-controls-2"></div>
<h1 style="font-weight:normal;text-align:center"><strong>OU</strong><br /><a href="http://pokemonshowdown.com/users/marcospardo" class="subtle" target="_blank">Marcos Pardo</a> vs. <a href="http://pokemonshowdown.com/users/jansuchiru" class="subtle" target="_blank">jan suchiru</a></h1>
<script type="text/plain" class="battle-log-data">|player|p1|Marcos Pardo|76
|teamsize|p1|6
|player|p2|jan suchiru|266
|teamsize|p2|6
|teamsize|p1|6
|teamsize|p2|6
|gametype|singles
|gen|7
|tier|OU
|seed|20765,5573,41143,64528
|rule|Cláusula-Mod de Dormir: solo puedes dormir a uno de tus oponentes a la vez.
|rule|Cláusula de Especie: Hasta un Pokémon de cada especie
|rule|Cláusula de Golpe Fulminante: los movimientos fulminantes (OHKO) estan prohibidos
|rule|Cláusula de Veleta: la habilidad Veleta está prohibida
|rule|Cláusula de Movimientos Evasivos: los movimientos de Evasión están prohibidos.
|rule|Cláusula de Batallas Eternas: forzar batallas eternas está prohibido
|clearpoke
|poke|p1|Hawlucha, M|item
|poke|p1|Crabominable, M|item
|poke|p1|Scrafty, F|item
|poke|p1|Breloom, M|item
|poke|p1|Poliwrath, F|item
|poke|p1|Kommo-o, M|item
|poke|p2|Skarmory, F|item
|poke|p2|Klefki, F|item
|poke|p2|Excadrill, F|item
|poke|p2|Empoleon, F|item
|poke|p2|Magnezone|item
|poke|p2|Aggron, M|item
|teampreview|undefined
|choice|*|*team 213456
|choice|*team 623451|*
|choice|team 6, 2, 3, 4, 5, 1|team 2, 1, 3, 4, 5, 6
|
|start
|switch|p1a: Kommo-o|Kommo-o, M|292\/292
|switch|p2a: Klefki|Klefki, F|318\/318
|turn|1
|choice|*|*move 3
|choice|*switch 3|*
|choice|switch 3|move reflect
|
|switch|p1a: Scrafty|Scrafty, F|272\/272
|move|p2a: Klefki|Reflect|p2a: Klefki
|-sidestart|p2: jan suchiru|Reflect
|
|upkeep
|turn|2
|choice|*move 4|*
|choice|*|*move 1
|choice|move dragondance|move thunderwave
|
|move|p2a: Klefki|Thunder Wave|p1a: Scrafty
|-immune|p1a: Scrafty|[msg]
|move|p1a: Scrafty|Dragon Dance|p1a: Scrafty
|-boost|p1a: Scrafty|atk|1
|-boost|p1a: Scrafty|spe|1
|
|upkeep
|turn|3
|choice|*|*switch 2
|choice|*move 1|*
|choice|move knockoff|switch 2
|
|switch|p2a: Skarmory|Skarmory, F|334\/334
|move|p1a: Scrafty|Knock Off|p2a: Skarmory
|-damage|p2a: Skarmory|263\/334
|-damage|p1a: Scrafty|227\/272|[from] item: Rocky Helmet|[of] p2a: Skarmory
|-enditem|p2a: Skarmory|Rocky Helmet|[from] move: Knock Off|[of] p1a: Scrafty
|-damage|p1a: Scrafty|200\/272|[from] item: Life Orb
|
|upkeep
|turn|4
|choice|*|*move 2
|choice|*switch 3|*
|choice|switch 3|move toxic
|
|switch|p1a: Kommo-o|Kommo-o, M|292\/292
|move|p2a: Skarmory|Toxic|p1a: Kommo-o
|-status|p1a: Kommo-o|tox
|
|-damage|p1a: Kommo-o|274\/292 tox|[from] psn
|upkeep
|turn|5
|choice|*move 4|*
|choice|*|*switch 2
|choice|*move 4|*
|choice|move thunderpunch|switch 2
|
|switch|p2a: Klefki|Klefki, F|318\/318
|move|p1a: Kommo-o|Thunder Punch|p2a: Klefki
|-damage|p2a: Klefki|281\/318
|
|-damage|p1a: Kommo-o|238\/292 tox|[from] psn
|upkeep
|turn|6
|choice|*|*move 4
|choice|*switch 4|*
|choice|switch 4|move spikes
|
|switch|p1a: Breloom|Breloom, M|261\/261
|move|p2a: Klefki|Spikes|p1a: Breloom
|-sidestart|p1: Marcos Pardo|Spikes
|
|upkeep
|turn|7
|choice|*|*move 1
|choice|*move 1|*
|choice|move leechseed|move thunderwave
|
|move|p2a: Klefki|Thunder Wave|p1a: Breloom
|-status|p1a: Breloom|par
|move|p1a: Breloom|Leech Seed|p2a: Klefki
|-start|p2a: Klefki|move: Leech Seed
|
|-damage|p2a: Klefki|242\/318|[from] Leech Seed|[of] p1a: Breloom
|upkeep
|turn|8
|choice|*|*switch 2
|choice|*switch 3|*
|choice|switch 3|switch 2
|
|switch|p2a: Skarmory|Skarmory, F|263\/334
|switch|p1a: Scrafty|Scrafty, F|200\/272
|-damage|p1a: Scrafty|166\/272|[from] Spikes
|
|-sideend|p2: jan suchiru|Reflect
|upkeep
|turn|9
|choice|*|*move 4
|choice|*move 2|*
|choice|move rest|move roost
|
|move|p1a: Scrafty|Rest|p1a: Scrafty
|-status|p1a: Scrafty|slp
|-heal|p1a: Scrafty|272\/272 slp|[silent]
|-status|p1a: Scrafty|slp|[from] move: Rest
|move|p2a: Skarmory|Roost|p2a: Skarmory
|-heal|p2a: Skarmory|334\/334
|
|upkeep
|turn|10
|choice|*|*move 3
|choice|*move 3|*
|choice|move drainpunch|move stealthrock
|
|cant|p1a: Scrafty|slp
|move|p2a: Skarmory|Stealth Rock|p1a: Scrafty
|-sidestart|p1: Marcos Pardo|move: Stealth Rock
|
|upkeep
|turn|11
|choice|*move 3|*
|choice|*|*move 1
|choice|move drainpunch|move bravebird
|
|cant|p1a: Scrafty|slp
|move|p2a: Skarmory|Brave Bird|p1a: Scrafty
|-supereffective|p1a: Scrafty
|-damage|p1a: Scrafty|48\/272 slp
|-damage|p2a: Skarmory|260\/334|[from] recoil
|
|upkeep
|turn|12
|choice|*move 2|*
|choice|*|*move 4
|choice|move rest|move roost
|
|-curestatus|p1a: Scrafty|slp|[msg]
|move|p1a: Scrafty|Rest|p1a: Scrafty
|-status|p1a: Scrafty|slp
|-heal|p1a: Scrafty|272\/272 slp|[silent]
|-status|p1a: Scrafty|slp|[from] move: Rest
|move|p2a: Skarmory|Roost|p2a: Skarmory
|-heal|p2a: Skarmory|334\/334
|
|-activate|p1a: Scrafty|ability: Shed Skin
|-curestatus|p1a: Scrafty|slp|[msg]
|upkeep
|turn|13
|choice|*|*move 1
|choice|*move 4|*
|choice|move dragondance|move bravebird
|
|move|p1a: Scrafty|Dragon Dance|p1a: Scrafty
|-boost|p1a: Scrafty|atk|1
|-boost|p1a: Scrafty|spe|1
|move|p2a: Skarmory|Brave Bird|p1a: Scrafty
|-supereffective|p1a: Scrafty
|-damage|p1a: Scrafty|74\/272
|-damage|p2a: Skarmory|269\/334|[from] recoil
|
|upkeep
|turn|14
|choice|*|*move 1
|choice|*move 2|*
|choice|move rest|move bravebird
|
|move|p1a: Scrafty|Rest|p1a: Scrafty
|-status|p1a: Scrafty|slp
|-heal|p1a: Scrafty|272\/272 slp|[silent]
|-status|p1a: Scrafty|slp|[from] move: Rest
|move|p2a: Skarmory|Brave Bird|p1a: Scrafty
|-supereffective|p1a: Scrafty
|-damage|p1a: Scrafty|66\/272 slp
|-damage|p2a: Skarmory|201\/334|[from] recoil
|
|upkeep
|turn|15
|choice|*|*move 1
|choice|*move 2|*
|choice|move rest|move bravebird
|
|cant|p1a: Scrafty|slp
|move|p2a: Skarmory|Brave Bird|p1a: Scrafty
|-supereffective|p1a: Scrafty
|-damage|p1a: Scrafty|0 fnt
|-damage|p2a: Skarmory|179\/334|[from] recoil
|faint|p1a: Scrafty
|
|upkeep
|choice|*switch 4|*
|choice|switch 4|
|
|switch|p1a: Kommo-o|Kommo-o, M|238\/292 tox
|-damage|p1a: Kommo-o|202\/292 tox|[from] Spikes
|-damage|p1a: Kommo-o|184\/292 tox|[from] Stealth Rock
|turn|16
|choice|*|*switch 2
|choice|*switch 2|*
|choice|switch 2|switch 2
|
|switch|p1a: Crabominable|Crabominable, M|336\/336
|-damage|p1a: Crabominable|294\/336|[from] Stealth Rock
|-damage|p1a: Crabominable|252\/336|[from] Spikes
|switch|p2a: Klefki|Klefki, F|242\/318
|
|upkeep
|turn|17
|choice|*|*move 3
|choice|*switch 5|*
|choice|switch 5|move reflect
|
|switch|p1a: Poliwrath|Poliwrath, F|322\/322
|-damage|p1a: Poliwrath|282\/322|[from] Spikes
|-damage|p1a: Poliwrath|262\/322|[from] Stealth Rock
|move|p2a: Klefki|Reflect|p2a: Klefki
|-sidestart|p2: jan suchiru|Reflect
|
|upkeep
|turn|18
|choice|*move 4|*
|choice|*|*move 1
|choice|move earthquake|move thunderwave
|
|move|p2a: Klefki|Thunder Wave|p1a: Poliwrath
|-status|p1a: Poliwrath|par
|move|p1a: Poliwrath|Earthquake|p2a: Klefki
|-supereffective|p2a: Klefki
|-damage|p2a: Klefki|116\/318
|-damage|p1a: Poliwrath|230\/322 par|[from] item: Life Orb
|
|upkeep
|turn|19
|choice|*|*switch 2
|choice|*move 1|*
|choice|move waterfall|switch 2
|
|switch|p2a: Skarmory|Skarmory, F|179\/334
|cant|p1a: Poliwrath|par
|
|upkeep
|turn|20
|choice|*move 1|*
|choice|*|*move 4
|choice|move waterfall|move roost
|
|move|p2a: Skarmory|Roost|p2a: Skarmory
|-heal|p2a: Skarmory|334\/334
|cant|p1a: Poliwrath|par
|
|upkeep
|turn|21
|choice|*|*move 1
|choice|*move 3|*
|choice|move icepunch|move bravebird
|
|move|p2a: Skarmory|Brave Bird|p1a: Poliwrath
|-supereffective|p1a: Poliwrath
|-damage|p1a: Poliwrath|0 fnt
|-damage|p2a: Skarmory|258\/334|[from] recoil
|faint|p1a: Poliwrath
|
|upkeep
|choice|*switch 2|*
|choice|switch 2|
|
|switch|p1a: Kommo-o|Kommo-o, M|184\/292 tox
|-damage|p1a: Kommo-o|148\/292 tox|[from] Spikes
|-damage|p1a: Kommo-o|130\/292 tox|[from] Stealth Rock
|turn|22
|choice|*move 4|*
|choice|*|*switch 2
|choice|*switch 6|*
|choice|switch 6|switch 2
|
|switch|p1a: Hawlucha|Hawlucha, M|323\/323
|-damage|p1a: Hawlucha|283\/323|[from] Stealth Rock
|switch|p2a: Klefki|Klefki, F|116\/318
|
|upkeep
|turn|23
|choice|*|*move 1
|choice|*move 4|*
|choice|move bulkup|move thunderwave
|
|move|p2a: Klefki|Thunder Wave|p1a: Hawlucha
|-status|p1a: Hawlucha|par
|cant|p1a: Hawlucha|par
|
|upkeep
|turn|24
|choice|*|*move 4
|choice|*move 4|*
|choice|move bulkup|move spikes
|
|move|p2a: Klefki|Spikes|p1a: Hawlucha
|-sidestart|p1: Marcos Pardo|Spikes
|move|p1a: Hawlucha|Bulk Up|p1a: Hawlucha
|-boost|p1a: Hawlucha|atk|1
|-boost|p1a: Hawlucha|def|1
|
|-sideend|p2: jan suchiru|Reflect
|upkeep
|turn|25
|choice|*|*move 4
|choice|*move 4|*
|choice|move bulkup|move spikes
|
|move|p2a: Klefki|Spikes|p1a: Hawlucha
|-sidestart|p1: Marcos Pardo|Spikes
|move|p1a: Hawlucha|Bulk Up|p1a: Hawlucha
|-boost|p1a: Hawlucha|atk|1
|-boost|p1a: Hawlucha|def|1
|
|upkeep
|turn|26
|choice|*move 4|*
|choice|*|*move 3
|choice|move bulkup|move reflect
|
|move|p2a: Klefki|Reflect|p2a: Klefki
|-sidestart|p2: jan suchiru|Reflect
|move|p1a: Hawlucha|Bulk Up|p1a: Hawlucha
|-boost|p1a: Hawlucha|atk|1
|-boost|p1a: Hawlucha|def|1
|
|upkeep
|turn|27
|choice|*move 4|*
|choice|*|*move 2
|choice|move bulkup|move lightscreen
|
|move|p2a: Klefki|Light Screen|p2a: Klefki
|-sidestart|p2: jan suchiru|move: Light Screen
|cant|p1a: Hawlucha|par
|
|upkeep
|turn|28
|choice|*|*switch 5
|choice|*move 2|*
|choice|move acrobatics|switch 5
|
|switch|p2a: Magnezone|Magnezone|281\/281
|move|p1a: Hawlucha|Acrobatics|p2a: Magnezone
|-resisted|p2a: Magnezone
|-damage|p2a: Magnezone|262\/281
|
|upkeep
|turn|29
|choice|*move 1|*
|choice|*|*move 1
|choice|move drainpunch|move thunderbolt
|
|move|p2a: Magnezone|Thunderbolt|p1a: Hawlucha
|-supereffective|p1a: Hawlucha
|-damage|p1a: Hawlucha|0 fnt
|faint|p1a: Hawlucha
|
|upkeep
|choice|*switch 3|*
|choice|switch 3|
|
|switch|p1a: Breloom|Breloom, M|261\/261 par
|-damage|p1a: Breloom|196\/261 par|[from] Spikes
|-damage|p1a: Breloom|180\/261 par|[from] Stealth Rock
|turn|30
|choice|*|*move 1
|c|☆Marcos Pardo|GG
|choice|*move 1|*
|choice|move leechseed|move thunderbolt
|
|move|p2a: Magnezone|Thunderbolt|p1a: Breloom
|-resisted|p1a: Breloom
|-damage|p1a: Breloom|40\/261 par
|move|p1a: Breloom|Leech Seed|p2a: Magnezone
|-start|p2a: Magnezone|move: Leech Seed
|
|-heal|p1a: Breloom|56\/261 par|[from] item: Leftovers
|-damage|p2a: Magnezone|227\/281|[from] Leech Seed|[of] p1a: Breloom
|-heal|p1a: Breloom|91\/261 par|[silent]
|upkeep
|turn|31
|choice|*|*move 1
|choice|*move 2|*
|choice|move protect|move thunderbolt
|
|cant|p1a: Breloom|par
|move|p2a: Magnezone|Thunderbolt|p1a: Breloom
|-resisted|p1a: Breloom
|-damage|p1a: Breloom|0 fnt
|faint|p1a: Breloom
|
|upkeep
|choice|*switch 6|*
|choice|switch 6|
|
|switch|p1a: Kommo-o|Kommo-o, M|130\/292 tox
|-damage|p1a: Kommo-o|112\/292 tox|[from] Stealth Rock
|-damage|p1a: Kommo-o|39\/292 tox|[from] Spikes
|turn|32
|choice|*|*move 1
|choice|*move 4|*
|choice|move thunderpunch|move thunderbolt
|
|move|p1a: Kommo-o|Thunder Punch|p2a: Magnezone
|-resisted|p2a: Magnezone
|-damage|p2a: Magnezone|211\/281
|move|p2a: Magnezone|Thunderbolt|p1a: Kommo-o
|-resisted|p1a: Kommo-o
|-damage|p1a: Kommo-o|0 fnt
|faint|p1a: Kommo-o
|
|upkeep
|choice|*switch 5|*
|choice|switch 5|
|
|switch|p1a: Crabominable|Crabominable, M|252\/336
|-damage|p1a: Crabominable|168\/336|[from] Spikes
|-damage|p1a: Crabominable|126\/336|[from] Stealth Rock
|turn|33
|choice|*|*move 1
|choice|*move 2|*
|choice|move icepunch|move thunderbolt
|
|move|p2a: Magnezone|Thunderbolt|p1a: Crabominable
|-damage|p1a: Crabominable|0 fnt
|faint|p1a: Crabominable
|
|win|jan suchiru
</script>
</div>
<div class="battle-log battle-log-inline"><div class="inner"><div class="battle-options"></div><div class="inner"><div class=""><small>Format:</small> <br><strong>OU</strong></div><div class=""><small><em>Cláusula-Mod de Dormir:</em> solo puedes dormir a uno de tus oponentes a la vez.</small></div><div class=""><small><em>Cláusula de Especie:</em> Hasta un Pokémon de cada especie</small></div><div class=""><small><em>Cláusula de Golpe Fulminante:</em> los movimientos fulminantes (OHKO) estan prohibidos</small></div><div class=""><small><em>Cláusula de Veleta:</em> la habilidad Veleta está prohibida</small></div><div class=""><small><em>Cláusula de Movimientos Evasivos:</em> los movimientos de Evasión están prohibidos.</small></div><div class=""><small><em>Cláusula de Batallas Eternas:</em> forzar batallas eternas está prohibido</small></div><div class="chat battle-history"><strong>Marcos Pardo's team:</strong> <em style="color:#445566;display:block;">Hawlucha / Crabominable / Scrafty / Breloom / Poliwrath / Kommo-o</em></div><div class="chat battle-history"><strong>jan suchiru's team:</strong> <em style="color:#445566;display:block;">Skarmory / Klefki / Excadrill / Empoleon / Magnezone / Aggron</em></div><div class="spacer battle-history"><br></div><div class="battle-history">Battle started between Marcos Pardo and jan suchiru!<br></div><div class="spacer battle-history"><br></div><div class="battle-history">Go! <strong>Kommo-o</strong>!<br></div><div class="spacer battle-history"><br></div><div class="battle-history">jan suchiru sent out <strong>Klefki</strong>!<br></div><div class="spacer battle-history"><br></div><h2 class="battle-history">Turn 1</h2><div class="spacer battle-history"><br></div><div class="battle-history">Kommo-o, come back!<br></div><div class="battle-history">Go! <strong>Scrafty</strong>!<br></div><div class="spacer battle-history"><br></div><div class="battle-history">The opposing Klefki used <strong>Reflect</strong>!<br></div><div class="battle-history"><small>Reflect made the opposing team stronger against physical moves!</small><br></div><div class="spacer battle-history"><br></div><h2 class="battle-history">Turn 2</h2><div class="spacer battle-history"><br></div><div class="battle-history">The opposing Klefki used <strong>Thunder Wave</strong>!<br></div><div class="battle-history"><small>It doesn't affect Scrafty...</small><br></div><div class="spacer battle-history"><br></div><div class="battle-history">Scrafty used <strong>Dragon Dance</strong>!<br></div><div class="battle-history"><small>Scrafty's Attack rose!</small><br></div><div class="battle-history"><small>Scrafty's Speed rose!</small><br></div><div class="spacer battle-history"><br></div><h2 class="battle-history">Turn 3</h2><div class="spacer battle-history"><br></div><div class="battle-history">jan suchiru withdrew Klefki!<br></div><div class="battle-history">jan suchiru sent out <strong>Skarmory</strong>!<br></div><div class="spacer battle-history"><br></div><div class="battle-history">Scrafty used <strong>Knock Off</strong>!<br></div><div class="battle-history"><small>(The opposing Skarmory lost <abbr title="−71/334">21.3%</abbr> of its health!)</small><br></div><div class="battle-history"><small>Scrafty was hurt by the Rocky Helmet!</small><br></div><div class="battle-history"><small>Scrafty knocked off the opposing Skarmory's Rocky Helmet!</small><br></div><div class="battle-history"><small>Scrafty lost some of its HP!</small><br></div><div class="spacer battle-history"><br></div><h2 class="battle-history">Turn 4</h2><div class="spacer battle-history"><br></div><div class="battle-history">Scrafty, come back!<br></div><div class="battle-history">Go! <strong>Kommo-o</strong>!<br></div><div class="spacer battle-history"><br></div><div class="battle-history">The opposing Skarmory used <strong>Toxic</strong>!<br></div><div class="battle-history"><small>Kommo-o was badly poisoned!</small><br></div><div class="spacer battle-history"><br></div><div class="battle-history"><small>Kommo-o was hurt by poison!</small><br></div><div class="spacer battle-history"><br></div><h2 class="battle-history">Turn 5</h2><div class="spacer battle-history"><br></div><div class="battle-history">jan suchiru withdrew Skarmory!<br></div><div class="battle-history">jan suchiru sent out <strong>Klefki</strong>!<br></div><div class="spacer battle-history"><br></div><div class="battle-history">Kommo-o used <strong>Thunder Punch</strong>!<br></div><div class="battle-history"><small>(The opposing Klefki lost <abbr title="−37/318">11.6%</abbr> of its health!)</small><br></div><div class="spacer battle-history"><br></div><div class="battle-history"><small>Kommo-o was hurt by poison!</small><br></div><div class="spacer battle-history"><br></div><h2 class="battle-history">Turn 6</h2><div class="spacer battle-history"><br></div><div class="battle-history">Kommo-o, come back!<br></div><div class="battle-history">Go! <strong>Breloom</strong>!<br></div><div class="spacer battle-history"><br></div><div class="battle-history">The opposing Klefki used <strong>Spikes</strong>!<br></div><div class="battle-history"><small>Spikes were scattered on the ground all around your team!</small><br></div><div class="spacer battle-history"><br></div><h2 class="battle-history">Turn 7</h2><div class="spacer battle-history"><br></div><div class="battle-history">The opposing Klefki used <strong>Thunder Wave</strong>!<br></div><div class="battle-history"><small>Breloom is paralyzed! It may be unable to move!</small><br></div><div class="spacer battle-history"><br></div><div class="battle-history">Breloom used <strong>Leech Seed</strong>!<br></div><div class="battle-history"><small>The opposing Klefki was seeded!</small><br></div><div class="spacer battle-history"><br></div><div class="battle-history"><small>The opposing Klefki's health is sapped by Leech Seed!</small><br></div><div class="spacer battle-history"><br></div><h2 class="battle-history">Turn 8</h2><div class="spacer battle-history"><br></div><div class="battle-history">jan suchiru withdrew Klefki!<br></div><div class="battle-history">jan suchiru sent out <strong>Skarmory</strong>!<br></div><div class="spacer battle-history"><br></div><div class="battle-history">Breloom, come back!<br></div><div class="battle-history">Go! <strong>Scrafty</strong>!<br></div><div class="battle-history"><small>Scrafty is hurt by the spikes!</small><br></div><div class="spacer battle-history"><br></div><div class="battle-history"><small>The opposing team's Reflect wore off!</small><br></div><div class="spacer battle-history"><br></div><h2 class="battle-history">Turn 9</h2><div class="spacer battle-history"><br></div><div class="battle-history">Scrafty used <strong>Rest</strong>!<br></div><div class="battle-history"><small>Scrafty fell asleep!</small><br></div><div class="battle-history"><small>Scrafty slept and became healthy!</small><br></div><div class="spacer battle-history"><br></div><div class="battle-history">The opposing Skarmory used <strong>Roost</strong>!<br></div><div class="battle-history"><small>The opposing Skarmory restored its HP.</small><br></div><div class="spacer battle-history"><br></div><h2 class="battle-history">Turn 10</h2><div class="spacer battle-history"><br></div><div class="battle-history">Scrafty is fast asleep.<br></div><div class="spacer battle-history"><br></div><div class="battle-history">The opposing Skarmory used <strong>Stealth Rock</strong>!<br></div><div class="battle-history"><small>Pointed stones float in the air around your team!</small><br></div><div class="spacer battle-history"><br></div><h2 class="battle-history">Turn 11</h2><div class="spacer battle-history"><br></div><div class="battle-history">Scrafty is fast asleep.<br></div><div class="spacer battle-history"><br></div><div class="battle-history">The opposing Skarmory used <strong>Brave Bird</strong>!<br></div><div class="battle-history"><small>It's super effective!</small><br></div><div class="battle-history"><small>(Scrafty lost <abbr title="−224/272">82.4%</abbr> of its health!)</small><br></div><div class="battle-history"><small>The opposing Skarmory is damaged by the recoil!</small><br></div><div class="spacer battle-history"><br></div><h2 class="battle-history">Turn 12</h2><div class="spacer battle-history"><br></div><div class="battle-history"><small>Scrafty woke up!</small><br></div><div class="spacer battle-history"><br></div><div class="battle-history">Scrafty used <strong>Rest</strong>!<br></div><div class="battle-history"><small>Scrafty fell asleep!</small><br></div><div class="battle-history"><small>Scrafty slept and became healthy!</small><br></div><div class="spacer battle-history"><br></div><div class="battle-history">The opposing Skarmory used <strong>Roost</strong>!<br></div><div class="battle-history"><small>The opposing Skarmory restored its HP.</small><br></div><div class="spacer battle-history"><br></div><div class="battle-history"><small>[Scrafty's Shed Skin]</small><br></div><div class="battle-history"><small>Scrafty woke up!</small><br></div><div class="spacer battle-history"><br></div><h2 class="battle-history">Turn 13</h2><div class="spacer battle-history"><br></div><div class="battle-history">Scrafty used <strong>Dragon Dance</strong>!<br></div><div class="battle-history"><small>Scrafty's Attack rose!</small><br></div><div class="battle-history"><small>Scrafty's Speed rose!</small><br></div><div class="spacer battle-history"><br></div><div class="battle-history">The opposing Skarmory used <strong>Brave Bird</strong>!<br></div><div class="battle-history"><small>It's super effective!</small><br></div><div class="battle-history"><small>(Scrafty lost <abbr title="−198/272">72.8%</abbr> of its health!)</small><br></div><div class="battle-history"><small>The opposing Skarmory is damaged by the recoil!</small><br></div><div class="spacer battle-history"><br></div><h2 class="battle-history">Turn 14</h2><div class="spacer battle-history"><br></div><div class="battle-history">Scrafty used <strong>Rest</strong>!<br></div><div class="battle-history"><small>Scrafty fell asleep!</small><br></div><div class="battle-history"><small>Scrafty slept and became healthy!</small><br></div><div class="spacer battle-history"><br></div><div class="battle-history">The opposing Skarmory used <strong>Brave Bird</strong>!<br></div><div class="battle-history"><small>It's super effective!</small><br></div><div class="battle-history"><small>(Scrafty lost <abbr title="−206/272">75.7%</abbr> of its health!)</small><br></div><div class="battle-history"><small>The opposing Skarmory is damaged by the recoil!</small><br></div><div class="spacer battle-history"><br></div><h2 class="battle-history">Turn 15</h2><div class="spacer battle-history"><br></div><div class="battle-history">Scrafty is fast asleep.<br></div><div class="spacer battle-history"><br></div><div class="battle-history">The opposing Skarmory used <strong>Brave Bird</strong>!<br></div><div class="battle-history"><small>It's super effective!</small><br></div><div class="battle-history"><small>(Scrafty lost <abbr title="−66/272">24.3%</abbr> of its health!)</small><br></div><div class="battle-history"><small>The opposing Skarmory is damaged by the recoil!</small><br></div><div class="spacer battle-history"><br></div><div class="battle-history">Scrafty fainted!<br></div><div class="spacer battle-history"><br></div><div class="battle-history">Go! <strong>Kommo-o</strong>!<br></div><div class="battle-history"><small>Kommo-o is hurt by the spikes!</small><br></div><div class="battle-history"><small>Pointed stones dug into Kommo-o!</small><br></div><div class="spacer battle-history"><br></div><h2 class="battle-history">Turn 16</h2><div class="spacer battle-history"><br></div><div class="battle-history">Kommo-o, come back!<br></div><div class="battle-history">Go! <strong>Crabominable</strong>!<br></div><div class="battle-history"><small>Pointed stones dug into Crabominable!</small><br></div><div class="battle-history"><small>Crabominable is hurt by the spikes!</small><br></div><div class="spacer battle-history"><br></div><div class="battle-history">jan suchiru withdrew Skarmory!<br></div><div class="battle-history">jan suchiru sent out <strong>Klefki</strong>!<br></div><div class="spacer battle-history"><br></div><h2 class="battle-history">Turn 17</h2><div class="spacer battle-history"><br></div><div class="battle-history">Crabominable, come back!<br></div><div class="battle-history">Go! <strong>Poliwrath</strong>!<br></div><div class="battle-history"><small>Poliwrath is hurt by the spikes!</small><br></div><div class="battle-history"><small>Pointed stones dug into Poliwrath!</small><br></div><div class="spacer battle-history"><br></div><div class="battle-history">The opposing Klefki used <strong>Reflect</strong>!<br></div><div class="battle-history"><small>Reflect made the opposing team stronger against physical moves!</small><br></div><div class="spacer battle-history"><br></div><h2 class="battle-history">Turn 18</h2><div class="spacer battle-history"><br></div><div class="battle-history">The opposing Klefki used <strong>Thunder Wave</strong>!<br></div><div class="battle-history"><small>Poliwrath is paralyzed! It may be unable to move!</small><br></div><div class="spacer battle-history"><br></div><div class="battle-history">Poliwrath used <strong>Earthquake</strong>!<br></div><div class="battle-history"><small>It's super effective!</small><br></div><div class="battle-history"><small>(The opposing Klefki lost <abbr title="−126/318">39.6%</abbr> of its health!)</small><br></div><div class="battle-history"><small>Poliwrath lost some of its HP!</small><br></div><div class="spacer battle-history"><br></div><h2 class="battle-history">Turn 19</h2><div class="spacer battle-history"><br></div><div class="battle-history">jan suchiru withdrew Klefki!<br></div><div class="battle-history">jan suchiru sent out <strong>Skarmory</strong>!<br></div><div class="spacer battle-history"><br></div><div class="battle-history">Poliwrath is paralyzed! It can't move!<br></div><div class="spacer battle-history"><br></div><h2 class="battle-history">Turn 20</h2><div class="spacer battle-history"><br></div><div class="battle-history">The opposing Skarmory used <strong>Roost</strong>!<br></div><div class="battle-history"><small>The opposing Skarmory restored its HP.</small><br></div><div class="spacer battle-history"><br></div><div class="battle-history">Poliwrath is paralyzed! It can't move!<br></div><div class="spacer battle-history"><br></div><h2 class="battle-history">Turn 21</h2><div class="spacer battle-history"><br></div><div class="battle-history">The opposing Skarmory used <strong>Brave Bird</strong>!<br></div><div class="battle-history"><small>It's super effective!</small><br></div><div class="battle-history"><small>(Poliwrath lost <abbr title="−230/322">71.4%</abbr> of its health!)</small><br></div><div class="battle-history"><small>The opposing Skarmory is damaged by the recoil!</small><br></div><div class="spacer battle-history"><br></div><div class="battle-history">Poliwrath fainted!<br></div><div class="spacer battle-history"><br></div><div class="battle-history">Go! <strong>Kommo-o</strong>!<br></div><div class="battle-history"><small>Kommo-o is hurt by the spikes!</small><br></div><div class="battle-history"><small>Pointed stones dug into Kommo-o!</small><br></div><div class="spacer battle-history"><br></div><h2 class="battle-history">Turn 22</h2><div class="spacer battle-history"><br></div><div class="battle-history">Kommo-o, come back!<br></div><div class="battle-history">Go! <strong>Hawlucha</strong>!<br></div><div class="battle-history"><small>Pointed stones dug into Hawlucha!</small><br></div><div class="spacer battle-history"><br></div><div class="battle-history">jan suchiru withdrew Skarmory!<br></div><div class="battle-history">jan suchiru sent out <strong>Klefki</strong>!<br></div><div class="spacer battle-history"><br></div><h2 class="battle-history">Turn 23</h2><div class="spacer battle-history"><br></div><div class="battle-history">The opposing Klefki used <strong>Thunder Wave</strong>!<br></div><div class="battle-history"><small>Hawlucha is paralyzed! It may be unable to move!</small><br></div><div class="spacer battle-history"><br></div><div class="battle-history">Hawlucha is paralyzed! It can't move!<br></div><div class="spacer battle-history"><br></div><h2 class="battle-history">Turn 24</h2><div class="spacer battle-history"><br></div><div class="battle-history">The opposing Klefki used <strong>Spikes</strong>!<br></div><div class="battle-history"><small>Spikes were scattered on the ground all around your team!</small><br></div><div class="spacer battle-history"><br></div><div class="battle-history">Hawlucha used <strong>Bulk Up</strong>!<br></div><div class="battle-history"><small>Hawlucha's Attack rose!</small><br></div><div class="battle-history"><small>Hawlucha's Defense rose!</small><br></div><div class="spacer battle-history"><br></div><div class="battle-history"><small>The opposing team's Reflect wore off!</small><br></div><div class="spacer battle-history"><br></div><h2 class="battle-history">Turn 25</h2><div class="spacer battle-history"><br></div><div class="battle-history">The opposing Klefki used <strong>Spikes</strong>!<br></div><div class="battle-history"><small>Spikes were scattered on the ground all around your team!</small><br></div><div class="spacer battle-history"><br></div><div class="battle-history">Hawlucha used <strong>Bulk Up</strong>!<br></div><div class="battle-history"><small>Hawlucha's Attack rose!</small><br></div><div class="battle-history"><small>Hawlucha's Defense rose!</small><br></div><div class="spacer battle-history"><br></div><h2 class="battle-history">Turn 26</h2><div class="spacer battle-history"><br></div><div class="battle-history">The opposing Klefki used <strong>Reflect</strong>!<br></div><div class="battle-history"><small>Reflect made the opposing team stronger against physical moves!</small><br></div><div class="spacer battle-history"><br></div><div class="battle-history">Hawlucha used <strong>Bulk Up</strong>!<br></div><div class="battle-history"><small>Hawlucha's Attack rose!</small><br></div><div class="battle-history"><small>Hawlucha's Defense rose!</small><br></div><div class="spacer battle-history"><br></div><h2 class="battle-history">Turn 27</h2><div class="spacer battle-history"><br></div><div class="battle-history">The opposing Klefki used <strong>Light Screen</strong>!<br></div><div class="battle-history"><small>Light Screen made the opposing team stronger against special moves!</small><br></div><div class="spacer battle-history"><br></div><div class="battle-history">Hawlucha is paralyzed! It can't move!<br></div><div class="spacer battle-history"><br></div><h2 class="battle-history">Turn 28</h2><div class="spacer battle-history"><br></div><div class="battle-history">jan suchiru withdrew Klefki!<br></div><div class="battle-history">jan suchiru sent out <strong>Magnezone</strong>!<br></div><div class="spacer battle-history"><br></div><div class="battle-history">Hawlucha used <strong>Acrobatics</strong>!<br></div><div class="battle-history"><small>It's not very effective...</small><br></div><div class="battle-history"><small>(The opposing Magnezone lost <abbr title="−19/281">6.8%</abbr> of its health!)</small><br></div><div class="spacer battle-history"><br></div><h2 class="battle-history">Turn 29</h2><div class="spacer battle-history"><br></div><div class="battle-history">The opposing Magnezone used <strong>Thunderbolt</strong>!<br></div><div class="battle-history"><small>It's super effective!</small><br></div><div class="battle-history"><small>(Hawlucha lost <abbr title="−283/323">87.6%</abbr> of its health!)</small><br></div><div class="spacer battle-history"><br></div><div class="battle-history">Hawlucha fainted!<br></div><div class="spacer battle-history"><br></div><div class="battle-history">Go! <strong>Breloom</strong>!<br></div><div class="battle-history"><small>Breloom is hurt by the spikes!</small><br></div><div class="battle-history"><small>Pointed stones dug into Breloom!</small><br></div><div class="spacer battle-history"><br></div><h2 class="battle-history">Turn 30</h2><div class="chat chatmessage-marcospardo"><strong style="color:hsl(238,63%,61.744183916365955%)"><small>☆</small><span class="username" data-name="Marcos Pardo">Marcos Pardo</span>:</strong> <em>GG</em></div><div class="spacer battle-history"><br></div><div class="battle-history">The opposing Magnezone used <strong>Thunderbolt</strong>!<br></div><div class="battle-history"><small>It's not very effective...</small><br></div><div class="battle-history"><small>(Breloom lost <abbr title="−140/261">53.6%</abbr> of its health!)</small><br></div><div class="spacer battle-history"><br></div><div class="battle-history">Breloom used <strong>Leech Seed</strong>!<br></div><div class="battle-history"><small>The opposing Magnezone was seeded!</small><br></div><div class="spacer battle-history"><br></div><div class="battle-history"><small>Breloom restored a little HP using its Leftovers!</small><br></div><div class="battle-history"><small>The opposing Magnezone's health is sapped by Leech Seed!</small><br></div><div class="spacer battle-history"><br></div><h2 class="battle-history">Turn 31</h2><div class="spacer battle-history"><br></div><div class="battle-history">Breloom is paralyzed! It can't move!<br></div><div class="spacer battle-history"><br></div><div class="battle-history">The opposing Magnezone used <strong>Thunderbolt</strong>!<br></div><div class="battle-history"><small>It's not very effective...</small><br></div><div class="battle-history"><small>(Breloom lost <abbr title="−91/261">34.9%</abbr> of its health!)</small><br></div><div class="spacer battle-history"><br></div><div class="battle-history">Breloom fainted!<br></div><div class="spacer battle-history"><br></div><div class="battle-history">Go! <strong>Kommo-o</strong>!<br></div><div class="battle-history"><small>Pointed stones dug into Kommo-o!</small><br></div><div class="battle-history"><small>Kommo-o is hurt by the spikes!</small><br></div><div class="spacer battle-history"><br></div><h2 class="battle-history">Turn 32</h2><div class="spacer battle-history"><br></div><div class="battle-history">Kommo-o used <strong>Thunder Punch</strong>!<br></div><div class="battle-history"><small>It's not very effective...</small><br></div><div class="battle-history"><small>(The opposing Magnezone lost <abbr title="−16/281">5.7%</abbr> of its health!)</small><br></div><div class="spacer battle-history"><br></div><div class="battle-history">The opposing Magnezone used <strong>Thunderbolt</strong>!<br></div><div class="battle-history"><small>It's not very effective...</small><br></div><div class="battle-history"><small>(Kommo-o lost <abbr title="−39/292">13.4%</abbr> of its health!)</small><br></div><div class="spacer battle-history"><br></div><div class="battle-history">Kommo-o fainted!<br></div><div class="spacer battle-history"><br></div><div class="battle-history">Go! <strong>Crabominable</strong>!<br></div><div class="battle-history"><small>Crabominable is hurt by the spikes!</small><br></div><div class="battle-history"><small>Pointed stones dug into Crabominable!</small><br></div><div class="spacer battle-history"><br></div><h2 class="battle-history">Turn 33</h2><div class="spacer battle-history"><br></div><div class="battle-history">The opposing Magnezone used <strong>Thunderbolt</strong>!<br></div><div class="battle-history"><small>(Crabominable lost <abbr title="−126/336">37.5%</abbr> of its health!)</small><br></div><div class="spacer battle-history"><br></div><div class="battle-history">Crabominable fainted!<br></div><div class="spacer battle-history"><br></div><div class="battle-history"><strong>jan suchiru</strong> won the battle!<br></div></div><div class="inner-preempt"></div></div></div>
</div>
<script>
let daily = Math.floor(Date.now()/1000/60/60/24);document.write('<script src="https://play.pokemonshowdown.com/js/replay-embed.js?version'+daily+'"></'+'script>');
</script>
