<!DOCTYPE html>
<meta charset="utf-8" />
<!-- version 1 -->
<title>OU replay: RayParK_ vs. Cacoluis2005</title>
<style>
html,body {font-family:Verdana, sans-serif;font-size:10pt;margin:0;padding:0;}body{padding:12px 0;} .battle-log {font-family:Verdana, sans-serif;font-size:10pt;} .battle-log-inline {border:1px solid #AAAAAA;background:#EEF2F5;color:black;max-width:640px;margin:0 auto 80px;padding-bottom:5px;} .battle-log .inner {padding:4px 8px 0px 8px;} .battle-log .inner-preempt {padding:0 8px 4px 8px;} .battle-log .inner-after {margin-top:0.5em;} .battle-log h2 {margin:0.5em -8px;padding:4px 8px;border:1px solid #AAAAAA;background:#E0E7EA;border-left:0;border-right:0;font-family:Verdana, sans-serif;font-size:13pt;} .battle-log .chat {vertical-align:middle;padding:3px 0 3px 0;font-size:8pt;} .battle-log .chat strong {color:#40576A;} .battle-log .chat em {padding:1px 4px 1px 3px;color:#000000;font-style:normal;} .chat.mine {background:rgba(0,0,0,0.05);margin-left:-8px;margin-right:-8px;padding-left:8px;padding-right:8px;} .spoiler {color:#BBBBBB;background:#BBBBBB;padding:0px 3px;} .spoiler:hover, .spoiler:active, .spoiler-shown {color:#000000;background:#E2E2E2;padding:0px 3px;} .spoiler a {color:#BBBBBB;} .spoiler:hover a, .spoiler:active a, .spoiler-shown a {color:#2288CC;} .chat code, .chat .spoiler:hover code, .chat .spoiler:active code, .chat .spoiler-shown code {border:1px solid #C0C0C0;background:#EEEEEE;color:black;padding:0 2px;} .chat .spoiler code {border:1px solid #CCCCCC;background:#CCCCCC;color:#CCCCCC;} .battle-log .rated {padding:3px 4px;} .battle-log .rated strong {color:white;background:#89A;padding:1px 4px;border-radius:4px;} .spacer {margin-top:0.5em;} .message-announce {background:#6688AA;color:white;padding:1px 4px 2px;} .message-announce a, .broadcast-green a, .broadcast-blue a, .broadcast-red a {color:#DDEEFF;} .broadcast-green {background-color:#559955;color:white;padding:2px 4px;} .broadcast-blue {background-color:#6688AA;color:white;padding:2px 4px;} .infobox {border:1px solid #6688AA;padding:2px 4px;} .infobox-limited {max-height:200px;overflow:auto;overflow-x:hidden;} .broadcast-red {background-color:#AA5544;color:white;padding:2px 4px;} .message-learn-canlearn {font-weight:bold;color:#228822;text-decoration:underline;} .message-learn-cannotlearn {font-weight:bold;color:#CC2222;text-decoration:underline;} .message-effect-weak {font-weight:bold;color:#CC2222;} .message-effect-resist {font-weight:bold;color:#6688AA;} .message-effect-immune {font-weight:bold;color:#666666;} .message-learn-list {margin-top:0;margin-bottom:0;} .message-throttle-notice, .message-error {color:#992222;} .message-overflow, .chat small.message-overflow {font-size:0pt;} .message-overflow::before {font-size:9pt;content:'...';} .subtle {color:#3A4A66;}
</style>
<div class="wrapper replay-wrapper" style="max-width:1180px;margin:0 auto">
<input type="hidden" name="replayid" value="destiny-ou-431819" />
<div class="battle"></div><div class="battle-log"></div><div class="replay-controls"></div><div class="replay-controls-2"></div>
<h1 style="font-weight:normal;text-align:center"><strong>OU</strong><br /><a href="http://pokemonshowdown.com/users/raypark" class="subtle" target="_blank">RayParK_</a> vs. <a href="http://pokemonshowdown.com/users/cacoluis2005" class="subtle" target="_blank">Cacoluis2005</a></h1>
<script type="text/plain" class="battle-log-data">|player|p1|RayParK_|101
|teamsize|p1|6
|player|p2|Cacoluis2005|267
|teamsize|p2|6
|teamsize|p1|6
|teamsize|p2|6
|gametype|singles
|gen|7
|tier|OU
|rated
|seed|4448,56700,55798,49213
|rule|Cláusula-Mod de Dormir: solo puedes dormir a uno de tus oponentes a la vez.
|rule|Cláusula de Especie: Hasta un Pokémon de cada especie
|rule|Cláusula de Golpe Fulminante: los movimientos fulminantes (OHKO) estan prohibidos
|rule|Cláusula de Veleta: la habilidad Veleta está prohibida
|rule|Cláusula de Movimientos Evasivos: los movimientos de Evasión están prohibidos.
|rule|Cláusula de Batallas Eternas: forzar batallas eternas está prohibido
|clearpoke
|poke|p1|Magearna|item
|poke|p1|Rotom-Wash|item
|poke|p1|Landorus-Therian, M|item
|poke|p1|Tornadus-Therian, M|item
|poke|p1|Kyurem-Black|item
|poke|p1|Medicham, M, shiny|item
|poke|p2|Aerodactyl, M, shiny|item
|poke|p2|Tapu Bulu|item
|poke|p2|Rotom-Wash|item
|poke|p2|Mamoswine, M|item
|poke|p2|Zygarde|item
|poke|p2|Volcarona, F, shiny|item
|teampreview|undefined
|inactive|Reloj de batalla ENCENDIDO. El jugador inactivo será descalificado (solicitado por Cacoluis2005).
|c|☆Cacoluis2005|hola
|choice|*team 623451|*
|choice|*|*team 423156
|choice|team 6, 2, 3, 4, 5, 1|team 4, 2, 3, 1, 5, 6
|
|start
|switch|p1a: Medicham|Medicham, M, shiny|262\/262
|switch|p2a: Mamoswine|Mamoswine, M|361\/361
|turn|1
|choice|*|*move 1
|choice|*move 4 mega|*
|choice|move fakeout mega|move stealthrock
|
|-mega|p1a: Medicham|Medicham|Medichamite
|detailschange|p1a: Medicham|Medicham-Mega, M, shiny
|move|p1a: Medicham|Fake Out|p2a: Mamoswine
|-damage|p2a: Mamoswine|257\/361
|cant|p2a: Mamoswine|flinch
|
|upkeep
|turn|2
|choice|*|*move 4
|c|☆RayParK_|Hola
|choice|*move 2|*
|choice|move highjumpkick|move iceshard
|
|move|p2a: Mamoswine|Ice Shard|p1a: Medicham
|-damage|p1a: Medicham|174\/262
|move|p1a: Medicham|High Jump Kick|p2a: Mamoswine
|-supereffective|p2a: Mamoswine
|-damage|p2a: Mamoswine|0 fnt
|faint|p2a: Mamoswine
|
|upkeep
|c|☆Cacoluis2005|como etsas
|c|☆RayParK_|bien
|choice|*|*switch 4
|choice||switch 4
|
|switch|p2a: Aerodactyl|Aerodactyl, M, shiny|301\/301
|-ability|p2a: Aerodactyl|Pressure
|turn|3
|choice|*switch 3|*
|choice|*|*move 1 mega
|choice|switch 3|move aerialace mega
|
|switch|p1a: Landorus|Landorus-Therian, M|382\/382
|-ability|p1a: Landorus|Intimidate|boost
|-unboost|p2a: Aerodactyl|atk|1
|-mega|p2a: Aerodactyl|Aerodactyl|Aerodactylite
|detailschange|p2a: Aerodactyl|Aerodactyl-Mega, M, shiny
|move|p2a: Aerodactyl|Aerial Ace|p1a: Landorus
|-damage|p1a: Landorus|303\/382
|-damage|p2a: Aerodactyl|251\/301|[from] item: Rocky Helmet|[of] p1a: Landorus
|
|upkeep
|turn|4
|c|☆Cacoluis2005|me alegero
|choice|*|*move 3
|choice|*move 2|*
|choice|move stealthrock|move icefang
|
|move|p2a: Aerodactyl|Ice Fang|p1a: Landorus
|-supereffective|p1a: Landorus
|-damage|p1a: Landorus|99\/382
|-damage|p2a: Aerodactyl|201\/301|[from] item: Rocky Helmet|[of] p1a: Landorus
|move|p1a: Landorus|Stealth Rock|p2a: Aerodactyl
|-sidestart|p2: Cacoluis2005|move: Stealth Rock
|
|upkeep
|turn|5
|choice|*|*move 3
|choice|*switch 2|*
|choice|switch 2|move icefang
|
|switch|p1a: Rotom|Rotom-Wash|304\/304
|move|p2a: Aerodactyl|Ice Fang|p1a: Rotom
|-resisted|p1a: Rotom
|-damage|p1a: Rotom|274\/304
|
|-heal|p1a: Rotom|293\/304|[from] item: Leftovers
|upkeep
|turn|6
|choice|*|*switch 2
|choice|*move 2|*
|choice|move voltswitch|switch 2
|
|switch|p2a: Tapu Bulu|Tapu Bulu|343\/343
|-damage|p2a: Tapu Bulu|301\/343|[from] Stealth Rock
|-fieldstart|move: Grassy Terrain|[from] ability: Grassy Surge|[of] p2a: Tapu Bulu
|move|p1a: Rotom|Volt Switch|p2a: Tapu Bulu
|-resisted|p2a: Tapu Bulu
|-damage|p2a: Tapu Bulu|270\/343
|choice|*switch 5|*
|choice|switch 5|
|
|switch|p1a: Kyurem|Kyurem-Black|392\/392|[from]move: Volt Switch
|-ability|p1a: Kyurem|Teravolt
|
|-heal|p2a: Tapu Bulu|291\/343|[from] Grassy Terrain
|upkeep
|turn|7
|choice|*|*switch 3
|choice|*move 1 zmove|*
|choice|move freezeshock zmove|switch 3
|
|switch|p2a: Rotom|Rotom-Wash|304\/304
|-damage|p2a: Rotom|266\/304|[from] Stealth Rock
|-zpower|p1a: Kyurem
|move|p1a: Kyurem|Subzero Slammer|p2a: Rotom|[zeffect]
|-resisted|p2a: Rotom
|-damage|p2a: Rotom|47\/304
|
|-heal|p2a: Rotom|66\/304|[from] item: Leftovers
|upkeep
|turn|8
|choice|*|*move 1
|choice|*move 2|*
|choice|move fusionbolt|move defog
|
|move|p1a: Kyurem|Fusion Bolt|p2a: Rotom
|-damage|p2a: Rotom|0 fnt
|faint|p2a: Rotom
|
|upkeep
|choice|*|*switch 2
|choice||switch 2
|
|switch|p2a: Aerodactyl|Aerodactyl-Mega, M, shiny|201\/301
|-damage|p2a: Aerodactyl|126\/301|[from] Stealth Rock
|turn|9
|choice|*|*move 2
|choice|*switch 6|*
|choice|switch 6|move stoneedge
|
|switch|p1a: Magearna|Magearna|364\/364
|move|p2a: Aerodactyl|Stone Edge|p1a: Magearna
|-resisted|p1a: Magearna
|-damage|p1a: Magearna|279\/364
|
|-heal|p1a: Magearna|301\/364|[from] Grassy Terrain
|upkeep
|turn|10
|choice|*|*move 4
|choice|*switch 2|*
|choice|switch 2|move firefang
|
|switch|p1a: Landorus|Landorus-Therian, M|99\/382
|-ability|p1a: Landorus|Intimidate|boost
|-unboost|p2a: Aerodactyl|atk|1
|move|p2a: Aerodactyl|Fire Fang|p1a: Landorus
|-damage|p1a: Landorus|49\/382
|-damage|p2a: Aerodactyl|76\/301|[from] item: Rocky Helmet|[of] p1a: Landorus
|
|-fieldend|move: Grassy Terrain
|upkeep
|turn|11
|choice|*|*move 4
|choice|*switch 5|*
|choice|switch 5|move firefang
|
|switch|p1a: Rotom|Rotom-Wash|293\/304
|move|p2a: Aerodactyl|Fire Fang|p1a: Rotom
|-resisted|p1a: Rotom
|-damage|p1a: Rotom|259\/304
|
|-heal|p1a: Rotom|278\/304|[from] item: Leftovers
|upkeep
|turn|12
|choice|*|*move 2
|choice|*move 3|*
|choice|move hydropump|move stoneedge
|
|move|p2a: Aerodactyl|Stone Edge|p1a: Rotom|[miss]
|-miss|p2a: Aerodactyl|p1a: Rotom
|move|p1a: Rotom|Hydro Pump|p2a: Aerodactyl|[miss]
|-miss|p1a: Rotom|p2a: Aerodactyl
|
|-heal|p1a: Rotom|297\/304|[from] item: Leftovers
|upkeep
|turn|13
|choice|*|*move 2
|choice|*move 2|*
|choice|move voltswitch|move stoneedge
|
|move|p2a: Aerodactyl|Stone Edge|p1a: Rotom
|-damage|p1a: Rotom|174\/304
|move|p1a: Rotom|Volt Switch|p2a: Aerodactyl
|-supereffective|p2a: Aerodactyl
|-damage|p2a: Aerodactyl|0 fnt
|faint|p2a: Aerodactyl
|choice|*switch 4|*
|choice|switch 4|
|
|switch|p1a: Tornadus|Tornadus-Therian, M|300\/300|[from]move: Volt Switch
|
|upkeep
|choice|*|*switch 5
|choice||switch 5
|
|switch|p2a: Zygarde|Zygarde|357\/357
|-damage|p2a: Zygarde|335\/357|[from] Stealth Rock
|-ability|p2a: Zygarde|Aura Break
|turn|14
|choice|*|*move 1
|choice|*move 1|*
|choice|move hurricane|move dragondance
|
|move|p1a: Tornadus|Hurricane|p2a: Zygarde
|-damage|p2a: Zygarde|93\/357
|-damage|p1a: Tornadus|270\/300|[from] item: Life Orb
|move|p2a: Zygarde|Dragon Dance|p2a: Zygarde
|-boost|p2a: Zygarde|atk|1
|-boost|p2a: Zygarde|spe|1
|
|-heal|p2a: Zygarde|115\/357|[from] item: Leftovers
|upkeep
|turn|15
|choice|*|*move 3
|choice|*move 1|*
|choice|move hurricane|move thousandarrows
|
|move|p2a: Zygarde|Thousand Arrows|p1a: Tornadus
|-damage|p1a: Tornadus|0 fnt
|faint|p1a: Tornadus
|
|-heal|p2a: Zygarde|137\/357|[from] item: Leftovers
|upkeep
|choice|*switch 5|*
|choice|switch 5|
|
|switch|p1a: Landorus|Landorus-Therian, M|49\/382
|-ability|p1a: Landorus|Intimidate|boost
|-unboost|p2a: Zygarde|atk|1
|turn|16
|choice|*move 1|*
|choice|*|*move 3
|choice|move hiddenpower|move thousandarrows
|
|move|p2a: Zygarde|Thousand Arrows|p1a: Landorus
|-crit|p1a: Landorus
|-damage|p1a: Landorus|0 fnt
|faint|p1a: Landorus
|
|-heal|p2a: Zygarde|159\/357|[from] item: Leftovers
|upkeep
|choice|*switch 3|*
|choice|switch 3|
|
|switch|p1a: Medicham|Medicham-Mega, M, shiny|174\/262
|turn|17
|choice|*move 1|*
|choice|*|*move 2
|choice|move icepunch|move outrage
|
|move|p2a: Zygarde|Outrage|p1a: Medicham
|-damage|p1a: Medicham|0 fnt
|faint|p1a: Medicham
|
|-heal|p2a: Zygarde|181\/357|[from] item: Leftovers
|upkeep
|choice|*switch 2|*
|choice|switch 2|
|
|switch|p1a: Magearna|Magearna|301\/364
|turn|18
|choice|*move 2|*
|choice|*|*move 1
|choice|move icebeam|move outrage
|
|move|p2a: Zygarde|Outrage|p1a: Magearna|[from]lockedmove
|-immune|p1a: Magearna|[msg]
|move|p1a: Magearna|Ice Beam|p2a: Zygarde
|-supereffective|p2a: Zygarde
|-damage|p2a: Zygarde|0 fnt
|faint|p2a: Zygarde
|-ability|p1a: Magearna|Soul-Heart|boost
|-boost|p1a: Magearna|spa|1
|
|upkeep
|choice|*|*switch 6
|choice||switch 6
|
|switch|p2a: Volcarona|Volcarona, F, shiny|311\/311
|-damage|p2a: Volcarona|156\/311|[from] Stealth Rock
|turn|19
|choice|*|*move 1
|choice|*move 3|*
|choice|move voltswitch|move quiverdance
|
|move|p2a: Volcarona|Quiver Dance|p2a: Volcarona
|-boost|p2a: Volcarona|spa|1
|-boost|p2a: Volcarona|spd|1
|-boost|p2a: Volcarona|spe|1
|move|p1a: Magearna|Volt Switch|p2a: Volcarona
|-damage|p2a: Volcarona|86\/311
|choice|*switch 6|*
|choice|switch 6|
|
|switch|p1a: Kyurem|Kyurem-Black|392\/392|[from]move: Volt Switch
|-ability|p1a: Kyurem|Teravolt
|
|upkeep
|turn|20
|choice|*move 2|*
|choice|*|*move 4 zmove
|choice|move fusionbolt|move bugbuzz zmove
|
|-zpower|p2a: Volcarona
|move|p2a: Volcarona|Savage Spin-Out|p1a: Kyurem|[zeffect]
|-damage|p1a: Kyurem|0 fnt
|faint|p1a: Kyurem
|
|upkeep
|choice|*switch 4|*
|choice|switch 4|
|
|switch|p1a: Rotom|Rotom-Wash|174\/304
|turn|21
|choice|*move 3|*
|choice|*|*move 3
|choice|move hydropump|move gigadrain
|
|move|p2a: Volcarona|Giga Drain|p1a: Rotom
|-supereffective|p1a: Rotom
|-damage|p1a: Rotom|0 fnt
|-heal|p2a: Volcarona|173\/311|[from] drain|[of] p1a: Rotom
|faint|p1a: Rotom
|
|upkeep
|choice|*switch 6|*
|choice|switch 6|
|
|switch|p1a: Magearna|Magearna|301\/364
|turn|22
|c|☆Cacoluis2005|gg
|choice|*move 3|*
|choice|*|*move 2
|choice|move voltswitch|move fierydance
|
|move|p2a: Volcarona|Fiery Dance|p1a: Magearna
|-supereffective|p1a: Magearna
|-damage|p1a: Magearna|77\/364
|move|p1a: Magearna|Volt Switch|p2a: Volcarona
|-damage|p2a: Volcarona|128\/311
|
|upkeep
|turn|23
|c|☆RayParK_|gg
|choice|*|*move 2
|choice|*move 3|*
|choice|move voltswitch|move fierydance
|
|move|p2a: Volcarona|Fiery Dance|p1a: Magearna
|-supereffective|p1a: Magearna
|-damage|p1a: Magearna|0 fnt
|faint|p1a: Magearna
|
|win|Cacoluis2005
Cacoluis2005 ha ganado 8 PokeDolares.
|raw|Puntaje de RayParK_: 1374 &rarr; <strong>1348<\/strong><br \/>(-26 por perder)
|raw|Puntaje de Cacoluis2005: 1259 &rarr; <strong>1292<\/strong><br \/>(+33 por ganar)
</script>
</div>
<div class="battle-log battle-log-inline"><div class="inner"><div class="battle-options"></div><div class="inner"><div class=""><small>Format:</small> <br><strong>OU</strong></div><div class="rated"><strong>Rated battle</strong></div><div class=""><small><em>Cláusula-Mod de Dormir:</em> solo puedes dormir a uno de tus oponentes a la vez.</small></div><div class=""><small><em>Cláusula de Especie:</em> Hasta un Pokémon de cada especie</small></div><div class=""><small><em>Cláusula de Golpe Fulminante:</em> los movimientos fulminantes (OHKO) estan prohibidos</small></div><div class=""><small><em>Cláusula de Veleta:</em> la habilidad Veleta está prohibida</small></div><div class=""><small><em>Cláusula de Movimientos Evasivos:</em> los movimientos de Evasión están prohibidos.</small></div><div class=""><small><em>Cláusula de Batallas Eternas:</em> forzar batallas eternas está prohibido</small></div><div class="chat battle-history"><strong>RayParK_'s team:</strong> <em style="color:#445566;display:block;">Magearna / Rotom-Wash / Landorus-Therian / Tornadus-Therian / Kyurem-Black / Medicham</em></div><div class="chat battle-history"><strong>Cacoluis2005's team:</strong> <em style="color:#445566;display:block;">Aerodactyl / Tapu Bulu / Rotom-Wash / Mamoswine / Zygarde / Volcarona</em></div><div class="chat message-error">Reloj de batalla ENCENDIDO. El jugador inactivo será descalificado (solicitado por Cacoluis2005).</div><div class="chat chatmessage-cacoluis2005"><strong style="color:hsl(240,43%,66.10251853369496%)"><small>☆</small><span class="username" data-name="Cacoluis2005">Cacoluis2005</span>:</strong> <em>hola</em></div><div class="spacer battle-history"><br></div><div class="battle-history">Battle started between RayParK_ and Cacoluis2005!<br></div><div class="spacer battle-history"><br></div><div class="battle-history">Go! <strong>Medicham</strong>!<br></div><div class="spacer battle-history"><br></div><div class="battle-history">Cacoluis2005 sent out <strong>Mamoswine</strong>!<br></div><div class="spacer battle-history"><br></div><h2 class="battle-history">Turn 1</h2><div class="spacer battle-history"><br></div><div class="battle-history"><small>Medicham's Medichamite is reacting to the Key Stone!</small><br>Medicham has Mega Evolved into Mega Medicham!<br></div><div class="spacer battle-history"><br></div><div class="battle-history">Medicham used <strong>Fake Out</strong>!<br></div><div class="battle-history"><small>(The opposing Mamoswine lost <abbr title="−104/361">28.8%</abbr> of its health!)</small><br></div><div class="spacer battle-history"><br></div><div class="battle-history">The opposing Mamoswine flinched and couldn't move!<br></div><div class="spacer battle-history"><br></div><h2 class="battle-history">Turn 2</h2><div class="chat chatmessage-raypark"><strong style="color:hsl(303,43%,49.435043293560454%)"><small>☆</small><span class="username" data-name="RayParK_">RayParK_</span>:</strong> <em>Hola</em></div><div class="spacer battle-history"><br></div><div class="battle-history">The opposing Mamoswine used <strong>Ice Shard</strong>!<br></div><div class="battle-history"><small>(Medicham lost <abbr title="−88/262">33.6%</abbr> of its health!)</small><br></div><div class="spacer battle-history"><br></div><div class="battle-history">Medicham used <strong>High Jump Kick</strong>!<br></div><div class="battle-history"><small>It's super effective!</small><br></div><div class="battle-history"><small>(The opposing Mamoswine lost <abbr title="−257/361">71.2%</abbr> of its health!)</small><br></div><div class="spacer battle-history"><br></div><div class="battle-history">The opposing Mamoswine fainted!<br></div><div class="chat chatmessage-cacoluis2005"><strong style="color:hsl(240,43%,66.10251853369496%)"><small>☆</small><span class="username" data-name="Cacoluis2005">Cacoluis2005</span>:</strong> <em>como etsas</em></div><div class="chat chatmessage-raypark"><strong style="color:hsl(303,43%,49.435043293560454%)"><small>☆</small><span class="username" data-name="RayParK_">RayParK_</span>:</strong> <em>bien</em></div><div class="spacer battle-history"><br></div><div class="battle-history">Cacoluis2005 sent out <strong>Aerodactyl</strong>!<br></div><div class="battle-history"><small>[The opposing Aerodactyl's Pressure]</small><br><small>The opposing Aerodactyl is exerting its pressure!</small><br></div><div class="spacer battle-history"><br></div><h2 class="battle-history">Turn 3</h2><div class="spacer battle-history"><br></div><div class="battle-history">Medicham, come back!<br></div><div class="battle-history">Go! Landorus (<strong>Landorus-Therian</strong>)!<br></div><div class="battle-history"><small>[Landorus's Intimidate]</small><br></div><div class="battle-history"><small>The opposing Aerodactyl's Attack fell!</small><br></div><div class="spacer battle-history"><br></div><div class="battle-history"><small>The opposing Aerodactyl's Aerodactylite is reacting to the Key Stone!</small><br>The opposing Aerodactyl has Mega Evolved into Mega Aerodactyl!<br></div><div class="spacer battle-history"><br></div><div class="battle-history">The opposing Aerodactyl used <strong>Aerial Ace</strong>!<br></div><div class="battle-history"><small>(Landorus lost <abbr title="−79/382">20.7%</abbr> of its health!)</small><br></div><div class="battle-history"><small>The opposing Aerodactyl was hurt by the Rocky Helmet!</small><br></div><div class="spacer battle-history"><br></div><h2 class="battle-history">Turn 4</h2><div class="chat chatmessage-cacoluis2005"><strong style="color:hsl(240,43%,66.10251853369496%)"><small>☆</small><span class="username" data-name="Cacoluis2005">Cacoluis2005</span>:</strong> <em>me alegero</em></div><div class="spacer battle-history"><br></div><div class="battle-history">The opposing Aerodactyl used <strong>Ice Fang</strong>!<br></div><div class="battle-history"><small>It's super effective!</small><br></div><div class="battle-history"><small>(Landorus lost <abbr title="−204/382">53.4%</abbr> of its health!)</small><br></div><div class="battle-history"><small>The opposing Aerodactyl was hurt by the Rocky Helmet!</small><br></div><div class="spacer battle-history"><br></div><div class="battle-history">Landorus used <strong>Stealth Rock</strong>!<br></div><div class="battle-history"><small>Pointed stones float in the air around the opposing team!</small><br></div><div class="spacer battle-history"><br></div><h2 class="battle-history">Turn 5</h2><div class="spacer battle-history"><br></div><div class="battle-history">Landorus, come back!<br></div><div class="battle-history">Go! Rotom (<strong>Rotom-Wash</strong>)!<br></div><div class="spacer battle-history"><br></div><div class="battle-history">The opposing Aerodactyl used <strong>Ice Fang</strong>!<br></div><div class="battle-history"><small>It's not very effective...</small><br></div><div class="battle-history"><small>(Rotom lost <abbr title="−30/304">9.9%</abbr> of its health!)</small><br></div><div class="spacer battle-history"><br></div><div class="battle-history"><small>Rotom restored a little HP using its Leftovers!</small><br></div><div class="spacer battle-history"><br></div><h2 class="battle-history">Turn 6</h2><div class="spacer battle-history"><br></div><div class="battle-history">Cacoluis2005 withdrew Aerodactyl!<br></div><div class="battle-history">Cacoluis2005 sent out <strong>Tapu Bulu</strong>!<br></div><div class="battle-history"><small>Pointed stones dug into the opposing Tapu Bulu!</small><br></div><div class="battle-history"><small>[The opposing Tapu Bulu's Grassy Surge]</small><br><small>Grass grew to cover the battlefield!</small><br></div><div class="spacer battle-history"><br></div><div class="battle-history">Rotom used <strong>Volt Switch</strong>!<br></div><div class="battle-history"><small>It's not very effective...</small><br></div><div class="battle-history"><small>(The opposing Tapu Bulu lost <abbr title="−31/343">9.0%</abbr> of its health!)</small><br></div><div class="spacer battle-history"><br></div><div class="battle-history">Rotom went back to RayParK_!<br></div><div class="battle-history">Go! Kyurem (<strong>Kyurem-Black</strong>)!<br></div><div class="battle-history"><small>[Kyurem's Teravolt]</small><br><small>Kyurem is radiating a bursting aura!</small><br></div><div class="spacer battle-history"><br></div><div class="battle-history"><small>The opposing Tapu Bulu restored HP using its Grassy Terrain!</small><br></div><div class="spacer battle-history"><br></div><h2 class="battle-history">Turn 7</h2><div class="spacer battle-history"><br></div><div class="battle-history">Cacoluis2005 withdrew Tapu Bulu!<br></div><div class="battle-history">Cacoluis2005 sent out Rotom (<strong>Rotom-Wash</strong>)!<br></div><div class="battle-history"><small>Pointed stones dug into the opposing Rotom!</small><br></div><div class="battle-history"><small>Kyurem surrounded itself with its Z-Power!</small><br></div><div class="spacer battle-history"><br></div><div class="battle-history">Kyurem used <strong>Subzero Slammer</strong>!<br></div><div class="battle-history"><small>It's not very effective...</small><br></div><div class="battle-history"><small>(The opposing Rotom lost <abbr title="−219/304">72.0%</abbr> of its health!)</small><br></div><div class="spacer battle-history"><br></div><div class="battle-history"><small>The opposing Rotom restored a little HP using its Leftovers!</small><br></div><div class="spacer battle-history"><br></div><h2 class="battle-history">Turn 8</h2><div class="spacer battle-history"><br></div><div class="battle-history">Kyurem used <strong>Fusion Bolt</strong>!<br></div><div class="battle-history"><small>(The opposing Rotom lost <abbr title="−66/304">21.7%</abbr> of its health!)</small><br></div><div class="spacer battle-history"><br></div><div class="battle-history">The opposing Rotom fainted!<br></div><div class="spacer battle-history"><br></div><div class="battle-history">Cacoluis2005 sent out Aerodactyl (<strong>Aerodactyl-Mega</strong>)!<br></div><div class="battle-history"><small>Pointed stones dug into the opposing Aerodactyl!</small><br></div><div class="spacer battle-history"><br></div><h2 class="battle-history">Turn 9</h2><div class="spacer battle-history"><br></div><div class="battle-history">Kyurem, come back!<br></div><div class="battle-history">Go! <strong>Magearna</strong>!<br></div><div class="spacer battle-history"><br></div><div class="battle-history">The opposing Aerodactyl used <strong>Stone Edge</strong>!<br></div><div class="battle-history"><small>It's not very effective...</small><br></div><div class="battle-history"><small>(Magearna lost <abbr title="−85/364">23.4%</abbr> of its health!)</small><br></div><div class="spacer battle-history"><br></div><div class="battle-history"><small>Magearna restored HP using its Grassy Terrain!</small><br></div><div class="spacer battle-history"><br></div><h2 class="battle-history">Turn 10</h2><div class="spacer battle-history"><br></div><div class="battle-history">Magearna, come back!<br></div><div class="battle-history">Go! Landorus (<strong>Landorus-Therian</strong>)!<br></div><div class="battle-history"><small>[Landorus's Intimidate]</small><br></div><div class="battle-history"><small>The opposing Aerodactyl's Attack fell!</small><br></div><div class="spacer battle-history"><br></div><div class="battle-history">The opposing Aerodactyl used <strong>Fire Fang</strong>!<br></div><div class="battle-history"><small>(Landorus lost <abbr title="−50/382">13.1%</abbr> of its health!)</small><br></div><div class="battle-history"><small>The opposing Aerodactyl was hurt by the Rocky Helmet!</small><br></div><div class="spacer battle-history"><br></div><div class="battle-history"><small>The grass disappeared from the battlefield.</small><br></div><div class="spacer battle-history"><br></div><h2 class="battle-history">Turn 11</h2><div class="spacer battle-history"><br></div><div class="battle-history">Landorus, come back!<br></div><div class="battle-history">Go! Rotom (<strong>Rotom-Wash</strong>)!<br></div><div class="spacer battle-history"><br></div><div class="battle-history">The opposing Aerodactyl used <strong>Fire Fang</strong>!<br></div><div class="battle-history"><small>It's not very effective...</small><br></div><div class="battle-history"><small>(Rotom lost <abbr title="−34/304">11.2%</abbr> of its health!)</small><br></div><div class="spacer battle-history"><br></div><div class="battle-history"><small>Rotom restored a little HP using its Leftovers!</small><br></div><div class="spacer battle-history"><br></div><h2 class="battle-history">Turn 12</h2><div class="spacer battle-history"><br></div><div class="battle-history">The opposing Aerodactyl used <strong>Stone Edge</strong>!<br></div><div class="battle-history"><small>Rotom avoided the attack!</small><br></div><div class="spacer battle-history"><br></div><div class="battle-history">Rotom used <strong>Hydro Pump</strong>!<br></div><div class="battle-history"><small>The opposing Aerodactyl avoided the attack!</small><br></div><div class="spacer battle-history"><br></div><div class="battle-history"><small>Rotom restored a little HP using its Leftovers!</small><br></div><div class="spacer battle-history"><br></div><h2 class="battle-history">Turn 13</h2><div class="spacer battle-history"><br></div><div class="battle-history">The opposing Aerodactyl used <strong>Stone Edge</strong>!<br></div><div class="battle-history"><small>(Rotom lost <abbr title="−123/304">40.5%</abbr> of its health!)</small><br></div><div class="spacer battle-history"><br></div><div class="battle-history">Rotom used <strong>Volt Switch</strong>!<br></div><div class="battle-history"><small>It's super effective!</small><br></div><div class="battle-history"><small>(The opposing Aerodactyl lost <abbr title="−76/301">25.2%</abbr> of its health!)</small><br></div><div class="spacer battle-history"><br></div><div class="battle-history">The opposing Aerodactyl fainted!<br></div><div class="spacer battle-history"><br></div><div class="battle-history">Rotom went back to RayParK_!<br></div><div class="battle-history">Go! Tornadus (<strong>Tornadus-Therian</strong>)!<br></div><div class="spacer battle-history"><br></div><div class="battle-history">Cacoluis2005 sent out <strong>Zygarde</strong>!<br></div><div class="battle-history"><small>Pointed stones dug into the opposing Zygarde!</small><br></div><div class="battle-history"><small>[The opposing Zygarde's Aura Break]</small><br><small>The opposing Zygarde reversed all other Pokémon's auras!</small><br></div><div class="spacer battle-history"><br></div><h2 class="battle-history">Turn 14</h2><div class="spacer battle-history"><br></div><div class="battle-history">Tornadus used <strong>Hurricane</strong>!<br></div><div class="battle-history"><small>(The opposing Zygarde lost <abbr title="−242/357">67.8%</abbr> of its health!)</small><br></div><div class="battle-history"><small>Tornadus lost some of its HP!</small><br></div><div class="spacer battle-history"><br></div><div class="battle-history">The opposing Zygarde used <strong>Dragon Dance</strong>!<br></div><div class="battle-history"><small>The opposing Zygarde's Attack rose!</small><br></div><div class="battle-history"><small>The opposing Zygarde's Speed rose!</small><br></div><div class="spacer battle-history"><br></div><div class="battle-history"><small>The opposing Zygarde restored a little HP using its Leftovers!</small><br></div><div class="spacer battle-history"><br></div><h2 class="battle-history">Turn 15</h2><div class="spacer battle-history"><br></div><div class="battle-history">The opposing Zygarde used <strong>Thousand Arrows</strong>!<br></div><div class="battle-history"><small>(Tornadus lost <abbr title="−270/300">90%</abbr> of its health!)</small><br></div><div class="spacer battle-history"><br></div><div class="battle-history">Tornadus fainted!<br></div><div class="spacer battle-history"><br></div><div class="battle-history"><small>The opposing Zygarde restored a little HP using its Leftovers!</small><br></div><div class="spacer battle-history"><br></div><div class="battle-history">Go! Landorus (<strong>Landorus-Therian</strong>)!<br></div><div class="battle-history"><small>[Landorus's Intimidate]</small><br></div><div class="battle-history"><small>The opposing Zygarde's Attack fell!</small><br></div><div class="spacer battle-history"><br></div><h2 class="battle-history">Turn 16</h2><div class="spacer battle-history"><br></div><div class="battle-history">The opposing Zygarde used <strong>Thousand Arrows</strong>!<br></div><div class="battle-history"><small>A critical hit!</small><br></div><div class="battle-history"><small>(Landorus lost <abbr title="−49/382">12.8%</abbr> of its health!)</small><br></div><div class="spacer battle-history"><br></div><div class="battle-history">Landorus fainted!<br></div><div class="spacer battle-history"><br></div><div class="battle-history"><small>The opposing Zygarde restored a little HP using its Leftovers!</small><br></div><div class="spacer battle-history"><br></div><div class="battle-history">Go! Medicham (<strong>Medicham-Mega</strong>)!<br></div><div class="spacer battle-history"><br></div><h2 class="battle-history">Turn 17</h2><div class="spacer battle-history"><br></div><div class="battle-history">The opposing Zygarde used <strong>Outrage</strong>!<br></div><div class="battle-history"><small>(Medicham lost <abbr title="−174/262">66.4%</abbr> of its health!)</small><br></div><div class="spacer battle-history"><br></div><div class="battle-history">Medicham fainted!<br></div><div class="spacer battle-history"><br></div><div class="battle-history"><small>The opposing Zygarde restored a little HP using its Leftovers!</small><br></div><div class="spacer battle-history"><br></div><div class="battle-history">Go! <strong>Magearna</strong>!<br></div><div class="spacer battle-history"><br></div><h2 class="battle-history">Turn 18</h2><div class="spacer battle-history"><br></div><div class="battle-history">The opposing Zygarde used <strong>Outrage</strong>!<br></div><div class="battle-history"><small>It doesn't affect Magearna...</small><br></div><div class="spacer battle-history"><br></div><div class="battle-history">Magearna used <strong>Ice Beam</strong>!<br></div><div class="battle-history"><small>It's super effective!</small><br></div><div class="battle-history"><small>(The opposing Zygarde lost <abbr title="−181/357">50.7%</abbr> of its health!)</small><br></div><div class="spacer battle-history"><br></div><div class="battle-history">The opposing Zygarde fainted!<br></div><div class="battle-history"><small>[Magearna's Soul-Heart]</small><br></div><div class="battle-history"><small>Magearna's Special Attack rose!</small><br></div><div class="spacer battle-history"><br></div><div class="battle-history">Cacoluis2005 sent out <strong>Volcarona</strong>!<br></div><div class="battle-history"><small>Pointed stones dug into the opposing Volcarona!</small><br></div><div class="spacer battle-history"><br></div><h2 class="battle-history">Turn 19</h2><div class="spacer battle-history"><br></div><div class="battle-history">The opposing Volcarona used <strong>Quiver Dance</strong>!<br></div><div class="battle-history"><small>The opposing Volcarona's Special Attack rose!</small><br></div><div class="battle-history"><small>The opposing Volcarona's Special Defense rose!</small><br></div><div class="battle-history"><small>The opposing Volcarona's Speed rose!</small><br></div><div class="spacer battle-history"><br></div><div class="battle-history">Magearna used <strong>Volt Switch</strong>!<br></div><div class="battle-history"><small>(The opposing Volcarona lost <abbr title="−70/311">22.5%</abbr> of its health!)</small><br></div><div class="spacer battle-history"><br></div><div class="battle-history">Magearna went back to RayParK_!<br></div><div class="battle-history">Go! Kyurem (<strong>Kyurem-Black</strong>)!<br></div><div class="battle-history"><small>[Kyurem's Teravolt]</small><br><small>Kyurem is radiating a bursting aura!</small><br></div><div class="spacer battle-history"><br></div><h2 class="battle-history">Turn 20</h2><div class="spacer battle-history"><br></div><div class="battle-history"><small>The opposing Volcarona surrounded itself with its Z-Power!</small><br></div><div class="spacer battle-history"><br></div><div class="battle-history">The opposing Volcarona used <strong>Savage Spin-Out</strong>!<br></div><div class="battle-history"><small>(Kyurem lost <abbr title="−392/392">100%</abbr> of its health!)</small><br></div><div class="spacer battle-history"><br></div><div class="battle-history">Kyurem fainted!<br></div><div class="spacer battle-history"><br></div><div class="battle-history">Go! Rotom (<strong>Rotom-Wash</strong>)!<br></div><div class="spacer battle-history"><br></div><h2 class="battle-history">Turn 21</h2><div class="spacer battle-history"><br></div><div class="battle-history">The opposing Volcarona used <strong>Giga Drain</strong>!<br></div><div class="battle-history"><small>It's super effective!</small><br></div><div class="battle-history"><small>(Rotom lost <abbr title="−174/304">57.2%</abbr> of its health!)</small><br></div><div class="battle-history"><small>Rotom had its energy drained!</small><br></div><div class="spacer battle-history"><br></div><div class="battle-history">Rotom fainted!<br></div><div class="spacer battle-history"><br></div><div class="battle-history">Go! <strong>Magearna</strong>!<br></div><div class="spacer battle-history"><br></div><h2 class="battle-history">Turn 22</h2><div class="chat chatmessage-cacoluis2005"><strong style="color:hsl(240,43%,66.10251853369496%)"><small>☆</small><span class="username" data-name="Cacoluis2005">Cacoluis2005</span>:</strong> <em>gg</em></div><div class="spacer battle-history"><br></div><div class="battle-history">The opposing Volcarona used <strong>Fiery Dance</strong>!<br></div><div class="battle-history"><small>It's super effective!</small><br></div><div class="battle-history"><small>(Magearna lost <abbr title="−224/364">61.5%</abbr> of its health!)</small><br></div><div class="spacer battle-history"><br></div><div class="battle-history">Magearna used <strong>Volt Switch</strong>!<br></div><div class="battle-history"><small>(The opposing Volcarona lost <abbr title="−45/311">14.5%</abbr> of its health!)</small><br></div><div class="spacer battle-history"><br></div><h2 class="battle-history">Turn 23</h2><div class="chat chatmessage-raypark"><strong style="color:hsl(303,43%,49.435043293560454%)"><small>☆</small><span class="username" data-name="RayParK_">RayParK_</span>:</strong> <em>gg</em></div><div class="spacer battle-history"><br></div><div class="battle-history">The opposing Volcarona used <strong>Fiery Dance</strong>!<br></div><div class="battle-history"><small>It's super effective!</small><br></div><div class="battle-history"><small>(Magearna lost <abbr title="−77/364">21.2%</abbr> of its health!)</small><br></div><div class="spacer battle-history"><br></div><div class="battle-history">Magearna fainted!<br></div><div class="spacer battle-history"><br></div><div class="battle-history"><strong>Cacoluis2005</strong> won the battle!<br></div><div class="chat">Cacoluis2005 ha ganado 8 PokeDolares.</div><div class="chat">Puntaje de RayParK_: 1374 → <strong>1348</strong><br>(-26 por perder)</div><div class="chat">Puntaje de Cacoluis2005: 1259 → <strong>1292</strong><br>(+33 por ganar)</div></div><div class="inner-preempt"></div></div></div>
</div>
<script>
let daily = Math.floor(Date.now()/1000/60/60/24);document.write('<script src="https://play.pokemonshowdown.com/js/replay-embed.js?version'+daily+'"></'+'script>');
</script>
