<!DOCTYPE html>
<meta charset="utf-8" />
<!-- version 1 -->
<title>OU replay: Marcos Pardo vs. jan suchiru</title>
<style>
html,body {font-family:Verdana, sans-serif;font-size:10pt;margin:0;padding:0;}body{padding:12px 0;} .battle-log {font-family:Verdana, sans-serif;font-size:10pt;} .battle-log-inline {border:1px solid #AAAAAA;background:#EEF2F5;color:black;max-width:640px;margin:0 auto 80px;padding-bottom:5px;} .battle-log .inner {padding:4px 8px 0px 8px;} .battle-log .inner-preempt {padding:0 8px 4px 8px;} .battle-log .inner-after {margin-top:0.5em;} .battle-log h2 {margin:0.5em -8px;padding:4px 8px;border:1px solid #AAAAAA;background:#E0E7EA;border-left:0;border-right:0;font-family:Verdana, sans-serif;font-size:13pt;} .battle-log .chat {vertical-align:middle;padding:3px 0 3px 0;font-size:8pt;} .battle-log .chat strong {color:#40576A;} .battle-log .chat em {padding:1px 4px 1px 3px;color:#000000;font-style:normal;} .chat.mine {background:rgba(0,0,0,0.05);margin-left:-8px;margin-right:-8px;padding-left:8px;padding-right:8px;} .spoiler {color:#BBBBBB;background:#BBBBBB;padding:0px 3px;} .spoiler:hover, .spoiler:active, .spoiler-shown {color:#000000;background:#E2E2E2;padding:0px 3px;} .spoiler a {color:#BBBBBB;} .spoiler:hover a, .spoiler:active a, .spoiler-shown a {color:#2288CC;} .chat code, .chat .spoiler:hover code, .chat .spoiler:active code, .chat .spoiler-shown code {border:1px solid #C0C0C0;background:#EEEEEE;color:black;padding:0 2px;} .chat .spoiler code {border:1px solid #CCCCCC;background:#CCCCCC;color:#CCCCCC;} .battle-log .rated {padding:3px 4px;} .battle-log .rated strong {color:white;background:#89A;padding:1px 4px;border-radius:4px;} .spacer {margin-top:0.5em;} .message-announce {background:#6688AA;color:white;padding:1px 4px 2px;} .message-announce a, .broadcast-green a, .broadcast-blue a, .broadcast-red a {color:#DDEEFF;} .broadcast-green {background-color:#559955;color:white;padding:2px 4px;} .broadcast-blue {background-color:#6688AA;color:white;padding:2px 4px;} .infobox {border:1px solid #6688AA;padding:2px 4px;} .infobox-limited {max-height:200px;overflow:auto;overflow-x:hidden;} .broadcast-red {background-color:#AA5544;color:white;padding:2px 4px;} .message-learn-canlearn {font-weight:bold;color:#228822;text-decoration:underline;} .message-learn-cannotlearn {font-weight:bold;color:#CC2222;text-decoration:underline;} .message-effect-weak {font-weight:bold;color:#CC2222;} .message-effect-resist {font-weight:bold;color:#6688AA;} .message-effect-immune {font-weight:bold;color:#666666;} .message-learn-list {margin-top:0;margin-bottom:0;} .message-throttle-notice, .message-error {color:#992222;} .message-overflow, .chat small.message-overflow {font-size:0pt;} .message-overflow::before {font-size:9pt;content:'...';} .subtle {color:#3A4A66;}
</style>
<div class="wrapper replay-wrapper" style="max-width:1180px;margin:0 auto">
<input type="hidden" name="replayid" value="destiny-ou-507410" />
<div class="battle"></div><div class="battle-log"></div><div class="replay-controls"></div><div class="replay-controls-2"></div>
<h1 style="font-weight:normal;text-align:center"><strong>OU</strong><br /><a href="http://pokemonshowdown.com/users/marcospardo" class="subtle" target="_blank">Marcos Pardo</a> vs. <a href="http://pokemonshowdown.com/users/jansuchiru" class="subtle" target="_blank">jan suchiru</a></h1>
<script type="text/plain" class="battle-log-data">|player|p1|Marcos Pardo|102
|teamsize|p1|6
|player|p2|jan suchiru|65
|teamsize|p2|6
|teamsize|p1|6
|teamsize|p2|6
|gametype|singles
|gen|7
|tier|OU
|seed|50824,48844,39601,8298
|rule|Cláusula-Mod de Dormir: solo puedes dormir a uno de tus oponentes a la vez.
|rule|Cláusula de Especie: Hasta un Pokémon de cada especie
|rule|Cláusula de Golpe Fulminante: los movimientos fulminantes (OHKO) estan prohibidos
|rule|Cláusula de Veleta: la habilidad Veleta está prohibida
|rule|Cláusula de Movimientos Evasivos: los movimientos de Evasión están prohibidos.
|rule|Cláusula de Batallas Eternas: forzar batallas eternas está prohibido
|clearpoke
|poke|p1|Machamp, M|item
|poke|p1|Breloom, F, shiny|item
|poke|p1|Medicham, F, shiny|item
|poke|p1|Lucario, F|item
|poke|p1|Conkeldurr, M, shiny|item
|poke|p1|Throh, M|item
|poke|p2|Skarmory, M|item
|poke|p2|Jirachi|item
|poke|p2|Magearna|item
|poke|p2|Empoleon, M|item
|poke|p2|Aggron, F|item
|poke|p2|Klefki, M|item
|teampreview|undefined
|choice|*team 523416|*
|c|☆jan suchiru|se podia meter a dos legendarios en el equipo
|c|☆jan suchiru|pero solo si quieres
|c| RedShadow Z| PELEA DE INVALIDOS !!!!! :v
|c|☆jan suchiru|XD
|choice|*|*team 623451
|choice|team 5, 2, 3, 4, 1, 6|team 6, 2, 3, 4, 5, 1
|
|start
|switch|p1a: Conkeldurr|Conkeldurr, M, shiny|414\/414
|switch|p2a: Klefki|Klefki, M|318\/318
|turn|1
|choice|*move 2|*
|c|☆jan suchiru|EL PANTALLAS :V
|choice|*|*move 1
|choice|move knockoff|move reflect
|
|move|p2a: Klefki|Reflect|p2a: Klefki
|-sidestart|p2: jan suchiru|Reflect
|move|p1a: Conkeldurr|Knock Off|p2a: Klefki
|-resisted|p2a: Klefki
|-damage|p2a: Klefki|287\/318
|-enditem|p2a: Klefki|Light Clay|[from] move: Knock Off|[of] p1a: Conkeldurr
|
|-status|p1a: Conkeldurr|brn|[from] item: Flame Orb
|upkeep
|turn|2
|c| RedShadow Z|la llave v:
|choice|*move 4|*
|choice|*|*switch 6
|choice|move drainpunch|switch 6
|
|switch|p2a: Skarmory|Skarmory, M|334\/334
|move|p1a: Conkeldurr|Drain Punch|p2a: Skarmory
|-damage|p2a: Skarmory|268\/334
|-damage|p1a: Conkeldurr|345\/414 brn|[from] item: Rocky Helmet|[of] p2a: Skarmory
|
|-damage|p1a: Conkeldurr|320\/414 brn|[from] brn
|upkeep
|turn|3
|choice|*move 2|*
|choice|*|*move 4
|choice|move knockoff|move bravebird
|
|move|p2a: Skarmory|Brave Bird|p1a: Conkeldurr
|-supereffective|p1a: Conkeldurr
|-damage|p1a: Conkeldurr|56\/414 brn
|-damage|p2a: Skarmory|181\/334|[from] recoil
|move|p1a: Conkeldurr|Knock Off|p2a: Skarmory
|-damage|p2a: Skarmory|128\/334
|-damage|p1a: Conkeldurr|0 fnt|[from] item: Rocky Helmet|[of] p2a: Skarmory
|faint|p1a: Conkeldurr
|
|upkeep
|c|☆jan suchiru|LO QUE PASA ES QUE TE DEBILITASTE ANTES DE QUITAR EL OBJETO
|c| RedShadow Z|esto c pondrá feo c:
|choice|*switch 3|*
|choice|switch 3|
|
|switch|p1a: Medicham|Medicham, F, shiny|261\/261
|turn|4
|choice|*move 1 mega|*
|c|☆jan suchiru|eso se implemento desde la quinta generacion creo
|choice|*|*switch 6
|choice|move highjumpkick mega|switch 6
|
|switch|p2a: Klefki|Klefki, M|287\/318
|-mega|p1a: Medicham|Medicham|Medichamite
|detailschange|p1a: Medicham|Medicham-Mega, F, shiny
|move|p1a: Medicham|High Jump Kick|p2a: Klefki
|-damage|p2a: Klefki|101\/318
|
|upkeep
|turn|5
|choice|*|*move 3
|choice|*move 1|*
|choice|move highjumpkick|move thunderwave
|
|move|p2a: Klefki|Thunder Wave|p1a: Medicham
|-status|p1a: Medicham|par
|cant|p1a: Medicham|par
|
|upkeep
|turn|6
|choice|*move 1|*
|choice|*|*move 2
|choice|move highjumpkick|move lightscreen
|
|move|p2a: Klefki|Light Screen|p2a: Klefki
|-sidestart|p2: jan suchiru|move: Light Screen
|move|p1a: Medicham|High Jump Kick|p2a: Klefki|[miss]
|-miss|p1a: Medicham|p2a: Klefki
|-damage|p1a: Medicham|131\/261 par|[from] highjumpkick
|
|upkeep
|turn|7
|choice|*move 1|*
|choice|*|*switch 6
|choice|move highjumpkick|switch 6
|
|switch|p2a: Skarmory|Skarmory, M|128\/334
|move|p1a: Medicham|High Jump Kick|p2a: Skarmory
|-damage|p2a: Skarmory|24\/334
|-damage|p1a: Medicham|88\/261 par|[from] item: Rocky Helmet|[of] p2a: Skarmory
|
|upkeep
|turn|8
|choice|*|*move 2
|choice|*move 3|*
|choice|move icepunch|move roost
|
|move|p2a: Skarmory|Roost|p2a: Skarmory
|-heal|p2a: Skarmory|191\/334
|move|p1a: Medicham|Ice Punch|p2a: Skarmory
|-resisted|p2a: Skarmory
|-damage|p2a: Skarmory|170\/334
|-damage|p1a: Medicham|45\/261 par|[from] item: Rocky Helmet|[of] p2a: Skarmory
|
|-sideend|p2: jan suchiru|Reflect
|upkeep
|turn|9
|choice|*|*move 2
|choice|*move 1|*
|choice|move highjumpkick|move roost
|
|move|p2a: Skarmory|Roost|p2a: Skarmory
|-heal|p2a: Skarmory|334\/334
|move|p1a: Medicham|High Jump Kick|p2a: Skarmory
|-supereffective|p2a: Skarmory
|-ability|p2a: Skarmory|Sturdy
|-damage|p2a: Skarmory|1\/334
|-damage|p1a: Medicham|2\/261 par|[from] item: Rocky Helmet|[of] p2a: Skarmory
|
|upkeep
|turn|10
|choice|*move 1|*
|choice|*|*move 2
|choice|move highjumpkick|move roost
|
|move|p2a: Skarmory|Roost|p2a: Skarmory
|-heal|p2a: Skarmory|168\/334
|move|p1a: Medicham|High Jump Kick|p2a: Skarmory
|-supereffective|p2a: Skarmory
|-damage|p2a: Skarmory|0 fnt
|-damage|p1a: Medicham|0 fnt|[from] item: Rocky Helmet|[of] p2a: Skarmory
|faint|p2a: Skarmory
|faint|p1a: Medicham
|
|-sideend|p2: jan suchiru|move: Light Screen
|upkeep
|choice|*|*switch 6
|choice|*switch 5|*
|choice|switch 5|switch 6
|
|switch|p1a: Machamp|Machamp, M|383\/383
|switch|p2a: Klefki|Klefki, M|101\/318
|turn|11
|c|☆jan suchiru|klefki es amor
|c|☆jan suchiru|es vida
|c|☆jan suchiru|:v
|choice|*move 1|*
|choice|*|*move 1
|choice|move dynamicpunch|move reflect
|
|move|p2a: Klefki|Reflect|p2a: Klefki
|-sidestart|p2: jan suchiru|Reflect
|move|p1a: Machamp|Dynamic Punch|p2a: Klefki
|-damage|p2a: Klefki|8\/318
|-start|p2a: Klefki|confusion
|
|upkeep
|turn|12
|c| RedShadow Z|nel gian v:
|choice|*move 2|*
|choice|*|*move 2
|choice|move bulletpunch|move lightscreen
|
|-activate|p2a: Klefki|confusion
|-damage|p2a: Klefki|0 fnt|[from] confusion
|faint|p2a: Klefki
|move|p1a: Machamp|Bullet Punch|p2: Klefki|[notarget]
|-notarget
|
|upkeep
|choice|*|*switch 2
|choice||switch 2
|
|switch|p2a: Jirachi|Jirachi|342\/342
|turn|13
|choice|*move 1|*
|choice|*|*move 3
|choice|move dynamicpunch|move playrough
|
|move|p2a: Jirachi|Play Rough|p1a: Machamp
|-supereffective|p1a: Machamp
|-damage|p1a: Machamp|133\/383
|-unboost|p1a: Machamp|atk|1
|move|p1a: Machamp|Dynamic Punch|p2a: Jirachi
|-damage|p2a: Jirachi|273\/342
|-start|p2a: Jirachi|confusion
|
|upkeep
|turn|14
|choice|*|*move 3
|choice|*switch 6|*
|choice|*|*move 3
|choice|switch 6|move playrough
|
|switch|p1a: Throh|Throh, M|444\/444
|-ability|p1a: Throh|Mold Breaker
|-activate|p2a: Jirachi|confusion
|move|p2a: Jirachi|Play Rough|p1a: Throh
|-supereffective|p1a: Throh
|-damage|p1a: Throh|232\/444
|
|-heal|p1a: Throh|259\/444|[from] item: Leftovers
|upkeep
|turn|15
|choice|*|*switch 3
|choice|*move 1|*
|choice|move protect|switch 3
|
|switch|p2a: Magearna|Magearna|351\/351
|move|p1a: Throh|Protect|p1a: Throh
|-fail|p1a: Throh
|
|-heal|p1a: Throh|286\/444|[from] item: Leftovers
|-sideend|p2: jan suchiru|Reflect
|upkeep
|turn|16
|choice|*|*move 1
|choice|*move 2|*
|choice|move stormthrow|move dazzlinggleam
|
|move|p2a: Magearna|Dazzling Gleam|p1a: Throh
|-supereffective|p1a: Throh
|-damage|p1a: Throh|26\/444
|move|p1a: Throh|Storm Throw|p2a: Magearna
|-crit|p2a: Magearna
|-damage|p2a: Magearna|264\/351
|
|-heal|p1a: Throh|53\/444|[from] item: Leftovers
|upkeep
|turn|17
|choice|*|*move 1
|choice|*move 1|*
|choice|move protect|move dazzlinggleam
|
|move|p1a: Throh|Protect|p1a: Throh
|-singleturn|p1a: Throh|Protect
|move|p2a: Magearna|Dazzling Gleam|p1a: Throh
|-activate|p1a: Throh|move: Protect
|
|-heal|p1a: Throh|80\/444|[from] item: Leftovers
|upkeep
|turn|18
|choice|*|*move 1
|choice|*move 2|*
|choice|move stormthrow|move dazzlinggleam
|
|move|p2a: Magearna|Dazzling Gleam|p1a: Throh
|-supereffective|p1a: Throh
|-damage|p1a: Throh|0 fnt
|faint|p1a: Throh
|-ability|p2a: Magearna|Soul-Heart|boost
|-boost|p2a: Magearna|spa|1
|
|upkeep
|choice|*switch 2|*
|choice|switch 2|
|
|switch|p1a: Breloom|Breloom, F, shiny|262\/262
|turn|19
|choice|*move 3|*
|choice|*|*move 1
|choice|move spore|move dazzlinggleam
|
|move|p1a: Breloom|Spore|p2a: Magearna
|-status|p2a: Magearna|slp
|cant|p2a: Magearna|slp
|
|upkeep
|turn|20
|choice|*|*move 1
|choice|*move 2|*
|choice|move drainpunch|move dazzlinggleam
|
|move|p1a: Breloom|Drain Punch|p2a: Magearna
|-damage|p2a: Magearna|147\/351 slp
|cant|p2a: Magearna|slp
|
|upkeep
|turn|21
|choice|*move 2|*
|choice|*|*move 1
|choice|move drainpunch|move dazzlinggleam
|
|move|p1a: Breloom|Drain Punch|p2a: Magearna
|-damage|p2a: Magearna|18\/351 slp
|cant|p2a: Magearna|slp
|
|upkeep
|turn|22
|choice|*|*move 1
|choice|*move 1|*
|choice|move machpunch|move dazzlinggleam
|
|move|p1a: Breloom|Mach Punch|p2a: Magearna
|-damage|p2a: Magearna|0 fnt
|faint|p2a: Magearna
|
|upkeep
|choice|*|*switch 5
|choice||switch 5
|
|switch|p2a: Aggron|Aggron, F|281\/281
|turn|23
|choice|*|*move 4 mega
|choice|*move 2|*
|choice|move drainpunch|move icepunch mega
|
|-mega|p2a: Aggron|Aggron|Aggronite
|detailschange|p2a: Aggron|Aggron-Mega, F
|move|p1a: Breloom|Drain Punch|p2a: Aggron
|-supereffective|p2a: Aggron
|-damage|p2a: Aggron|194\/281
|move|p2a: Aggron|Ice Punch|p1a: Breloom
|-supereffective|p1a: Breloom
|-damage|p1a: Breloom|28\/262
|
|upkeep
|turn|24
|choice|*|*move 1
|choice|*move 3|*
|choice|move spore|move earthquake
|
|move|p1a: Breloom|Spore|p2a: Aggron
|-status|p2a: Aggron|slp
|cant|p2a: Aggron|slp
|
|upkeep
|turn|25
|c| RedShadow Z|ahora si viene lo shido xdxdxd
|choice|*move 2|*
|choice|*|*switch 3
|choice|move drainpunch|switch 3
|
|switch|p2a: Jirachi|Jirachi|273\/342
|move|p1a: Breloom|Drain Punch|p2a: Jirachi
|-damage|p2a: Jirachi|149\/342
|-heal|p1a: Breloom|90\/262|[from] drain|[of] p2a: Jirachi
|
|upkeep
|turn|26
|choice|*|*move 3
|choice|*move 3|*
|choice|*|*move 2
|choice|move spore|move firepunch
|
|move|p2a: Jirachi|Fire Punch|p1a: Breloom
|-supereffective|p1a: Breloom
|-crit|p1a: Breloom
|-damage|p1a: Breloom|0 fnt
|faint|p1a: Breloom
|
|upkeep
|choice|*switch 6|*
|choice|switch 6|
|
|switch|p1a: Machamp|Machamp, M|133\/383
|turn|27
|choice|*|*move 2
|choice|*move 1|*
|choice|move dynamicpunch|move firepunch
|
|move|p2a: Jirachi|Fire Punch|p1a: Machamp
|-crit|p1a: Machamp
|-damage|p1a: Machamp|0 fnt
|faint|p1a: Machamp
|
|upkeep
|choice|*switch 4|*
|choice|switch 4|
|
|switch|p1a: Lucario|Lucario, F|281\/281
|turn|28
|choice|*|*move 2
|choice|*move 3|*
|choice|move darkpulse|move firepunch
|
|move|p2a: Jirachi|Fire Punch|p1a: Lucario
|-supereffective|p1a: Lucario
|-damage|p1a: Lucario|79\/281
|-enditem|p1a: Lucario|Weakness Policy
|-boost|p1a: Lucario|atk|2
|-boost|p1a: Lucario|spa|2
|move|p1a: Lucario|Dark Pulse|p2a: Jirachi
|-supereffective|p2a: Jirachi
|-damage|p2a: Jirachi|0 fnt
|faint|p2a: Jirachi
|
|upkeep
|choice|*|*switch 4
|choice||switch 4
|
|switch|p2a: Empoleon|Empoleon, M|372\/372
|turn|29
|choice|*|*move 1
|choice|*move 1|*
|choice|move aurasphere|move surf
|
|move|p1a: Lucario|Aura Sphere|p2a: Empoleon
|-supereffective|p2a: Empoleon
|-damage|p2a: Empoleon|0 fnt
|faint|p2a: Empoleon
|
|upkeep
|choice|*|*switch 3
|choice||switch 3
|
|switch|p2a: Aggron|Aggron-Mega, F|194\/281 slp
|turn|30
|choice|*|*move 1
|choice|*move 1|*
|choice|move aurasphere|move earthquake
|
|move|p1a: Lucario|Aura Sphere|p2a: Aggron
|-supereffective|p2a: Aggron
|-damage|p2a: Aggron|0 fnt
|faint|p2a: Aggron
|
|win|Marcos Pardo
|c|☆jan suchiru|gg barajas
|c| RedShadow Z| v: ALV
</script>
</div>
<div class="battle-log battle-log-inline"><div class="inner"><div class="battle-options"></div><div class="inner"><div class=""><small>Format:</small> <br><strong>OU</strong></div><div class=""><small><em>Cláusula-Mod de Dormir:</em> solo puedes dormir a uno de tus oponentes a la vez.</small></div><div class=""><small><em>Cláusula de Especie:</em> Hasta un Pokémon de cada especie</small></div><div class=""><small><em>Cláusula de Golpe Fulminante:</em> los movimientos fulminantes (OHKO) estan prohibidos</small></div><div class=""><small><em>Cláusula de Veleta:</em> la habilidad Veleta está prohibida</small></div><div class=""><small><em>Cláusula de Movimientos Evasivos:</em> los movimientos de Evasión están prohibidos.</small></div><div class=""><small><em>Cláusula de Batallas Eternas:</em> forzar batallas eternas está prohibido</small></div><div class="chat battle-history"><strong>Marcos Pardo's team:</strong> <em style="color:#445566;display:block;">Machamp / Breloom / Medicham / Lucario / Conkeldurr / Throh</em></div><div class="chat battle-history"><strong>jan suchiru's team:</strong> <em style="color:#445566;display:block;">Skarmory / Jirachi / Magearna / Empoleon / Aggron / Klefki</em></div><div class="chat chatmessage-jansuchiru"><strong style="color:hsl(28,63%,38%)"><small>☆</small><span class="username" data-name="jan suchiru">jan suchiru</span>:</strong> <em>se podia meter a dos legendarios en el equipo</em></div><div class="chat chatmessage-jansuchiru"><strong style="color:hsl(28,63%,38%)"><small>☆</small><span class="username" data-name="jan suchiru">jan suchiru</span>:</strong> <em>pero solo si quieres</em></div><div class="chat chatmessage-redshadowz"><strong style="color:hsl(75,69%,37.29097606824%)"><small> </small><span class="username" data-name="RedShadow Z">RedShadow Z</span>:</strong> <em> PELEA DE INVALIDOS !!!!! :v</em></div><div class="chat chatmessage-jansuchiru"><strong style="color:hsl(28,63%,38%)"><small>☆</small><span class="username" data-name="jan suchiru">jan suchiru</span>:</strong> <em>XD</em></div><div class="spacer battle-history"><br></div><div class="battle-history">Battle started between Marcos Pardo and jan suchiru!<br></div><div class="spacer battle-history"><br></div><div class="battle-history">Go! <strong>Conkeldurr</strong>!<br></div><div class="spacer battle-history"><br></div><div class="battle-history">jan suchiru sent out <strong>Klefki</strong>!<br></div><div class="spacer battle-history"><br></div><h2 class="battle-history">Turn 1</h2><div class="chat chatmessage-jansuchiru"><strong style="color:hsl(28,63%,38%)"><small>☆</small><span class="username" data-name="jan suchiru">jan suchiru</span>:</strong> <em>EL PANTALLAS :V</em></div><div class="spacer battle-history"><br></div><div class="battle-history">The opposing Klefki used <strong>Reflect</strong>!<br></div><div class="battle-history"><small>Reflect made the opposing team stronger against physical moves!</small><br></div><div class="spacer battle-history"><br></div><div class="battle-history">Conkeldurr used <strong>Knock Off</strong>!<br></div><div class="battle-history"><small>It's not very effective...</small><br></div><div class="battle-history"><small>(The opposing Klefki lost <abbr title="−31/318">9.7%</abbr> of its health!)</small><br></div><div class="battle-history"><small>Conkeldurr knocked off the opposing Klefki's Light Clay!</small><br></div><div class="spacer battle-history"><br></div><div class="battle-history"><small>Conkeldurr was burned!</small><br></div><div class="spacer battle-history"><br></div><h2 class="battle-history">Turn 2</h2><div class="chat chatmessage-redshadowz"><strong style="color:hsl(75,69%,37.29097606824%)"><small> </small><span class="username" data-name="RedShadow Z">RedShadow Z</span>:</strong> <em>la llave v:</em></div><div class="spacer battle-history"><br></div><div class="battle-history">jan suchiru withdrew Klefki!<br></div><div class="battle-history">jan suchiru sent out <strong>Skarmory</strong>!<br></div><div class="spacer battle-history"><br></div><div class="battle-history">Conkeldurr used <strong>Drain Punch</strong>!<br></div><div class="battle-history"><small>(The opposing Skarmory lost <abbr title="−66/334">19.8%</abbr> of its health!)</small><br></div><div class="battle-history"><small>Conkeldurr was hurt by the Rocky Helmet!</small><br></div><div class="spacer battle-history"><br></div><div class="battle-history"><small>Conkeldurr was hurt by its burn!</small><br></div><div class="spacer battle-history"><br></div><h2 class="battle-history">Turn 3</h2><div class="spacer battle-history"><br></div><div class="battle-history">The opposing Skarmory used <strong>Brave Bird</strong>!<br></div><div class="battle-history"><small>It's super effective!</small><br></div><div class="battle-history"><small>(Conkeldurr lost <abbr title="−264/414">63.8%</abbr> of its health!)</small><br></div><div class="battle-history"><small>The opposing Skarmory is damaged by the recoil!</small><br></div><div class="spacer battle-history"><br></div><div class="battle-history">Conkeldurr used <strong>Knock Off</strong>!<br></div><div class="battle-history"><small>(The opposing Skarmory lost <abbr title="−53/334">15.9%</abbr> of its health!)</small><br></div><div class="battle-history"><small>Conkeldurr was hurt by the Rocky Helmet!</small><br></div><div class="spacer battle-history"><br></div><div class="battle-history">Conkeldurr fainted!<br></div><div class="chat chatmessage-jansuchiru"><strong style="color:hsl(28,63%,38%)"><small>☆</small><span class="username" data-name="jan suchiru">jan suchiru</span>:</strong> <em>LO QUE PASA ES QUE TE DEBILITASTE ANTES DE QUITAR EL OBJETO</em></div><div class="chat chatmessage-redshadowz"><strong style="color:hsl(75,69%,37.29097606824%)"><small> </small><span class="username" data-name="RedShadow Z">RedShadow Z</span>:</strong> <em>esto c pondrá feo c:</em></div><div class="spacer battle-history"><br></div><div class="battle-history">Go! <strong>Medicham</strong>!<br></div><div class="spacer battle-history"><br></div><h2 class="battle-history">Turn 4</h2><div class="chat chatmessage-jansuchiru"><strong style="color:hsl(28,63%,38%)"><small>☆</small><span class="username" data-name="jan suchiru">jan suchiru</span>:</strong> <em>eso se implemento desde la quinta generacion creo</em></div><div class="spacer battle-history"><br></div><div class="battle-history">jan suchiru withdrew Skarmory!<br></div><div class="battle-history">jan suchiru sent out <strong>Klefki</strong>!<br></div><div class="spacer battle-history"><br></div><div class="battle-history"><small>Medicham's Medichamite is reacting to the Key Stone!</small><br>Medicham has Mega Evolved into Mega Medicham!<br></div><div class="spacer battle-history"><br></div><div class="battle-history">Medicham used <strong>High Jump Kick</strong>!<br></div><div class="battle-history"><small>(The opposing Klefki lost <abbr title="−186/318">58.5%</abbr> of its health!)</small><br></div><div class="spacer battle-history"><br></div><h2 class="battle-history">Turn 5</h2><div class="spacer battle-history"><br></div><div class="battle-history">The opposing Klefki used <strong>Thunder Wave</strong>!<br></div><div class="battle-history"><small>Medicham is paralyzed! It may be unable to move!</small><br></div><div class="spacer battle-history"><br></div><div class="battle-history">Medicham is paralyzed! It can't move!<br></div><div class="spacer battle-history"><br></div><h2 class="battle-history">Turn 6</h2><div class="spacer battle-history"><br></div><div class="battle-history">The opposing Klefki used <strong>Light Screen</strong>!<br></div><div class="battle-history"><small>Light Screen made the opposing team stronger against special moves!</small><br></div><div class="spacer battle-history"><br></div><div class="battle-history">Medicham used <strong>High Jump Kick</strong>!<br></div><div class="battle-history"><small>The opposing Klefki avoided the attack!</small><br></div><div class="battle-history"><small>Medicham kept going and crashed!</small><br></div><div class="spacer battle-history"><br></div><h2 class="battle-history">Turn 7</h2><div class="spacer battle-history"><br></div><div class="battle-history">jan suchiru withdrew Klefki!<br></div><div class="battle-history">jan suchiru sent out <strong>Skarmory</strong>!<br></div><div class="spacer battle-history"><br></div><div class="battle-history">Medicham used <strong>High Jump Kick</strong>!<br></div><div class="battle-history"><small>(The opposing Skarmory lost <abbr title="−104/334">31.1%</abbr> of its health!)</small><br></div><div class="battle-history"><small>Medicham was hurt by the Rocky Helmet!</small><br></div><div class="spacer battle-history"><br></div><h2 class="battle-history">Turn 8</h2><div class="spacer battle-history"><br></div><div class="battle-history">The opposing Skarmory used <strong>Roost</strong>!<br></div><div class="battle-history"><small>The opposing Skarmory restored its HP.</small><br></div><div class="spacer battle-history"><br></div><div class="battle-history">Medicham used <strong>Ice Punch</strong>!<br></div><div class="battle-history"><small>It's not very effective...</small><br></div><div class="battle-history"><small>(The opposing Skarmory lost <abbr title="−21/334">6.3%</abbr> of its health!)</small><br></div><div class="battle-history"><small>Medicham was hurt by the Rocky Helmet!</small><br></div><div class="spacer battle-history"><br></div><div class="battle-history"><small>The opposing team's Reflect wore off!</small><br></div><div class="spacer battle-history"><br></div><h2 class="battle-history">Turn 9</h2><div class="spacer battle-history"><br></div><div class="battle-history">The opposing Skarmory used <strong>Roost</strong>!<br></div><div class="battle-history"><small>The opposing Skarmory restored its HP.</small><br></div><div class="spacer battle-history"><br></div><div class="battle-history">Medicham used <strong>High Jump Kick</strong>!<br></div><div class="battle-history"><small>It's super effective!</small><br></div><div class="battle-history"><small>[The opposing Skarmory's Sturdy]</small><br><small>The opposing Skarmory endured the hit!</small><br></div><div class="battle-history"><small>(The opposing Skarmory lost <abbr title="−333/334">99.7%</abbr> of its health!)</small><br></div><div class="battle-history"><small>Medicham was hurt by the Rocky Helmet!</small><br></div><div class="spacer battle-history"><br></div><h2 class="battle-history">Turn 10</h2><div class="spacer battle-history"><br></div><div class="battle-history">The opposing Skarmory used <strong>Roost</strong>!<br></div><div class="battle-history"><small>The opposing Skarmory restored its HP.</small><br></div><div class="spacer battle-history"><br></div><div class="battle-history">Medicham used <strong>High Jump Kick</strong>!<br></div><div class="battle-history"><small>It's super effective!</small><br></div><div class="battle-history"><small>(The opposing Skarmory lost <abbr title="−168/334">50.3%</abbr> of its health!)</small><br></div><div class="battle-history"><small>Medicham was hurt by the Rocky Helmet!</small><br></div><div class="spacer battle-history"><br></div><div class="battle-history">The opposing Skarmory fainted!<br></div><div class="battle-history">Medicham fainted!<br></div><div class="spacer battle-history"><br></div><div class="battle-history"><small>The opposing team's Light Screen wore off!</small><br></div><div class="spacer battle-history"><br></div><div class="battle-history">Go! <strong>Machamp</strong>!<br></div><div class="spacer battle-history"><br></div><div class="battle-history">jan suchiru sent out <strong>Klefki</strong>!<br></div><div class="spacer battle-history"><br></div><h2 class="battle-history">Turn 11</h2><div class="chat chatmessage-jansuchiru"><strong style="color:hsl(28,63%,38%)"><small>☆</small><span class="username" data-name="jan suchiru">jan suchiru</span>:</strong> <em>klefki es amor</em></div><div class="chat chatmessage-jansuchiru"><strong style="color:hsl(28,63%,38%)"><small>☆</small><span class="username" data-name="jan suchiru">jan suchiru</span>:</strong> <em>es vida</em></div><div class="chat chatmessage-jansuchiru"><strong style="color:hsl(28,63%,38%)"><small>☆</small><span class="username" data-name="jan suchiru">jan suchiru</span>:</strong> <em>:v</em></div><div class="spacer battle-history"><br></div><div class="battle-history">The opposing Klefki used <strong>Reflect</strong>!<br></div><div class="battle-history"><small>Reflect made the opposing team stronger against physical moves!</small><br></div><div class="spacer battle-history"><br></div><div class="battle-history">Machamp used <strong>Dynamic Punch</strong>!<br></div><div class="battle-history"><small>(The opposing Klefki lost <abbr title="−93/318">29.2%</abbr> of its health!)</small><br></div><div class="battle-history"><small>The opposing Klefki became confused!</small><br></div><div class="spacer battle-history"><br></div><h2 class="battle-history">Turn 12</h2><div class="chat chatmessage-redshadowz"><strong style="color:hsl(75,69%,37.29097606824%)"><small> </small><span class="username" data-name="RedShadow Z">RedShadow Z</span>:</strong> <em>nel gian v:</em></div><div class="spacer battle-history"><br></div><div class="battle-history"><small>The opposing Klefki is confused!</small><br></div><div class="battle-history">It hurt itself in its confusion!<br></div><div class="spacer battle-history"><br></div><div class="battle-history">The opposing Klefki fainted!<br></div><div class="battle-history">Machamp used <strong>Bullet Punch</strong>!<br></div><div class="battle-history"><small>But there was no target...</small><br></div><div class="spacer battle-history"><br></div><div class="battle-history">jan suchiru sent out <strong>Jirachi</strong>!<br></div><div class="spacer battle-history"><br></div><h2 class="battle-history">Turn 13</h2><div class="spacer battle-history"><br></div><div class="battle-history">The opposing Jirachi used <strong>Play Rough</strong>!<br></div><div class="battle-history"><small>It's super effective!</small><br></div><div class="battle-history"><small>(Machamp lost <abbr title="−250/383">65.3%</abbr> of its health!)</small><br></div><div class="battle-history"><small>Machamp's Attack fell!</small><br></div><div class="spacer battle-history"><br></div><div class="battle-history">Machamp used <strong>Dynamic Punch</strong>!<br></div><div class="battle-history"><small>(The opposing Jirachi lost <abbr title="−69/342">20.2%</abbr> of its health!)</small><br></div><div class="battle-history"><small>The opposing Jirachi became confused!</small><br></div><div class="spacer battle-history"><br></div><h2 class="battle-history">Turn 14</h2><div class="spacer battle-history"><br></div><div class="battle-history">Machamp, come back!<br></div><div class="battle-history">Go! <strong>Throh</strong>!<br></div><div class="battle-history"><small>[Throh's Mold Breaker]</small><br><small>Throh breaks the mold!</small><br></div><div class="spacer battle-history"><br></div><div class="battle-history"><small>The opposing Jirachi is confused!</small><br></div><div class="battle-history">The opposing Jirachi used <strong>Play Rough</strong>!<br></div><div class="battle-history"><small>It's super effective!</small><br></div><div class="battle-history"><small>(Throh lost <abbr title="−212/444">47.7%</abbr> of its health!)</small><br></div><div class="spacer battle-history"><br></div><div class="battle-history"><small>Throh restored a little HP using its Leftovers!</small><br></div><div class="spacer battle-history"><br></div><h2 class="battle-history">Turn 15</h2><div class="spacer battle-history"><br></div><div class="battle-history">jan suchiru withdrew Jirachi!<br></div><div class="battle-history">jan suchiru sent out <strong>Magearna</strong>!<br></div><div class="spacer battle-history"><br></div><div class="battle-history">Throh used <strong>Protect</strong>!<br></div><div class="battle-history"><small>But it failed!</small><br></div><div class="spacer battle-history"><br></div><div class="battle-history"><small>Throh restored a little HP using its Leftovers!</small><br></div><div class="battle-history"><small>The opposing team's Reflect wore off!</small><br></div><div class="spacer battle-history"><br></div><h2 class="battle-history">Turn 16</h2><div class="spacer battle-history"><br></div><div class="battle-history">The opposing Magearna used <strong>Dazzling Gleam</strong>!<br></div><div class="battle-history"><small>It's super effective!</small><br></div><div class="battle-history"><small>(Throh lost <abbr title="−260/444">58.6%</abbr> of its health!)</small><br></div><div class="spacer battle-history"><br></div><div class="battle-history">Throh used <strong>Storm Throw</strong>!<br></div><div class="battle-history"><small>A critical hit!</small><br></div><div class="battle-history"><small>(The opposing Magearna lost <abbr title="−87/351">24.8%</abbr> of its health!)</small><br></div><div class="spacer battle-history"><br></div><div class="battle-history"><small>Throh restored a little HP using its Leftovers!</small><br></div><div class="spacer battle-history"><br></div><h2 class="battle-history">Turn 17</h2><div class="spacer battle-history"><br></div><div class="battle-history">Throh used <strong>Protect</strong>!<br></div><div class="battle-history"><small>Throh protected itself!</small><br></div><div class="spacer battle-history"><br></div><div class="battle-history">The opposing Magearna used <strong>Dazzling Gleam</strong>!<br></div><div class="battle-history"><small>Throh protected itself!</small><br></div><div class="spacer battle-history"><br></div><div class="battle-history"><small>Throh restored a little HP using its Leftovers!</small><br></div><div class="spacer battle-history"><br></div><h2 class="battle-history">Turn 18</h2><div class="spacer battle-history"><br></div><div class="battle-history">The opposing Magearna used <strong>Dazzling Gleam</strong>!<br></div><div class="battle-history"><small>It's super effective!</small><br></div><div class="battle-history"><small>(Throh lost <abbr title="−80/444">18.0%</abbr> of its health!)</small><br></div><div class="spacer battle-history"><br></div><div class="battle-history">Throh fainted!<br></div><div class="battle-history"><small>[The opposing Magearna's Soul-Heart]</small><br></div><div class="battle-history"><small>The opposing Magearna's Special Attack rose!</small><br></div><div class="spacer battle-history"><br></div><div class="battle-history">Go! <strong>Breloom</strong>!<br></div><div class="spacer battle-history"><br></div><h2 class="battle-history">Turn 19</h2><div class="spacer battle-history"><br></div><div class="battle-history">Breloom used <strong>Spore</strong>!<br></div><div class="battle-history"><small>The opposing Magearna fell asleep!</small><br></div><div class="spacer battle-history"><br></div><div class="battle-history">The opposing Magearna is fast asleep.<br></div><div class="spacer battle-history"><br></div><h2 class="battle-history">Turn 20</h2><div class="spacer battle-history"><br></div><div class="battle-history">Breloom used <strong>Drain Punch</strong>!<br></div><div class="battle-history"><small>(The opposing Magearna lost <abbr title="−117/351">33.3%</abbr> of its health!)</small><br></div><div class="spacer battle-history"><br></div><div class="battle-history">The opposing Magearna is fast asleep.<br></div><div class="spacer battle-history"><br></div><h2 class="battle-history">Turn 21</h2><div class="spacer battle-history"><br></div><div class="battle-history">Breloom used <strong>Drain Punch</strong>!<br></div><div class="battle-history"><small>(The opposing Magearna lost <abbr title="−129/351">36.8%</abbr> of its health!)</small><br></div><div class="spacer battle-history"><br></div><div class="battle-history">The opposing Magearna is fast asleep.<br></div><div class="spacer battle-history"><br></div><h2 class="battle-history">Turn 22</h2><div class="spacer battle-history"><br></div><div class="battle-history">Breloom used <strong>Mach Punch</strong>!<br></div><div class="battle-history"><small>(The opposing Magearna lost <abbr title="−18/351">5.1%</abbr> of its health!)</small><br></div><div class="spacer battle-history"><br></div><div class="battle-history">The opposing Magearna fainted!<br></div><div class="spacer battle-history"><br></div><div class="battle-history">jan suchiru sent out <strong>Aggron</strong>!<br></div><div class="spacer battle-history"><br></div><h2 class="battle-history">Turn 23</h2><div class="spacer battle-history"><br></div><div class="battle-history"><small>The opposing Aggron's Aggronite is reacting to the Key Stone!</small><br>The opposing Aggron has Mega Evolved into Mega Aggron!<br></div><div class="spacer battle-history"><br></div><div class="battle-history">Breloom used <strong>Drain Punch</strong>!<br></div><div class="battle-history"><small>It's super effective!</small><br></div><div class="battle-history"><small>(The opposing Aggron lost <abbr title="−87/281">31.0%</abbr> of its health!)</small><br></div><div class="spacer battle-history"><br></div><div class="battle-history">The opposing Aggron used <strong>Ice Punch</strong>!<br></div><div class="battle-history"><small>It's super effective!</small><br></div><div class="battle-history"><small>(Breloom lost <abbr title="−234/262">89.3%</abbr> of its health!)</small><br></div><div class="spacer battle-history"><br></div><h2 class="battle-history">Turn 24</h2><div class="spacer battle-history"><br></div><div class="battle-history">Breloom used <strong>Spore</strong>!<br></div><div class="battle-history"><small>The opposing Aggron fell asleep!</small><br></div><div class="spacer battle-history"><br></div><div class="battle-history">The opposing Aggron is fast asleep.<br></div><div class="spacer battle-history"><br></div><h2 class="battle-history">Turn 25</h2><div class="chat chatmessage-redshadowz"><strong style="color:hsl(75,69%,37.29097606824%)"><small> </small><span class="username" data-name="RedShadow Z">RedShadow Z</span>:</strong> <em>ahora si viene lo shido xdxdxd</em></div><div class="spacer battle-history"><br></div><div class="battle-history">jan suchiru withdrew Aggron!<br></div><div class="battle-history">jan suchiru sent out <strong>Jirachi</strong>!<br></div><div class="spacer battle-history"><br></div><div class="battle-history">Breloom used <strong>Drain Punch</strong>!<br></div><div class="battle-history"><small>(The opposing Jirachi lost <abbr title="−124/342">36.3%</abbr> of its health!)</small><br></div><div class="battle-history"><small>The opposing Jirachi had its energy drained!</small><br></div><div class="spacer battle-history"><br></div><h2 class="battle-history">Turn 26</h2><div class="spacer battle-history"><br></div><div class="battle-history">The opposing Jirachi used <strong>Fire Punch</strong>!<br></div><div class="battle-history"><small>It's super effective!</small><br></div><div class="battle-history"><small>A critical hit!</small><br></div><div class="battle-history"><small>(Breloom lost <abbr title="−90/262">34.4%</abbr> of its health!)</small><br></div><div class="spacer battle-history"><br></div><div class="battle-history">Breloom fainted!<br></div><div class="spacer battle-history"><br></div><div class="battle-history">Go! <strong>Machamp</strong>!<br></div><div class="spacer battle-history"><br></div><h2 class="battle-history">Turn 27</h2><div class="spacer battle-history"><br></div><div class="battle-history">The opposing Jirachi used <strong>Fire Punch</strong>!<br></div><div class="battle-history"><small>A critical hit!</small><br></div><div class="battle-history"><small>(Machamp lost <abbr title="−133/383">34.7%</abbr> of its health!)</small><br></div><div class="spacer battle-history"><br></div><div class="battle-history">Machamp fainted!<br></div><div class="spacer battle-history"><br></div><div class="battle-history">Go! <strong>Lucario</strong>!<br></div><div class="spacer battle-history"><br></div><h2 class="battle-history">Turn 28</h2><div class="spacer battle-history"><br></div><div class="battle-history">The opposing Jirachi used <strong>Fire Punch</strong>!<br></div><div class="battle-history"><small>It's super effective!</small><br></div><div class="battle-history"><small>(Lucario lost <abbr title="−202/281">71.9%</abbr> of its health!)</small><br></div><div class="battle-history"><small>(Lucario used its Weakness Policy!)</small><br></div><div class="battle-history"><small>Lucario's Attack rose sharply!</small><br></div><div class="battle-history"><small>Lucario's Special Attack rose sharply!</small><br></div><div class="spacer battle-history"><br></div><div class="battle-history">Lucario used <strong>Dark Pulse</strong>!<br></div><div class="battle-history"><small>It's super effective!</small><br></div><div class="battle-history"><small>(The opposing Jirachi lost <abbr title="−149/342">43.6%</abbr> of its health!)</small><br></div><div class="spacer battle-history"><br></div><div class="battle-history">The opposing Jirachi fainted!<br></div><div class="spacer battle-history"><br></div><div class="battle-history">jan suchiru sent out <strong>Empoleon</strong>!<br></div><div class="spacer battle-history"><br></div><h2 class="battle-history">Turn 29</h2><div class="spacer battle-history"><br></div><div class="battle-history">Lucario used <strong>Aura Sphere</strong>!<br></div><div class="battle-history"><small>It's super effective!</small><br></div><div class="battle-history"><small>(The opposing Empoleon lost <abbr title="−372/372">100%</abbr> of its health!)</small><br></div><div class="spacer battle-history"><br></div><div class="battle-history">The opposing Empoleon fainted!<br></div><div class="spacer battle-history"><br></div><div class="battle-history">jan suchiru sent out Aggron (<strong>Aggron-Mega</strong>)!<br></div><div class="spacer battle-history"><br></div><h2 class="battle-history">Turn 30</h2><div class="spacer battle-history"><br></div><div class="battle-history">Lucario used <strong>Aura Sphere</strong>!<br></div><div class="battle-history"><small>It's super effective!</small><br></div><div class="battle-history"><small>(The opposing Aggron lost <abbr title="−194/281">69.0%</abbr> of its health!)</small><br></div><div class="spacer battle-history"><br></div><div class="battle-history">The opposing Aggron fainted!<br></div><div class="spacer battle-history"><br></div><div class="battle-history"><strong>Marcos Pardo</strong> won the battle!<br></div><div class="chat chatmessage-jansuchiru"><strong style="color:hsl(28,63%,38%)"><small>☆</small><span class="username" data-name="jan suchiru">jan suchiru</span>:</strong> <em>gg barajas</em></div><div class="chat chatmessage-redshadowz"><strong style="color:hsl(75,69%,37.29097606824%)"><small> </small><span class="username" data-name="RedShadow Z">RedShadow Z</span>:</strong> <em> v: ALV</em></div></div><div class="inner-preempt"></div></div></div>
</div>
<script>
let daily = Math.floor(Date.now()/1000/60/60/24);document.write('<script src="https://play.pokemonshowdown.com/js/replay-embed.js?version'+daily+'"></'+'script>');
</script>
