<!DOCTYPE html>
<meta charset="utf-8" />
<!-- version 1 -->
<title>OU replay: GrinchsBankAccount vs. Scangel</title>
<style>
html,body {font-family:Verdana, sans-serif;font-size:10pt;margin:0;padding:0;}body{padding:12px 0;} .battle-log {font-family:Verdana, sans-serif;font-size:10pt;} .battle-log-inline {border:1px solid #AAAAAA;background:#EEF2F5;color:black;max-width:640px;margin:0 auto 80px;padding-bottom:5px;} .battle-log .inner {padding:4px 8px 0px 8px;} .battle-log .inner-preempt {padding:0 8px 4px 8px;} .battle-log .inner-after {margin-top:0.5em;} .battle-log h2 {margin:0.5em -8px;padding:4px 8px;border:1px solid #AAAAAA;background:#E0E7EA;border-left:0;border-right:0;font-family:Verdana, sans-serif;font-size:13pt;} .battle-log .chat {vertical-align:middle;padding:3px 0 3px 0;font-size:8pt;} .battle-log .chat strong {color:#40576A;} .battle-log .chat em {padding:1px 4px 1px 3px;color:#000000;font-style:normal;} .chat.mine {background:rgba(0,0,0,0.05);margin-left:-8px;margin-right:-8px;padding-left:8px;padding-right:8px;} .spoiler {color:#BBBBBB;background:#BBBBBB;padding:0px 3px;} .spoiler:hover, .spoiler:active, .spoiler-shown {color:#000000;background:#E2E2E2;padding:0px 3px;} .spoiler a {color:#BBBBBB;} .spoiler:hover a, .spoiler:active a, .spoiler-shown a {color:#2288CC;} .chat code, .chat .spoiler:hover code, .chat .spoiler:active code, .chat .spoiler-shown code {border:1px solid #C0C0C0;background:#EEEEEE;color:black;padding:0 2px;} .chat .spoiler code {border:1px solid #CCCCCC;background:#CCCCCC;color:#CCCCCC;} .battle-log .rated {padding:3px 4px;} .battle-log .rated strong {color:white;background:#89A;padding:1px 4px;border-radius:4px;} .spacer {margin-top:0.5em;} .message-announce {background:#6688AA;color:white;padding:1px 4px 2px;} .message-announce a, .broadcast-green a, .broadcast-blue a, .broadcast-red a {color:#DDEEFF;} .broadcast-green {background-color:#559955;color:white;padding:2px 4px;} .broadcast-blue {background-color:#6688AA;color:white;padding:2px 4px;} .infobox {border:1px solid #6688AA;padding:2px 4px;} .infobox-limited {max-height:200px;overflow:auto;overflow-x:hidden;} .broadcast-red {background-color:#AA5544;color:white;padding:2px 4px;} .message-learn-canlearn {font-weight:bold;color:#228822;text-decoration:underline;} .message-learn-cannotlearn {font-weight:bold;color:#CC2222;text-decoration:underline;} .message-effect-weak {font-weight:bold;color:#CC2222;} .message-effect-resist {font-weight:bold;color:#6688AA;} .message-effect-immune {font-weight:bold;color:#666666;} .message-learn-list {margin-top:0;margin-bottom:0;} .message-throttle-notice, .message-error {color:#992222;} .message-overflow, .chat small.message-overflow {font-size:0pt;} .message-overflow::before {font-size:9pt;content:'...';} .subtle {color:#3A4A66;}
</style>
<div class="wrapper replay-wrapper" style="max-width:1180px;margin:0 auto">
<input type="hidden" name="replayid" value="destiny-ou-412450" />
<div class="battle"></div><div class="battle-log"></div><div class="replay-controls"></div><div class="replay-controls-2"></div>
<h1 style="font-weight:normal;text-align:center"><strong>OU</strong><br /><a href="http://pokemonshowdown.com/users/grinchsbankaccount" class="subtle" target="_blank">GrinchsBankAccount</a> vs. <a href="http://pokemonshowdown.com/users/scangel" class="subtle" target="_blank">Scangel</a></h1>
<script type="text/plain" class="battle-log-data">|player|p1|GrinchsBankAccount|20
|teamsize|p1|6
|player|p2|Scangel|scangel-2.gif?c51b27e9
|teamsize|p2|6
|teamsize|p1|6
|teamsize|p2|6
|gametype|singles
|gen|7
|tier|OU
|rated
|seed|32153,55695,34959,17666
|rule|Cláusula-Mod de Dormir: solo puedes dormir a uno de tus oponentes a la vez.
|rule|Cláusula de Especie: Hasta un Pokémon de cada especie
|rule|Cláusula de Golpe Fulminante: los movimientos fulminantes (OHKO) estan prohibidos
|rule|Cláusula de Veleta: la habilidad Veleta está prohibida
|rule|Cláusula de Movimientos Evasivos: los movimientos de Evasión están prohibidos.
|rule|Cláusula de Batallas Eternas: forzar batallas eternas está prohibido
|clearpoke
|poke|p1|Aggron, M|item
|poke|p1|Moltres|item
|poke|p1|Garchomp, M|item
|poke|p1|Rotom-Wash|item
|poke|p1|Mandibuzz, F|item
|poke|p1|Doublade, F|item
|poke|p2|Gengar, M|item
|poke|p2|Toxapex, F|item
|poke|p2|Clefable, F|item
|poke|p2|Ferrothorn, M|item
|poke|p2|Gliscor, M|item
|poke|p2|Magnezone|item
|teampreview|undefined
|choice|*|*team 213456
|choice|*team 123456|*
|choice|team 1, 2, 3, 4, 5, 6|team 2, 1, 3, 4, 5, 6
|
|start
|switch|p1a: Aggron|Aggron, M|344\/344
|switch|p2a: Toxapex|Toxapex, F|303\/303
|turn|1
|choice|*|*move 1
|choice|*move 4 mega|*
|choice|move stealthrock mega|move scald
|
|-mega|p1a: Aggron|Aggron|Aggronite
|detailschange|p1a: Aggron|Aggron-Mega, M
|move|p1a: Aggron|Stealth Rock|p2a: Toxapex
|-sidestart|p2: Scangel|move: Stealth Rock
|move|p2a: Toxapex|Scald|p1a: Aggron
|-damage|p1a: Aggron|286\/344
|
|upkeep
|turn|2
|choice|*|*switch 4
|choice|*|*move 1
|choice|*|*move 2
|choice|*switch 6|*
|choice|switch 6|move toxic
|
|switch|p1a: Doublade|Doublade, F|322\/322
|move|p2a: Toxapex|Toxic|p1a: Doublade
|-immune|p1a: Doublade|[msg]
|
|upkeep
|turn|3
|choice|*move 1|*
|choice|*|*move 1
|choice|*move 1|*
|choice|move shadowclaw|move scald
|
|move|p2a: Toxapex|Scald|p1a: Doublade
|-crit|p1a: Doublade
|-damage|p1a: Doublade|261\/322
|move|p1a: Doublade|Shadow Claw|p2a: Toxapex
|-damage|p2a: Toxapex|242\/303
|
|-heal|p2a: Toxapex|260\/303|[from] item: Black Sludge
|upkeep
|turn|4
|choice|*|*move 1
|choice|*move 1|*
|choice|move shadowclaw|move scald
|
|move|p2a: Toxapex|Scald|p1a: Doublade
|-damage|p1a: Doublade|222\/322
|-status|p1a: Doublade|brn
|move|p1a: Doublade|Shadow Claw|p2a: Toxapex
|-damage|p2a: Toxapex|227\/303
|
|-heal|p2a: Toxapex|245\/303|[from] item: Black Sludge
|-damage|p1a: Doublade|202\/322 brn|[from] brn
|upkeep
|turn|5
|choice|*|*move 1
|choice|*switch 4|*
|choice|switch 4|move scald
|
|switch|p1a: Rotom|Rotom-Wash|241\/241
|move|p2a: Toxapex|Scald|p1a: Rotom
|-resisted|p1a: Rotom
|-damage|p1a: Rotom|215\/241
|
|-heal|p2a: Toxapex|263\/303|[from] item: Black Sludge
|upkeep
|turn|6
|choice|*|*move 2
|choice|*move 3|*
|choice|move hiddenpower|move toxic
|
|move|p1a: Rotom|Hidden Power|p2a: Toxapex
|-resisted|p2a: Toxapex
|-damage|p2a: Toxapex|247\/303
|move|p2a: Toxapex|Toxic|p1a: Rotom
|-status|p1a: Rotom|tox
|
|-heal|p2a: Toxapex|265\/303|[from] item: Black Sludge
|-damage|p1a: Rotom|200\/241 tox|[from] psn
|upkeep
|turn|7
|choice|*|*switch 4
|choice|*switch 4|*
|choice|*|*move 1
|choice|switch 4|move scald
|
|switch|p1a: Doublade|Doublade, F|202\/322 brn
|move|p2a: Toxapex|Scald|p1a: Doublade
|-damage|p1a: Doublade|159\/322 brn
|
|-heal|p2a: Toxapex|283\/303|[from] item: Black Sludge
|-damage|p1a: Doublade|139\/322 brn|[from] brn
|upkeep
|turn|8
|choice|*|*move 1
|choice|*move 3|*
|choice|move rest|move scald
|
|move|p2a: Toxapex|Scald|p1a: Doublade
|-damage|p1a: Doublade|94\/322 brn
|move|p1a: Doublade|Rest|p1a: Doublade
|-status|p1a: Doublade|slp
|-heal|p1a: Doublade|322\/322 slp|[silent]
|-status|p1a: Doublade|slp|[from] move: Rest
|
|-heal|p2a: Toxapex|301\/303|[from] item: Black Sludge
|upkeep
|turn|9
|choice|*switch 4|*
|choice|*|*switch 4
|choice|switch 4|switch 4
|
|switch|p2a: Ferrothorn|Ferrothorn, M|351\/351
|-damage|p2a: Ferrothorn|330\/351|[from] Stealth Rock
|switch|p1a: Rotom|Rotom-Wash|200\/241 tox
|
|-heal|p2a: Ferrothorn|351\/351|[from] item: Leftovers
|-damage|p1a: Rotom|185\/241 tox|[from] psn
|upkeep
|turn|10
|choice|*|*move 3
|choice|*move 1|*
|choice|move voltswitch|move protect
|
|move|p2a: Ferrothorn|Protect|p2a: Ferrothorn
|-singleturn|p2a: Ferrothorn|Protect
|move|p1a: Rotom|Volt Switch|p2a: Ferrothorn
|-activate|p2a: Ferrothorn|move: Protect
|
|-damage|p1a: Rotom|155\/241 tox|[from] psn
|upkeep
|turn|11
|-message|GrinchsBankAccount se rindió.
|
|win|Scangel
Scangel ha ganado 5.5 PokeDolares.
|raw|Puntaje de GrinchsBankAccount: 1268 &rarr; <strong>1242<\/strong><br \/>(-26 por perder)
|raw|Puntaje de Scangel: 1260 &rarr; <strong>1286<\/strong><br \/>(+26 por ganar)
</script>
</div>
<div class="battle-log battle-log-inline"><div class="inner"><div class="battle-options"></div><div class="inner"><div class=""><small>Format:</small> <br><strong>OU</strong></div><div class="rated"><strong>Rated battle</strong></div><div class=""><small><em>Cláusula-Mod de Dormir:</em> solo puedes dormir a uno de tus oponentes a la vez.</small></div><div class=""><small><em>Cláusula de Especie:</em> Hasta un Pokémon de cada especie</small></div><div class=""><small><em>Cláusula de Golpe Fulminante:</em> los movimientos fulminantes (OHKO) estan prohibidos</small></div><div class=""><small><em>Cláusula de Veleta:</em> la habilidad Veleta está prohibida</small></div><div class=""><small><em>Cláusula de Movimientos Evasivos:</em> los movimientos de Evasión están prohibidos.</small></div><div class=""><small><em>Cláusula de Batallas Eternas:</em> forzar batallas eternas está prohibido</small></div><div class="chat battle-history"><strong>GrinchsBankAccount's team:</strong> <em style="color:#445566;display:block;">Aggron / Moltres / Garchomp / Rotom-Wash / Mandibuzz / Doublade</em></div><div class="chat battle-history"><strong>Scangel's team:</strong> <em style="color:#445566;display:block;">Gengar / Toxapex / Clefable / Ferrothorn / Gliscor / Magnezone</em></div><div class="spacer battle-history"><br></div><div class="battle-history">Battle started between GrinchsBankAccount and Scangel!<br></div><div class="spacer battle-history"><br></div><div class="battle-history">Go! <strong>Aggron</strong>!<br></div><div class="spacer battle-history"><br></div><div class="battle-history">Scangel sent out <strong>Toxapex</strong>!<br></div><div class="spacer battle-history"><br></div><h2 class="battle-history">Turn 1</h2><div class="spacer battle-history"><br></div><div class="battle-history"><small>Aggron's Aggronite is reacting to the Key Stone!</small><br>Aggron has Mega Evolved into Mega Aggron!<br></div><div class="spacer battle-history"><br></div><div class="battle-history">Aggron used <strong>Stealth Rock</strong>!<br></div><div class="battle-history"><small>Pointed stones float in the air around the opposing team!</small><br></div><div class="spacer battle-history"><br></div><div class="battle-history">The opposing Toxapex used <strong>Scald</strong>!<br></div><div class="battle-history"><small>(Aggron lost <abbr title="−58/344">16.9%</abbr> of its health!)</small><br></div><div class="spacer battle-history"><br></div><h2 class="battle-history">Turn 2</h2><div class="spacer battle-history"><br></div><div class="battle-history">Aggron, come back!<br></div><div class="battle-history">Go! <strong>Doublade</strong>!<br></div><div class="spacer battle-history"><br></div><div class="battle-history">The opposing Toxapex used <strong>Toxic</strong>!<br></div><div class="battle-history"><small>It doesn't affect Doublade...</small><br></div><div class="spacer battle-history"><br></div><h2 class="battle-history">Turn 3</h2><div class="spacer battle-history"><br></div><div class="battle-history">The opposing Toxapex used <strong>Scald</strong>!<br></div><div class="battle-history"><small>A critical hit!</small><br></div><div class="battle-history"><small>(Doublade lost <abbr title="−61/322">18.9%</abbr> of its health!)</small><br></div><div class="spacer battle-history"><br></div><div class="battle-history">Doublade used <strong>Shadow Claw</strong>!<br></div><div class="battle-history"><small>(The opposing Toxapex lost <abbr title="−61/303">20.1%</abbr> of its health!)</small><br></div><div class="spacer battle-history"><br></div><div class="battle-history"><small>The opposing Toxapex restored a little HP using its Black Sludge!</small><br></div><div class="spacer battle-history"><br></div><h2 class="battle-history">Turn 4</h2><div class="spacer battle-history"><br></div><div class="battle-history">The opposing Toxapex used <strong>Scald</strong>!<br></div><div class="battle-history"><small>(Doublade lost <abbr title="−39/322">12.1%</abbr> of its health!)</small><br></div><div class="battle-history"><small>Doublade was burned!</small><br></div><div class="spacer battle-history"><br></div><div class="battle-history">Doublade used <strong>Shadow Claw</strong>!<br></div><div class="battle-history"><small>(The opposing Toxapex lost <abbr title="−33/303">10.9%</abbr> of its health!)</small><br></div><div class="spacer battle-history"><br></div><div class="battle-history"><small>The opposing Toxapex restored a little HP using its Black Sludge!</small><br></div><div class="battle-history"><small>Doublade was hurt by its burn!</small><br></div><div class="spacer battle-history"><br></div><h2 class="battle-history">Turn 5</h2><div class="spacer battle-history"><br></div><div class="battle-history">Doublade, come back!<br></div><div class="battle-history">Go! Rotom (<strong>Rotom-Wash</strong>)!<br></div><div class="spacer battle-history"><br></div><div class="battle-history">The opposing Toxapex used <strong>Scald</strong>!<br></div><div class="battle-history"><small>It's not very effective...</small><br></div><div class="battle-history"><small>(Rotom lost <abbr title="−26/241">10.8%</abbr> of its health!)</small><br></div><div class="spacer battle-history"><br></div><div class="battle-history"><small>The opposing Toxapex restored a little HP using its Black Sludge!</small><br></div><div class="spacer battle-history"><br></div><h2 class="battle-history">Turn 6</h2><div class="spacer battle-history"><br></div><div class="battle-history">Rotom used <strong>Hidden Power</strong>!<br></div><div class="battle-history"><small>It's not very effective...</small><br></div><div class="battle-history"><small>(The opposing Toxapex lost <abbr title="−16/303">5.3%</abbr> of its health!)</small><br></div><div class="spacer battle-history"><br></div><div class="battle-history">The opposing Toxapex used <strong>Toxic</strong>!<br></div><div class="battle-history"><small>Rotom was badly poisoned!</small><br></div><div class="spacer battle-history"><br></div><div class="battle-history"><small>The opposing Toxapex restored a little HP using its Black Sludge!</small><br></div><div class="battle-history"><small>Rotom was hurt by poison!</small><br></div><div class="spacer battle-history"><br></div><h2 class="battle-history">Turn 7</h2><div class="spacer battle-history"><br></div><div class="battle-history">Rotom, come back!<br></div><div class="battle-history">Go! <strong>Doublade</strong>!<br></div><div class="spacer battle-history"><br></div><div class="battle-history">The opposing Toxapex used <strong>Scald</strong>!<br></div><div class="battle-history"><small>(Doublade lost <abbr title="−43/322">13.4%</abbr> of its health!)</small><br></div><div class="spacer battle-history"><br></div><div class="battle-history"><small>The opposing Toxapex restored a little HP using its Black Sludge!</small><br></div><div class="battle-history"><small>Doublade was hurt by its burn!</small><br></div><div class="spacer battle-history"><br></div><h2 class="battle-history">Turn 8</h2><div class="spacer battle-history"><br></div><div class="battle-history">The opposing Toxapex used <strong>Scald</strong>!<br></div><div class="battle-history"><small>(Doublade lost <abbr title="−45/322">14.0%</abbr> of its health!)</small><br></div><div class="spacer battle-history"><br></div><div class="battle-history">Doublade used <strong>Rest</strong>!<br></div><div class="battle-history"><small>Doublade fell asleep!</small><br></div><div class="battle-history"><small>Doublade slept and became healthy!</small><br></div><div class="spacer battle-history"><br></div><div class="battle-history"><small>The opposing Toxapex restored a little HP using its Black Sludge!</small><br></div><div class="spacer battle-history"><br></div><h2 class="battle-history">Turn 9</h2><div class="spacer battle-history"><br></div><div class="battle-history">Scangel withdrew Toxapex!<br></div><div class="battle-history">Scangel sent out <strong>Ferrothorn</strong>!<br></div><div class="battle-history"><small>Pointed stones dug into the opposing Ferrothorn!</small><br></div><div class="spacer battle-history"><br></div><div class="battle-history">Doublade, come back!<br></div><div class="battle-history">Go! Rotom (<strong>Rotom-Wash</strong>)!<br></div><div class="spacer battle-history"><br></div><div class="battle-history"><small>The opposing Ferrothorn restored a little HP using its Leftovers!</small><br></div><div class="battle-history"><small>Rotom was hurt by poison!</small><br></div><div class="spacer battle-history"><br></div><h2 class="battle-history">Turn 10</h2><div class="spacer battle-history"><br></div><div class="battle-history">The opposing Ferrothorn used <strong>Protect</strong>!<br></div><div class="battle-history"><small>The opposing Ferrothorn protected itself!</small><br></div><div class="spacer battle-history"><br></div><div class="battle-history">Rotom used <strong>Volt Switch</strong>!<br></div><div class="battle-history"><small>The opposing Ferrothorn protected itself!</small><br></div><div class="spacer battle-history"><br></div><div class="battle-history"><small>Rotom was hurt by poison!</small><br></div><div class="spacer battle-history"><br></div><h2 class="battle-history">Turn 11</h2><div class="spacer battle-history"><br></div><div class="battle-history"><small>GrinchsBankAccount se rindió.</small><br></div><div class="spacer battle-history"><br></div><div class="battle-history"><strong>Scangel</strong> won the battle!<br></div><div class="chat">Scangel ha ganado 5.5 PokeDolares.</div><div class="chat">Puntaje de GrinchsBankAccount: 1268 → <strong>1242</strong><br>(-26 por perder)</div><div class="chat">Puntaje de Scangel: 1260 → <strong>1286</strong><br>(+26 por ganar)</div></div><div class="inner-preempt"></div></div></div>
</div>
<script>
let daily = Math.floor(Date.now()/1000/60/60/24);document.write('<script src="https://play.pokemonshowdown.com/js/replay-embed.js?version'+daily+'"></'+'script>');
</script>
