<!DOCTYPE html>
<meta charset="utf-8" />
<!-- version 1 -->
<title>OU replay: LoD Asuna vs. RayParK_</title>
<style>
html,body {font-family:Verdana, sans-serif;font-size:10pt;margin:0;padding:0;}body{padding:12px 0;} .battle-log {font-family:Verdana, sans-serif;font-size:10pt;} .battle-log-inline {border:1px solid #AAAAAA;background:#EEF2F5;color:black;max-width:640px;margin:0 auto 80px;padding-bottom:5px;} .battle-log .inner {padding:4px 8px 0px 8px;} .battle-log .inner-preempt {padding:0 8px 4px 8px;} .battle-log .inner-after {margin-top:0.5em;} .battle-log h2 {margin:0.5em -8px;padding:4px 8px;border:1px solid #AAAAAA;background:#E0E7EA;border-left:0;border-right:0;font-family:Verdana, sans-serif;font-size:13pt;} .battle-log .chat {vertical-align:middle;padding:3px 0 3px 0;font-size:8pt;} .battle-log .chat strong {color:#40576A;} .battle-log .chat em {padding:1px 4px 1px 3px;color:#000000;font-style:normal;} .chat.mine {background:rgba(0,0,0,0.05);margin-left:-8px;margin-right:-8px;padding-left:8px;padding-right:8px;} .spoiler {color:#BBBBBB;background:#BBBBBB;padding:0px 3px;} .spoiler:hover, .spoiler:active, .spoiler-shown {color:#000000;background:#E2E2E2;padding:0px 3px;} .spoiler a {color:#BBBBBB;} .spoiler:hover a, .spoiler:active a, .spoiler-shown a {color:#2288CC;} .chat code, .chat .spoiler:hover code, .chat .spoiler:active code, .chat .spoiler-shown code {border:1px solid #C0C0C0;background:#EEEEEE;color:black;padding:0 2px;} .chat .spoiler code {border:1px solid #CCCCCC;background:#CCCCCC;color:#CCCCCC;} .battle-log .rated {padding:3px 4px;} .battle-log .rated strong {color:white;background:#89A;padding:1px 4px;border-radius:4px;} .spacer {margin-top:0.5em;} .message-announce {background:#6688AA;color:white;padding:1px 4px 2px;} .message-announce a, .broadcast-green a, .broadcast-blue a, .broadcast-red a {color:#DDEEFF;} .broadcast-green {background-color:#559955;color:white;padding:2px 4px;} .broadcast-blue {background-color:#6688AA;color:white;padding:2px 4px;} .infobox {border:1px solid #6688AA;padding:2px 4px;} .infobox-limited {max-height:200px;overflow:auto;overflow-x:hidden;} .broadcast-red {background-color:#AA5544;color:white;padding:2px 4px;} .message-learn-canlearn {font-weight:bold;color:#228822;text-decoration:underline;} .message-learn-cannotlearn {font-weight:bold;color:#CC2222;text-decoration:underline;} .message-effect-weak {font-weight:bold;color:#CC2222;} .message-effect-resist {font-weight:bold;color:#6688AA;} .message-effect-immune {font-weight:bold;color:#666666;} .message-learn-list {margin-top:0;margin-bottom:0;} .message-throttle-notice, .message-error {color:#992222;} .message-overflow, .chat small.message-overflow {font-size:0pt;} .message-overflow::before {font-size:9pt;content:'...';} .subtle {color:#3A4A66;}
</style>
<div class="wrapper replay-wrapper" style="max-width:1180px;margin:0 auto">
<input type="hidden" name="replayid" value="destiny-ou-415757" />
<div class="battle"></div><div class="battle-log"></div><div class="replay-controls"></div><div class="replay-controls-2"></div>
<h1 style="font-weight:normal;text-align:center"><strong>OU</strong><br /><a href="http://pokemonshowdown.com/users/lodasuna" class="subtle" target="_blank">LoD Asuna</a> vs. <a href="http://pokemonshowdown.com/users/raypark" class="subtle" target="_blank">RayParK_</a></h1>
<script type="text/plain" class="battle-log-data">|unlink|||tour
|player|p1|LoD Asuna|lodasuna-5.gif?840a0427
|teamsize|p1|6
|player|p2|RayParK_|101
|teamsize|p2|6
|teamsize|p1|6
|teamsize|p2|6
|gametype|singles
|gen|7
|tier|OU
|seed|26916,21351,54955,33304
|rule|Cláusula-Mod de Dormir: solo puedes dormir a uno de tus oponentes a la vez.
|rule|Cláusula de Especie: Hasta un Pokémon de cada especie
|rule|Cláusula de Golpe Fulminante: los movimientos fulminantes (OHKO) estan prohibidos
|rule|Cláusula de Veleta: la habilidad Veleta está prohibida
|rule|Cláusula de Movimientos Evasivos: los movimientos de Evasión están prohibidos.
|rule|Cláusula de Batallas Eternas: forzar batallas eternas está prohibido
|clearpoke
|poke|p1|Keldeo|item
|poke|p1|Magearna|item
|poke|p1|Latios, M|item
|poke|p1|Landorus-Therian, M|item
|poke|p1|Tapu Koko|item
|poke|p1|Pinsir, M|item
|poke|p2|Alakazam, M, shiny|item
|poke|p2|Greninja, M|item
|poke|p2|Landorus-Therian, M|item
|poke|p2|Kartana|item
|poke|p2|Chansey, F|item
|poke|p2|Tapu Lele|item
|teampreview|undefined
|choice|*|*team 123456
|choice|*|*team 213456
|c| breloomaster|Lod Asuna gana
|c| breloomaster|Raypark es un judío
|c|☆LoD Asuna|:'v
|choice|*team 423156|*
|choice|team 4, 2, 3, 1, 5, 6|team 2, 1, 3, 4, 5, 6
|
|start
|switch|p1a: Landorus|Landorus-Therian, M|319\/319
|switch|p2a: Greninja|Greninja, M|286\/286
|-ability|p1a: Landorus|Intimidate|boost
|-unboost|p2a: Greninja|atk|1
|turn|1
|choice|*move 2|*
|choice|*|*switch 3
|choice|move earthquake|switch 3
|
|switch|p2a: Landorus|Landorus-Therian, M|382\/382
|-ability|p2a: Landorus|Intimidate|boost
|-unboost|p1a: Landorus|atk|1
|move|p1a: Landorus|Earthquake|p2a: Landorus
|-immune|p2a: Landorus|[msg]
|
|upkeep
|turn|2
|choice|*move 1|*
|choice|*|*move 4
|choice|move stealthrock|move earthquake
|
|move|p1a: Landorus|Stealth Rock|p2a: Landorus
|-sidestart|p2: RayParK_|move: Stealth Rock
|move|p2a: Landorus|Earthquake|p1a: Landorus
|-immune|p1a: Landorus|[msg]
|
|upkeep
|turn|3
|choice|*|*move 3
|choice|*move 4|*
|choice|move swordsdance|move hiddenpower
|
|move|p1a: Landorus|Swords Dance|p1a: Landorus
|-boost|p1a: Landorus|atk|2
|move|p2a: Landorus|Hidden Power|p1a: Landorus
|-supereffective|p1a: Landorus
|-damage|p1a: Landorus|115\/319
|
|upkeep
|turn|4
|choice|*move 3|*
|choice|*move 3|*
|choice|*|*move 3
|choice|move explosion|move hiddenpower
|
|move|p1a: Landorus|Explosion|p2a: Landorus
|-damage|p2a: Landorus|0 fnt
|faint|p1a: Landorus
|faint|p2a: Landorus
|
|upkeep
|choice|*switch 6|*
|choice|*|*switch 2
|choice|*switch 6|*
|choice|switch 6|switch 2
|
|switch|p1a: Pinsir|Pinsir, M|271\/271
|switch|p2a: Alakazam|Alakazam, M, shiny|251\/251
|turn|5
|choice|*move 2 mega|*
|choice|*|*move 1 mega
|choice|move return mega|move psychic mega
|
|-mega|p2a: Alakazam|Alakazam|Alakazite
|detailschange|p2a: Alakazam|Alakazam-Mega, M, shiny
|-ability|p2a: Alakazam|Hyper Cutter|[from] ability: Trace|[of] p1a: Pinsir
|-mega|p1a: Pinsir|Pinsir|Pinsirite
|detailschange|p1a: Pinsir|Pinsir-Mega, M
|move|p2a: Alakazam|Psychic|p1a: Pinsir
|-damage|p1a: Pinsir|40\/271
|move|p1a: Pinsir|Return|p2a: Alakazam
|-damage|p2a: Alakazam|0 fnt
|faint|p2a: Alakazam
|
|upkeep
|choice|*|*switch 3
|choice||switch 3
|
|switch|p2a: Greninja|Greninja, M|286\/286
|-damage|p2a: Greninja|251\/286|[from] Stealth Rock
|turn|6
|choice|*move 3|*
|choice|*|*move 3
|choice|move feint|move hydropump
|
|move|p1a: Pinsir|Feint|p2a: Greninja
|-damage|p2a: Greninja|155\/286
|move|p2a: Greninja|Hydro Pump|p1a: Pinsir
|-damage|p1a: Pinsir|0 fnt
|-damage|p2a: Greninja|127\/286|[from] item: Life Orb
|faint|p1a: Pinsir
|-activate|p2a: Greninja|ability: Battle Bond
|detailschange|p2a: Greninja|Greninja-Ash, M
|
|upkeep
|choice|*switch 4|*
|choice|switch 4|
|
|switch|p1a: Keldeo|Keldeo|323\/323
|turn|7
|c| EdwardEllric|Lod Asuna es perra
|choice|*move 3 zmove|*
|c|☆LoD Asuna|ke
|choice|*|*move 3
|choice|move liquidation zmove|move hydropump
|
|move|p2a: Greninja|Hydro Pump|p1a: Keldeo
|-resisted|p1a: Keldeo
|-damage|p1a: Keldeo|154\/323
|-damage|p2a: Greninja|99\/286|[from] item: Life Orb
|-zpower|p1a: Keldeo
|move|p1a: Keldeo|Hydro Vortex|p2a: Greninja|[zeffect]
|-resisted|p2a: Greninja
|-damage|p2a: Greninja|0 fnt
|faint|p2a: Greninja
|
|upkeep
|c|☆LoD Asuna|qe
|choice|*|*switch 6
|choice||switch 6
|
|switch|p2a: Tapu Lele|Tapu Lele|282\/282
|-damage|p2a: Tapu Lele|247\/282|[from] Stealth Rock
|-fieldstart|move: Psychic Terrain|[from] ability: Psychic Surge|[of] p2a: Tapu Lele
|turn|8
|c|☆LoD Asuna|pero
|choice|*|*move 1
|choice|*move 1|*
|choice|move poisonjab|move psyshock
|
|move|p1a: Keldeo|Poison Jab|p2a: Tapu Lele
|-supereffective|p2a: Tapu Lele
|-damage|p2a: Tapu Lele|73\/282
|-status|p2a: Tapu Lele|psn
|move|p2a: Tapu Lele|Psyshock|p1a: Keldeo
|-supereffective|p1a: Keldeo
|-damage|p1a: Keldeo|0 fnt
|faint|p1a: Keldeo
|
|-damage|p2a: Tapu Lele|38\/282 psn|[from] psn
|upkeep
|c|☆LoD Asuna|v:
|choice|*switch 5|*
|choice|switch 5|
|
|switch|p1a: Tapu Koko|Tapu Koko|281\/281
|-fieldstart|move: Electric Terrain|[from] ability: Electric Surge|[of] p1a: Tapu Koko
|turn|9
|choice|*move 4|*
|choice|*move 4|*
|choice|*|*move 1
|choice|move uturn|move psyshock
|
|move|p1a: Tapu Koko|U-turn|p2a: Tapu Lele
|-damage|p2a: Tapu Lele|0 fnt
|faint|p2a: Tapu Lele
|choice|*switch 2|*
|choice|switch 2|
|
|switch|p1a: Magearna|Magearna|301\/301|[from]move: U-turn
|
|upkeep
|choice|*|*switch 5
|choice||switch 5
|
|switch|p2a: Chansey|Chansey, F|704\/704
|-damage|p2a: Chansey|616\/704|[from] Stealth Rock
|turn|10
|choice|*move 4|*
|choice|*|*move 2
|choice|move calmmind|move seismictoss
|
|move|p1a: Magearna|Calm Mind|p1a: Magearna
|-boost|p1a: Magearna|spa|1
|-boost|p1a: Magearna|spd|1
|move|p2a: Chansey|Seismic Toss|p1a: Magearna
|-damage|p1a: Magearna|201\/301
|
|-heal|p1a: Magearna|219\/301|[from] item: Leftovers
|upkeep
|turn|11
|choice|*|*move 2
|choice|*move 4|*
|choice|move calmmind|move seismictoss
|
|move|p1a: Magearna|Calm Mind|p1a: Magearna
|-boost|p1a: Magearna|spa|1
|-boost|p1a: Magearna|spd|1
|move|p2a: Chansey|Seismic Toss|p1a: Magearna
|-damage|p1a: Magearna|119\/301
|
|-heal|p1a: Magearna|137\/301|[from] item: Leftovers
|upkeep
|turn|12
|choice|*move 2|*
|choice|*move 2|*
|choice|*|*move 3
|choice|move thunderbolt|move softboiled
|
|move|p1a: Magearna|Thunderbolt|p2a: Chansey
|-damage|p2a: Chansey|419\/704
|move|p2a: Chansey|Soft-Boiled|p2a: Chansey
|-heal|p2a: Chansey|704\/704
|
|-heal|p1a: Magearna|155\/301|[from] item: Leftovers
|upkeep
|turn|13
|choice|*|*move 2
|choice|*move 4|*
|choice|move calmmind|move seismictoss
|
|move|p1a: Magearna|Calm Mind|p1a: Magearna
|-boost|p1a: Magearna|spa|1
|-boost|p1a: Magearna|spd|1
|move|p2a: Chansey|Seismic Toss|p1a: Magearna
|-damage|p1a: Magearna|55\/301
|
|-heal|p1a: Magearna|73\/301|[from] item: Leftovers
|-fieldend|move: Electric Terrain
|upkeep
|turn|14
|choice|*move 2|*
|choice|*move 2|*
|choice|*|*move 2
|choice|move thunderbolt|move seismictoss
|
|move|p1a: Magearna|Thunderbolt|p2a: Chansey
|-damage|p2a: Chansey|544\/704
|move|p2a: Chansey|Seismic Toss|p1a: Magearna
|-damage|p1a: Magearna|0 fnt
|faint|p1a: Magearna
|
|upkeep
|choice|*switch 2|*
|choice|switch 2|
|
|switch|p1a: Tapu Koko|Tapu Koko|281\/281
|-fieldstart|move: Electric Terrain|[from] ability: Electric Surge|[of] p1a: Tapu Koko
|turn|15
|choice|*move 3|*
|choice|*|*move 3
|choice|move thunderbolt|move softboiled
|
|move|p1a: Tapu Koko|Thunderbolt|p2a: Chansey
|-damage|p2a: Chansey|360\/704
|move|p2a: Chansey|Soft-Boiled|p2a: Chansey
|-heal|p2a: Chansey|704\/704
|
|upkeep
|turn|16
|choice|*|*move 4
|choice|*move 3|*
|choice|move thunderbolt|move toxic
|
|move|p1a: Tapu Koko|Thunderbolt|p2a: Chansey
|-damage|p2a: Chansey|518\/704
|move|p2a: Chansey|Toxic|p1a: Tapu Koko
|-status|p1a: Tapu Koko|tox
|
|-damage|p1a: Tapu Koko|264\/281 tox|[from] psn
|upkeep
|turn|17
|choice|*switch 3|*
|choice|*|*move 3
|choice|switch 3|move softboiled
|
|switch|p1a: Latios|Latios, M|301\/301
|move|p2a: Chansey|Soft-Boiled|p2a: Chansey
|-heal|p2a: Chansey|704\/704
|
|upkeep
|turn|18
|choice|*move 3|*
|choice|*|*move 4
|choice|move psyshock|move toxic
|
|move|p1a: Latios|Psyshock|p2a: Chansey
|-damage|p2a: Chansey|523\/704
|move|p2a: Chansey|Toxic|p1a: Latios
|-status|p1a: Latios|tox
|
|-damage|p1a: Latios|283\/301 tox|[from] psn
|upkeep
|turn|19
|choice|*|*move 3
|choice|*move 3|*
|choice|move psyshock|move softboiled
|
|move|p1a: Latios|Psyshock|p2a: Chansey
|-damage|p2a: Chansey|349\/704
|move|p2a: Chansey|Soft-Boiled|p2a: Chansey
|-heal|p2a: Chansey|701\/704
|
|-damage|p1a: Latios|247\/301 tox|[from] psn
|-fieldend|move: Electric Terrain
|upkeep
|turn|20
|choice|*move 3|*
|choice|*switch 3|*
|choice|*move 3|*
|choice|*|*move 2
|choice|move psyshock|move seismictoss
|
|move|p1a: Latios|Psyshock|p2a: Chansey
|-damage|p2a: Chansey|511\/704
|move|p2a: Chansey|Seismic Toss|p1a: Latios
|-damage|p1a: Latios|147\/301 tox
|
|-damage|p1a: Latios|93\/301 tox|[from] psn
|upkeep
|turn|21
|choice|*|*move 3
|choice|*switch 3|*
|choice|switch 3|move softboiled
|
|switch|p1a: Tapu Koko|Tapu Koko|264\/281 tox
|-fieldstart|move: Electric Terrain|[from] ability: Electric Surge|[of] p1a: Tapu Koko
|move|p2a: Chansey|Soft-Boiled|p2a: Chansey
|-heal|p2a: Chansey|704\/704
|
|-damage|p1a: Tapu Koko|247\/281 tox|[from] psn
|upkeep
|turn|22
|choice|*|*move 2
|choice|*move 3|*
|choice|move thunderbolt|move seismictoss
|
|move|p1a: Tapu Koko|Thunderbolt|p2a: Chansey
|-damage|p2a: Chansey|520\/704
|move|p2a: Chansey|Seismic Toss|p1a: Tapu Koko
|-damage|p1a: Tapu Koko|147\/281 tox
|
|-damage|p1a: Tapu Koko|113\/281 tox|[from] psn
|upkeep
|turn|23
|choice|*move 3|*
|choice|*|*move 3
|choice|move thunderbolt|move softboiled
|
|move|p1a: Tapu Koko|Thunderbolt|p2a: Chansey
|-damage|p2a: Chansey|351\/704
|move|p2a: Chansey|Soft-Boiled|p2a: Chansey
|-heal|p2a: Chansey|703\/704
|
|-damage|p1a: Tapu Koko|62\/281 tox|[from] psn
|upkeep
|turn|24
|choice|*|*move 2
|choice|*move 3|*
|choice|move thunderbolt|move seismictoss
|
|move|p1a: Tapu Koko|Thunderbolt|p2a: Chansey
|-damage|p2a: Chansey|529\/704
|move|p2a: Chansey|Seismic Toss|p1a: Tapu Koko
|-damage|p1a: Tapu Koko|0 fnt
|faint|p1a: Tapu Koko
|
|upkeep
|choice|*switch 3|*
|choice|switch 3|
|
|switch|p1a: Latios|Latios, M|93\/301 tox
|turn|25
|choice|*move 1|*
|choice|*|*move 2
|choice|move memento|move seismictoss
|
|move|p1a: Latios|Memento|p2a: Chansey
|-unboost|p2a: Chansey|atk|2
|-unboost|p2a: Chansey|spa|2
|faint|p1a: Latios
|
|win|RayParK_
</script>
</div>
<div class="battle-log battle-log-inline"><div class="inner"><div class="battle-options"></div><div class="inner"><div class=""><small>Format:</small> <br><strong>OU</strong></div><div class=""><small><em>Cláusula-Mod de Dormir:</em> solo puedes dormir a uno de tus oponentes a la vez.</small></div><div class=""><small><em>Cláusula de Especie:</em> Hasta un Pokémon de cada especie</small></div><div class=""><small><em>Cláusula de Golpe Fulminante:</em> los movimientos fulminantes (OHKO) estan prohibidos</small></div><div class=""><small><em>Cláusula de Veleta:</em> la habilidad Veleta está prohibida</small></div><div class=""><small><em>Cláusula de Movimientos Evasivos:</em> los movimientos de Evasión están prohibidos.</small></div><div class=""><small><em>Cláusula de Batallas Eternas:</em> forzar batallas eternas está prohibido</small></div><div class="chat battle-history"><strong>LoD Asuna's team:</strong> <em style="color:#445566;display:block;">Keldeo / Magearna / Latios / Landorus-Therian / Tapu Koko / Pinsir</em></div><div class="chat battle-history"><strong>RayParK_'s team:</strong> <em style="color:#445566;display:block;">Alakazam / Greninja / Landorus-Therian / Kartana / Chansey / Tapu Lele</em></div><div class="chat chatmessage-breloomaster"><strong style="color:hsl(115,67%,31%)"><small> </small><span class="username" data-name="breloomaster">breloomaster</span>:</strong> <em>Lod Asuna gana</em></div><div class="chat chatmessage-breloomaster"><strong style="color:hsl(115,67%,31%)"><small> </small><span class="username" data-name="breloomaster">breloomaster</span>:</strong> <em>Raypark es un judío</em></div><div class="chat chatmessage-lodasuna"><strong style="color:hsl(326,61%,49%)"><small>☆</small><span class="username" data-name="LoD Asuna">LoD Asuna</span>:</strong> <em>:'v</em></div><div class="spacer battle-history"><br></div><div class="battle-history">Battle started between LoD Asuna and RayParK_!<br></div><div class="spacer battle-history"><br></div><div class="battle-history">Go! Landorus (<strong>Landorus-Therian</strong>)!<br></div><div class="spacer battle-history"><br></div><div class="battle-history">RayParK_ sent out <strong>Greninja</strong>!<br></div><div class="battle-history"><small>[Landorus's Intimidate]</small><br></div><div class="battle-history"><small>The opposing Greninja's Attack fell!</small><br></div><div class="spacer battle-history"><br></div><h2 class="battle-history">Turn 1</h2><div class="spacer battle-history"><br></div><div class="battle-history">RayParK_ withdrew Greninja!<br></div><div class="battle-history">RayParK_ sent out Landorus (<strong>Landorus-Therian</strong>)!<br></div><div class="battle-history"><small>[The opposing Landorus's Intimidate]</small><br></div><div class="battle-history"><small>Landorus's Attack fell!</small><br></div><div class="spacer battle-history"><br></div><div class="battle-history">Landorus used <strong>Earthquake</strong>!<br></div><div class="battle-history"><small>It doesn't affect the opposing Landorus...</small><br></div><div class="spacer battle-history"><br></div><h2 class="battle-history">Turn 2</h2><div class="spacer battle-history"><br></div><div class="battle-history">Landorus used <strong>Stealth Rock</strong>!<br></div><div class="battle-history"><small>Pointed stones float in the air around the opposing team!</small><br></div><div class="spacer battle-history"><br></div><div class="battle-history">The opposing Landorus used <strong>Earthquake</strong>!<br></div><div class="battle-history"><small>It doesn't affect Landorus...</small><br></div><div class="spacer battle-history"><br></div><h2 class="battle-history">Turn 3</h2><div class="spacer battle-history"><br></div><div class="battle-history">Landorus used <strong>Swords Dance</strong>!<br></div><div class="battle-history"><small>Landorus's Attack rose sharply!</small><br></div><div class="spacer battle-history"><br></div><div class="battle-history">The opposing Landorus used <strong>Hidden Power</strong>!<br></div><div class="battle-history"><small>It's super effective!</small><br></div><div class="battle-history"><small>(Landorus lost <abbr title="−204/319">63.9%</abbr> of its health!)</small><br></div><div class="spacer battle-history"><br></div><h2 class="battle-history">Turn 4</h2><div class="spacer battle-history"><br></div><div class="battle-history">Landorus used <strong>Explosion</strong>!<br></div><div class="battle-history"><small>(The opposing Landorus lost <abbr title="−382/382">100%</abbr> of its health!)</small><br></div><div class="spacer battle-history"><br></div><div class="battle-history">Landorus fainted!<br></div><div class="battle-history">The opposing Landorus fainted!<br></div><div class="spacer battle-history"><br></div><div class="battle-history">Go! <strong>Pinsir</strong>!<br></div><div class="spacer battle-history"><br></div><div class="battle-history">RayParK_ sent out <strong>Alakazam</strong>!<br></div><div class="spacer battle-history"><br></div><h2 class="battle-history">Turn 5</h2><div class="spacer battle-history"><br></div><div class="battle-history"><small>The opposing Alakazam's Alakazite is reacting to the Key Stone!</small><br>The opposing Alakazam has Mega Evolved into Mega Alakazam!<br></div><div class="battle-history"><small>[The opposing Alakazam's Trace]</small><br><small>[The opposing Alakazam's Hyper Cutter]</small><br><small>The opposing Alakazam traced Pinsir's Hyper Cutter!</small><br></div><div class="spacer battle-history"><br></div><div class="battle-history"><small>Pinsir's Pinsirite is reacting to the Key Stone!</small><br>Pinsir has Mega Evolved into Mega Pinsir!<br></div><div class="spacer battle-history"><br></div><div class="battle-history">The opposing Alakazam used <strong>Psychic</strong>!<br></div><div class="battle-history"><small>(Pinsir lost <abbr title="−231/271">85.2%</abbr> of its health!)</small><br></div><div class="spacer battle-history"><br></div><div class="battle-history">Pinsir used <strong>Return</strong>!<br></div><div class="battle-history"><small>(The opposing Alakazam lost <abbr title="−251/251">100%</abbr> of its health!)</small><br></div><div class="spacer battle-history"><br></div><div class="battle-history">The opposing Alakazam fainted!<br></div><div class="spacer battle-history"><br></div><div class="battle-history">RayParK_ sent out <strong>Greninja</strong>!<br></div><div class="battle-history"><small>Pointed stones dug into the opposing Greninja!</small><br></div><div class="spacer battle-history"><br></div><h2 class="battle-history">Turn 6</h2><div class="spacer battle-history"><br></div><div class="battle-history">Pinsir used <strong>Feint</strong>!<br></div><div class="battle-history"><small>(The opposing Greninja lost <abbr title="−96/286">33.6%</abbr> of its health!)</small><br></div><div class="spacer battle-history"><br></div><div class="battle-history">The opposing Greninja used <strong>Hydro Pump</strong>!<br></div><div class="battle-history"><small>(Pinsir lost <abbr title="−40/271">14.8%</abbr> of its health!)</small><br></div><div class="battle-history"><small>The opposing Greninja lost some of its HP!</small><br></div><div class="spacer battle-history"><br></div><div class="battle-history">Pinsir fainted!<br></div><div class="battle-history"><small>[The opposing Greninja's Battle Bond]</small><br><small>The opposing Greninja became fully charged due to its bond with its Trainer!</small><br></div><div class="battle-history">The opposing Greninja became Ash-Greninja!<br></div><div class="spacer battle-history"><br></div><div class="battle-history">Go! <strong>Keldeo</strong>!<br></div><div class="spacer battle-history"><br></div><h2 class="battle-history">Turn 7</h2><div class="chat chatmessage-edwardellric"><strong style="color:hsl(55,45%,33%)"><small> </small><span class="username" data-name="EdwardEllric">EdwardEllric</span>:</strong> <em>Lod Asuna es perra</em></div><div class="chat chatmessage-lodasuna"><strong style="color:hsl(326,61%,49%)"><small>☆</small><span class="username" data-name="LoD Asuna">LoD Asuna</span>:</strong> <em>ke</em></div><div class="spacer battle-history"><br></div><div class="battle-history">The opposing Greninja used <strong>Hydro Pump</strong>!<br></div><div class="battle-history"><small>It's not very effective...</small><br></div><div class="battle-history"><small>(Keldeo lost <abbr title="−169/323">52.3%</abbr> of its health!)</small><br></div><div class="battle-history"><small>The opposing Greninja lost some of its HP!</small><br></div><div class="battle-history"><small>Keldeo surrounded itself with its Z-Power!</small><br></div><div class="spacer battle-history"><br></div><div class="battle-history">Keldeo used <strong>Hydro Vortex</strong>!<br></div><div class="battle-history"><small>It's not very effective...</small><br></div><div class="battle-history"><small>(The opposing Greninja lost <abbr title="−99/286">34.6%</abbr> of its health!)</small><br></div><div class="spacer battle-history"><br></div><div class="battle-history">The opposing Greninja fainted!<br></div><div class="chat chatmessage-lodasuna"><strong style="color:hsl(326,61%,49%)"><small>☆</small><span class="username" data-name="LoD Asuna">LoD Asuna</span>:</strong> <em>qe</em></div><div class="spacer battle-history"><br></div><div class="battle-history">RayParK_ sent out <strong>Tapu Lele</strong>!<br></div><div class="battle-history"><small>Pointed stones dug into the opposing Tapu Lele!</small><br></div><div class="battle-history"><small>[The opposing Tapu Lele's Psychic Surge]</small><br><small>The battlefield got weird!</small><br></div><div class="spacer battle-history"><br></div><h2 class="battle-history">Turn 8</h2><div class="chat chatmessage-lodasuna"><strong style="color:hsl(326,61%,49%)"><small>☆</small><span class="username" data-name="LoD Asuna">LoD Asuna</span>:</strong> <em>pero</em></div><div class="spacer battle-history"><br></div><div class="battle-history">Keldeo used <strong>Poison Jab</strong>!<br></div><div class="battle-history"><small>It's super effective!</small><br></div><div class="battle-history"><small>(The opposing Tapu Lele lost <abbr title="−174/282">61.7%</abbr> of its health!)</small><br></div><div class="battle-history"><small>The opposing Tapu Lele was poisoned!</small><br></div><div class="spacer battle-history"><br></div><div class="battle-history">The opposing Tapu Lele used <strong>Psyshock</strong>!<br></div><div class="battle-history"><small>It's super effective!</small><br></div><div class="battle-history"><small>(Keldeo lost <abbr title="−154/323">47.7%</abbr> of its health!)</small><br></div><div class="spacer battle-history"><br></div><div class="battle-history">Keldeo fainted!<br></div><div class="spacer battle-history"><br></div><div class="battle-history"><small>The opposing Tapu Lele was hurt by poison!</small><br></div><div class="chat chatmessage-lodasuna"><strong style="color:hsl(326,61%,49%)"><small>☆</small><span class="username" data-name="LoD Asuna">LoD Asuna</span>:</strong> <em>v:</em></div><div class="spacer battle-history"><br></div><div class="battle-history">Go! <strong>Tapu Koko</strong>!<br></div><div class="battle-history"><small>[Tapu Koko's Electric Surge]</small><br><small>An electric current runs across the battlefield!</small><br></div><div class="spacer battle-history"><br></div><h2 class="battle-history">Turn 9</h2><div class="spacer battle-history"><br></div><div class="battle-history">Tapu Koko used <strong>U-turn</strong>!<br></div><div class="battle-history"><small>(The opposing Tapu Lele lost <abbr title="−38/282">13.5%</abbr> of its health!)</small><br></div><div class="spacer battle-history"><br></div><div class="battle-history">The opposing Tapu Lele fainted!<br></div><div class="spacer battle-history"><br></div><div class="battle-history">Tapu Koko went back to LoD Asuna!<br></div><div class="battle-history">Go! <strong>Magearna</strong>!<br></div><div class="spacer battle-history"><br></div><div class="battle-history">RayParK_ sent out <strong>Chansey</strong>!<br></div><div class="battle-history"><small>Pointed stones dug into the opposing Chansey!</small><br></div><div class="spacer battle-history"><br></div><h2 class="battle-history">Turn 10</h2><div class="spacer battle-history"><br></div><div class="battle-history">Magearna used <strong>Calm Mind</strong>!<br></div><div class="battle-history"><small>Magearna's Special Attack rose!</small><br></div><div class="battle-history"><small>Magearna's Special Defense rose!</small><br></div><div class="spacer battle-history"><br></div><div class="battle-history">The opposing Chansey used <strong>Seismic Toss</strong>!<br></div><div class="battle-history"><small>(Magearna lost <abbr title="−100/301">33.2%</abbr> of its health!)</small><br></div><div class="spacer battle-history"><br></div><div class="battle-history"><small>Magearna restored a little HP using its Leftovers!</small><br></div><div class="spacer battle-history"><br></div><h2 class="battle-history">Turn 11</h2><div class="spacer battle-history"><br></div><div class="battle-history">Magearna used <strong>Calm Mind</strong>!<br></div><div class="battle-history"><small>Magearna's Special Attack rose!</small><br></div><div class="battle-history"><small>Magearna's Special Defense rose!</small><br></div><div class="spacer battle-history"><br></div><div class="battle-history">The opposing Chansey used <strong>Seismic Toss</strong>!<br></div><div class="battle-history"><small>(Magearna lost <abbr title="−100/301">33.2%</abbr> of its health!)</small><br></div><div class="spacer battle-history"><br></div><div class="battle-history"><small>Magearna restored a little HP using its Leftovers!</small><br></div><div class="spacer battle-history"><br></div><h2 class="battle-history">Turn 12</h2><div class="spacer battle-history"><br></div><div class="battle-history">Magearna used <strong>Thunderbolt</strong>!<br></div><div class="battle-history"><small>(The opposing Chansey lost <abbr title="−197/704">28.0%</abbr> of its health!)</small><br></div><div class="spacer battle-history"><br></div><div class="battle-history">The opposing Chansey used <strong>Soft-Boiled</strong>!<br></div><div class="battle-history"><small>The opposing Chansey restored its HP.</small><br></div><div class="spacer battle-history"><br></div><div class="battle-history"><small>Magearna restored a little HP using its Leftovers!</small><br></div><div class="spacer battle-history"><br></div><h2 class="battle-history">Turn 13</h2><div class="spacer battle-history"><br></div><div class="battle-history">Magearna used <strong>Calm Mind</strong>!<br></div><div class="battle-history"><small>Magearna's Special Attack rose!</small><br></div><div class="battle-history"><small>Magearna's Special Defense rose!</small><br></div><div class="spacer battle-history"><br></div><div class="battle-history">The opposing Chansey used <strong>Seismic Toss</strong>!<br></div><div class="battle-history"><small>(Magearna lost <abbr title="−100/301">33.2%</abbr> of its health!)</small><br></div><div class="spacer battle-history"><br></div><div class="battle-history"><small>Magearna restored a little HP using its Leftovers!</small><br></div><div class="battle-history"><small>The electricity disappeared from the battlefield.</small><br></div><div class="spacer battle-history"><br></div><h2 class="battle-history">Turn 14</h2><div class="spacer battle-history"><br></div><div class="battle-history">Magearna used <strong>Thunderbolt</strong>!<br></div><div class="battle-history"><small>(The opposing Chansey lost <abbr title="−160/704">22.7%</abbr> of its health!)</small><br></div><div class="spacer battle-history"><br></div><div class="battle-history">The opposing Chansey used <strong>Seismic Toss</strong>!<br></div><div class="battle-history"><small>(Magearna lost <abbr title="−73/301">24.3%</abbr> of its health!)</small><br></div><div class="spacer battle-history"><br></div><div class="battle-history">Magearna fainted!<br></div><div class="spacer battle-history"><br></div><div class="battle-history">Go! <strong>Tapu Koko</strong>!<br></div><div class="battle-history"><small>[Tapu Koko's Electric Surge]</small><br><small>An electric current runs across the battlefield!</small><br></div><div class="spacer battle-history"><br></div><h2 class="battle-history">Turn 15</h2><div class="spacer battle-history"><br></div><div class="battle-history">Tapu Koko used <strong>Thunderbolt</strong>!<br></div><div class="battle-history"><small>(The opposing Chansey lost <abbr title="−184/704">26.1%</abbr> of its health!)</small><br></div><div class="spacer battle-history"><br></div><div class="battle-history">The opposing Chansey used <strong>Soft-Boiled</strong>!<br></div><div class="battle-history"><small>The opposing Chansey restored its HP.</small><br></div><div class="spacer battle-history"><br></div><h2 class="battle-history">Turn 16</h2><div class="spacer battle-history"><br></div><div class="battle-history">Tapu Koko used <strong>Thunderbolt</strong>!<br></div><div class="battle-history"><small>(The opposing Chansey lost <abbr title="−186/704">26.4%</abbr> of its health!)</small><br></div><div class="spacer battle-history"><br></div><div class="battle-history">The opposing Chansey used <strong>Toxic</strong>!<br></div><div class="battle-history"><small>Tapu Koko was badly poisoned!</small><br></div><div class="spacer battle-history"><br></div><div class="battle-history"><small>Tapu Koko was hurt by poison!</small><br></div><div class="spacer battle-history"><br></div><h2 class="battle-history">Turn 17</h2><div class="spacer battle-history"><br></div><div class="battle-history">Tapu Koko, come back!<br></div><div class="battle-history">Go! <strong>Latios</strong>!<br></div><div class="spacer battle-history"><br></div><div class="battle-history">The opposing Chansey used <strong>Soft-Boiled</strong>!<br></div><div class="battle-history"><small>The opposing Chansey restored its HP.</small><br></div><div class="spacer battle-history"><br></div><h2 class="battle-history">Turn 18</h2><div class="spacer battle-history"><br></div><div class="battle-history">Latios used <strong>Psyshock</strong>!<br></div><div class="battle-history"><small>(The opposing Chansey lost <abbr title="−181/704">25.7%</abbr> of its health!)</small><br></div><div class="spacer battle-history"><br></div><div class="battle-history">The opposing Chansey used <strong>Toxic</strong>!<br></div><div class="battle-history"><small>Latios was badly poisoned!</small><br></div><div class="spacer battle-history"><br></div><div class="battle-history"><small>Latios was hurt by poison!</small><br></div><div class="spacer battle-history"><br></div><h2 class="battle-history">Turn 19</h2><div class="spacer battle-history"><br></div><div class="battle-history">Latios used <strong>Psyshock</strong>!<br></div><div class="battle-history"><small>(The opposing Chansey lost <abbr title="−174/704">24.7%</abbr> of its health!)</small><br></div><div class="spacer battle-history"><br></div><div class="battle-history">The opposing Chansey used <strong>Soft-Boiled</strong>!<br></div><div class="battle-history"><small>The opposing Chansey restored its HP.</small><br></div><div class="spacer battle-history"><br></div><div class="battle-history"><small>Latios was hurt by poison!</small><br></div><div class="battle-history"><small>The electricity disappeared from the battlefield.</small><br></div><div class="spacer battle-history"><br></div><h2 class="battle-history">Turn 20</h2><div class="spacer battle-history"><br></div><div class="battle-history">Latios used <strong>Psyshock</strong>!<br></div><div class="battle-history"><small>(The opposing Chansey lost <abbr title="−190/704">27.0%</abbr> of its health!)</small><br></div><div class="spacer battle-history"><br></div><div class="battle-history">The opposing Chansey used <strong>Seismic Toss</strong>!<br></div><div class="battle-history"><small>(Latios lost <abbr title="−100/301">33.2%</abbr> of its health!)</small><br></div><div class="spacer battle-history"><br></div><div class="battle-history"><small>Latios was hurt by poison!</small><br></div><div class="spacer battle-history"><br></div><h2 class="battle-history">Turn 21</h2><div class="spacer battle-history"><br></div><div class="battle-history">Latios, come back!<br></div><div class="battle-history">Go! <strong>Tapu Koko</strong>!<br></div><div class="battle-history"><small>[Tapu Koko's Electric Surge]</small><br><small>An electric current runs across the battlefield!</small><br></div><div class="spacer battle-history"><br></div><div class="battle-history">The opposing Chansey used <strong>Soft-Boiled</strong>!<br></div><div class="battle-history"><small>The opposing Chansey restored its HP.</small><br></div><div class="spacer battle-history"><br></div><div class="battle-history"><small>Tapu Koko was hurt by poison!</small><br></div><div class="spacer battle-history"><br></div><h2 class="battle-history">Turn 22</h2><div class="spacer battle-history"><br></div><div class="battle-history">Tapu Koko used <strong>Thunderbolt</strong>!<br></div><div class="battle-history"><small>(The opposing Chansey lost <abbr title="−184/704">26.1%</abbr> of its health!)</small><br></div><div class="spacer battle-history"><br></div><div class="battle-history">The opposing Chansey used <strong>Seismic Toss</strong>!<br></div><div class="battle-history"><small>(Tapu Koko lost <abbr title="−100/281">35.6%</abbr> of its health!)</small><br></div><div class="spacer battle-history"><br></div><div class="battle-history"><small>Tapu Koko was hurt by poison!</small><br></div><div class="spacer battle-history"><br></div><h2 class="battle-history">Turn 23</h2><div class="spacer battle-history"><br></div><div class="battle-history">Tapu Koko used <strong>Thunderbolt</strong>!<br></div><div class="battle-history"><small>(The opposing Chansey lost <abbr title="−169/704">24.0%</abbr> of its health!)</small><br></div><div class="spacer battle-history"><br></div><div class="battle-history">The opposing Chansey used <strong>Soft-Boiled</strong>!<br></div><div class="battle-history"><small>The opposing Chansey restored its HP.</small><br></div><div class="spacer battle-history"><br></div><div class="battle-history"><small>Tapu Koko was hurt by poison!</small><br></div><div class="spacer battle-history"><br></div><h2 class="battle-history">Turn 24</h2><div class="spacer battle-history"><br></div><div class="battle-history">Tapu Koko used <strong>Thunderbolt</strong>!<br></div><div class="battle-history"><small>(The opposing Chansey lost <abbr title="−174/704">24.7%</abbr> of its health!)</small><br></div><div class="spacer battle-history"><br></div><div class="battle-history">The opposing Chansey used <strong>Seismic Toss</strong>!<br></div><div class="battle-history"><small>(Tapu Koko lost <abbr title="−62/281">22.1%</abbr> of its health!)</small><br></div><div class="spacer battle-history"><br></div><div class="battle-history">Tapu Koko fainted!<br></div><div class="spacer battle-history"><br></div><div class="battle-history">Go! <strong>Latios</strong>!<br></div><div class="spacer battle-history"><br></div><h2 class="battle-history">Turn 25</h2><div class="spacer battle-history"><br></div><div class="battle-history">Latios used <strong>Memento</strong>!<br></div><div class="battle-history"><small>The opposing Chansey's Attack fell harshly!</small><br></div><div class="battle-history"><small>The opposing Chansey's Special Attack fell harshly!</small><br></div><div class="spacer battle-history"><br></div><div class="battle-history">Latios fainted!<br></div><div class="spacer battle-history"><br></div><div class="battle-history"><strong>RayParK_</strong> won the battle!<br></div></div><div class="inner-preempt"></div></div></div>
</div>
<script>
let daily = Math.floor(Date.now()/1000/60/60/24);document.write('<script src="https://play.pokemonshowdown.com/js/replay-embed.js?version'+daily+'"></'+'script>');
</script>
