<!DOCTYPE html>
<meta charset="utf-8" />
<!-- version 1 -->
<title>OU replay: jey2 vs. Driho</title>
<style>
html,body {font-family:Verdana, sans-serif;font-size:10pt;margin:0;padding:0;}body{padding:12px 0;} .battle-log {font-family:Verdana, sans-serif;font-size:10pt;} .battle-log-inline {border:1px solid #AAAAAA;background:#EEF2F5;color:black;max-width:640px;margin:0 auto 80px;padding-bottom:5px;} .battle-log .inner {padding:4px 8px 0px 8px;} .battle-log .inner-preempt {padding:0 8px 4px 8px;} .battle-log .inner-after {margin-top:0.5em;} .battle-log h2 {margin:0.5em -8px;padding:4px 8px;border:1px solid #AAAAAA;background:#E0E7EA;border-left:0;border-right:0;font-family:Verdana, sans-serif;font-size:13pt;} .battle-log .chat {vertical-align:middle;padding:3px 0 3px 0;font-size:8pt;} .battle-log .chat strong {color:#40576A;} .battle-log .chat em {padding:1px 4px 1px 3px;color:#000000;font-style:normal;} .chat.mine {background:rgba(0,0,0,0.05);margin-left:-8px;margin-right:-8px;padding-left:8px;padding-right:8px;} .spoiler {color:#BBBBBB;background:#BBBBBB;padding:0px 3px;} .spoiler:hover, .spoiler:active, .spoiler-shown {color:#000000;background:#E2E2E2;padding:0px 3px;} .spoiler a {color:#BBBBBB;} .spoiler:hover a, .spoiler:active a, .spoiler-shown a {color:#2288CC;} .chat code, .chat .spoiler:hover code, .chat .spoiler:active code, .chat .spoiler-shown code {border:1px solid #C0C0C0;background:#EEEEEE;color:black;padding:0 2px;} .chat .spoiler code {border:1px solid #CCCCCC;background:#CCCCCC;color:#CCCCCC;} .battle-log .rated {padding:3px 4px;} .battle-log .rated strong {color:white;background:#89A;padding:1px 4px;border-radius:4px;} .spacer {margin-top:0.5em;} .message-announce {background:#6688AA;color:white;padding:1px 4px 2px;} .message-announce a, .broadcast-green a, .broadcast-blue a, .broadcast-red a {color:#DDEEFF;} .broadcast-green {background-color:#559955;color:white;padding:2px 4px;} .broadcast-blue {background-color:#6688AA;color:white;padding:2px 4px;} .infobox {border:1px solid #6688AA;padding:2px 4px;} .infobox-limited {max-height:200px;overflow:auto;overflow-x:hidden;} .broadcast-red {background-color:#AA5544;color:white;padding:2px 4px;} .message-learn-canlearn {font-weight:bold;color:#228822;text-decoration:underline;} .message-learn-cannotlearn {font-weight:bold;color:#CC2222;text-decoration:underline;} .message-effect-weak {font-weight:bold;color:#CC2222;} .message-effect-resist {font-weight:bold;color:#6688AA;} .message-effect-immune {font-weight:bold;color:#666666;} .message-learn-list {margin-top:0;margin-bottom:0;} .message-throttle-notice, .message-error {color:#992222;} .message-overflow, .chat small.message-overflow {font-size:0pt;} .message-overflow::before {font-size:9pt;content:'...';} .subtle {color:#3A4A66;}
</style>
<div class="wrapper replay-wrapper" style="max-width:1180px;margin:0 auto">
<input type="hidden" name="replayid" value="destiny-ou-507937" />
<div class="battle"></div><div class="battle-log"></div><div class="replay-controls"></div><div class="replay-controls-2"></div>
<h1 style="font-weight:normal;text-align:center"><strong>OU</strong><br /><a href="http://pokemonshowdown.com/users/jey2" class="subtle" target="_blank">jey2</a> vs. <a href="http://pokemonshowdown.com/users/driho" class="subtle" target="_blank">Driho</a></h1>
<script type="text/plain" class="battle-log-data">|player|p1|jey2|jey2.gif?af938529
|teamsize|p1|6
|player|p2|Driho|driho-3.gif?a17b40e9
|teamsize|p2|6
|teamsize|p1|6
|teamsize|p2|6
|gametype|singles
|gen|7
|tier|OU
|seed|33113,9291,64274,19977
|rule|Cláusula-Mod de Dormir: solo puedes dormir a uno de tus oponentes a la vez.
|rule|Cláusula de Especie: Hasta un Pokémon de cada especie
|rule|Cláusula de Golpe Fulminante: los movimientos fulminantes (OHKO) estan prohibidos
|rule|Cláusula de Veleta: la habilidad Veleta está prohibida
|rule|Cláusula de Movimientos Evasivos: los movimientos de Evasión están prohibidos.
|rule|Cláusula de Batallas Eternas: forzar batallas eternas está prohibido
|clearpoke
|poke|p1|Greninja, M|item
|poke|p1|Heatran, M|item
|poke|p1|Zapdos|item
|poke|p1|Tapu Bulu|item
|poke|p1|Diggersby, M|item
|poke|p1|Clefable, M|item
|poke|p2|Victini|item
|poke|p2|Scizor, M|item
|poke|p2|Landorus-Therian, M|item
|poke|p2|Hoopa-Unbound|item
|poke|p2|Rotom-Wash|item
|poke|p2|Tapu Koko|item
|teampreview|undefined
|choice|*team 623451|*
|choice|*|*team 321456
|choice|team 6, 2, 3, 4, 5, 1|team 3, 2, 1, 4, 5, 6
|
|start
|switch|p1a: Clefable|Clefable, M|393\/393
|switch|p2a: Landorus|Landorus-Therian, M|319\/319
|-ability|p2a: Landorus|Intimidate|boost
|-unboost|p1a: Clefable|atk|1
|turn|1
|choice|*|*move 1
|choice|*move 2|*
|choice|move stealthrock|move stealthrock
|
|move|p2a: Landorus|Stealth Rock|p1a: Clefable
|-sidestart|p1: jey2|move: Stealth Rock
|move|p1a: Clefable|Stealth Rock|p2a: Landorus
|-sidestart|p2: Driho|move: Stealth Rock
|
|upkeep
|turn|2
|choice|*|*switch 5
|choice|*move 1|*
|choice|move moonblast|switch 5
|
|switch|p2a: Rotom|Rotom-Wash|303\/303
|-damage|p2a: Rotom|266\/303|[from] Stealth Rock
|move|p1a: Clefable|Moonblast|p2a: Rotom
|-damage|p2a: Rotom|172\/303
|-unboost|p2a: Rotom|spa|1
|
|upkeep
|turn|3
|choice|*|*move 2
|choice|*|*move 2
|choice|*switch 4|*
|choice|switch 4|move voltswitch
|
|switch|p1a: Tapu Bulu|Tapu Bulu|343\/343
|-damage|p1a: Tapu Bulu|301\/343|[from] Stealth Rock
|-fieldstart|move: Grassy Terrain|[from] ability: Grassy Surge|[of] p1a: Tapu Bulu
|move|p2a: Rotom|Volt Switch|p1a: Tapu Bulu
|-resisted|p1a: Tapu Bulu
|-damage|p1a: Tapu Bulu|280\/343
|choice|*|*switch 3
|choice||switch 3
|
|switch|p2a: Victini|Victini|341\/341|[from]move: Volt Switch
|-damage|p2a: Victini|256\/341|[from] Stealth Rock
|
|-heal|p2a: Victini|277\/341|[from] Grassy Terrain
|-heal|p1a: Tapu Bulu|301\/343|[from] Grassy Terrain
|upkeep
|turn|4
|choice|*|*move 4
|choice|*switch 4|*
|choice|switch 4|move uturn
|
|switch|p1a: Clefable|Clefable, M|393\/393
|move|p2a: Victini|U-turn|p1a: Clefable
|-resisted|p1a: Clefable
|-damage|p1a: Clefable|348\/393
|choice|*|*switch 6
|choice||switch 6
|
|switch|p2a: Tapu Koko|Tapu Koko|281\/281|[from]move: U-turn
|-damage|p2a: Tapu Koko|246\/281|[from] Stealth Rock
|-fieldstart|move: Electric Terrain|[from] ability: Electric Surge|[of] p2a: Tapu Koko
|
|-heal|p1a: Clefable|372\/393|[from] item: Leftovers
|upkeep
|turn|5
|choice|*|*move 4
|choice|*switch 4|*
|choice|switch 4|move hiddenpower
|
|switch|p1a: Tapu Bulu|Tapu Bulu|301\/343
|-damage|p1a: Tapu Bulu|259\/343|[from] Stealth Rock
|-fieldstart|move: Grassy Terrain|[from] ability: Grassy Surge|[of] p1a: Tapu Bulu
|move|p2a: Tapu Koko|Hidden Power|p1a: Tapu Bulu
|-supereffective|p1a: Tapu Bulu
|-damage|p1a: Tapu Bulu|167\/343
|
|-heal|p2a: Tapu Koko|263\/281|[from] Grassy Terrain
|-heal|p1a: Tapu Bulu|188\/343|[from] Grassy Terrain
|upkeep
|turn|6
|choice|*|*move 3
|choice|*move 4|*
|choice|move synthesis|move uturn
|
|move|p2a: Tapu Koko|U-turn|p1a: Tapu Bulu
|-damage|p1a: Tapu Bulu|143\/343
|choice|*|*switch 2
|choice||switch 2
|
|switch|p2a: Scizor|Scizor, M|343\/343|[from]move: U-turn
|-damage|p2a: Scizor|301\/343|[from] Stealth Rock
|move|p1a: Tapu Bulu|Synthesis|p1a: Tapu Bulu
|-heal|p1a: Tapu Bulu|314\/343
|
|-heal|p1a: Tapu Bulu|335\/343|[from] Grassy Terrain
|-heal|p2a: Scizor|322\/343|[from] Grassy Terrain
|upkeep
|turn|7
|choice|*|*move 4 mega
|choice|*move 2|*
|choice|move swordsdance|move uturn mega
|
|-mega|p2a: Scizor|Scizor|Scizorite
|detailschange|p2a: Scizor|Scizor-Mega, M
|move|p1a: Tapu Bulu|Swords Dance|p1a: Tapu Bulu
|-boost|p1a: Tapu Bulu|atk|2
|move|p2a: Scizor|U-turn|p1a: Tapu Bulu
|-damage|p1a: Tapu Bulu|220\/343
|c|☆Driho|ese bulu es de vanitas
|choice|*|*switch 6
|choice||switch 6
|
|switch|p2a: Victini|Victini|277\/341|[from]move: U-turn
|-damage|p2a: Victini|192\/341|[from] Stealth Rock
|
|-heal|p2a: Victini|213\/341|[from] Grassy Terrain
|-heal|p1a: Tapu Bulu|241\/343|[from] Grassy Terrain
|upkeep
|turn|8
|choice|*|*move 3
|choice|*switch 2|*
|choice|switch 2|move vcreate
|
|switch|p1a: Heatran|Heatran, M|386\/386
|-damage|p1a: Heatran|338\/386|[from] Stealth Rock
|move|p2a: Victini|V-create|p1a: Heatran
|-start|p1a: Heatran|ability: Flash Fire
|
|-heal|p2a: Victini|234\/341|[from] Grassy Terrain
|-heal|p1a: Heatran|362\/386|[from] item: Leftovers
|-heal|p1a: Heatran|386\/386|[from] Grassy Terrain
|upkeep
|turn|9
|c|☆Driho|ese bulu es amor
|choice|*|*switch 3
|choice|*move 1|*
|choice|move magmastorm|switch 3
|
|switch|p2a: Rotom|Rotom-Wash|172\/303
|-damage|p2a: Rotom|135\/303|[from] Stealth Rock
|move|p1a: Heatran|Magma Storm|p2a: Rotom|[miss]
|-miss|p1a: Heatran|p2a: Rotom
|
|-fieldend|move: Grassy Terrain
|upkeep
|turn|10
|choice|*|*move 1
|choice|*|*move 1
|choice|*move 1|*
|choice|move magmastorm|move hydropump
|
|move|p1a: Heatran|Magma Storm|p2a: Rotom
|-resisted|p2a: Rotom
|-damage|p2a: Rotom|37\/303
|-activate|p2a: Rotom|move: Magma Storm|[of] p1a: Heatran
|-enditem|p2a: Rotom|Iapapa Berry|[eat]
|-heal|p2a: Rotom|188\/303|[from] item: Iapapa Berry
|move|p2a: Rotom|Hydro Pump|p1a: Heatran
|-supereffective|p1a: Heatran
|-damage|p1a: Heatran|134\/386
|
|-heal|p1a: Heatran|158\/386|[from] item: Leftovers
|-damage|p2a: Rotom|151\/303|[from] move: Magma Storm|[partiallytrapped]
|upkeep
|turn|11
|choice|*|*move 3
|choice|*move 3|*
|choice|move protect|move willowisp
|
|move|p1a: Heatran|Protect|p1a: Heatran
|-singleturn|p1a: Heatran|Protect
|move|p2a: Rotom|Will-O-Wisp|p1a: Heatran
|-activate|p1a: Heatran|move: Protect
|
|-heal|p1a: Heatran|182\/386|[from] item: Leftovers
|-damage|p2a: Rotom|114\/303|[from] move: Magma Storm|[partiallytrapped]
|upkeep
|turn|12
|choice|*|*move 1
|choice|*|*move 2
|choice|*switch 2|*
|choice|switch 2|move voltswitch
|
|-end|p1a: Heatran|ability: Flash Fire|[silent]
|switch|p1a: Tapu Bulu|Tapu Bulu|241\/343
|-damage|p1a: Tapu Bulu|199\/343|[from] Stealth Rock
|-fieldstart|move: Grassy Terrain|[from] ability: Grassy Surge|[of] p1a: Tapu Bulu
|move|p2a: Rotom|Volt Switch|p1a: Tapu Bulu
|-resisted|p1a: Tapu Bulu
|-damage|p1a: Tapu Bulu|166\/343
|choice|*|*switch 4
|choice||switch 4
|
|switch|p2a: Hoopa|Hoopa-Unbound|301\/301|[from]move: Volt Switch
|-damage|p2a: Hoopa|264\/301|[from] Stealth Rock
|
|-heal|p2a: Hoopa|282\/301|[from] Grassy Terrain
|-heal|p1a: Tapu Bulu|187\/343|[from] Grassy Terrain
|upkeep
|turn|13
|choice|*|*move 3
|choice|*switch 6|*
|choice|switch 6|move psyshock
|
|switch|p1a: Greninja|Greninja, M|285\/285
|-damage|p1a: Greninja|250\/285|[from] Stealth Rock
|move|p2a: Hoopa|Psyshock|p1a: Greninja
|-immune|p1a: Greninja|[msg]
|
|-heal|p1a: Greninja|267\/285|[from] Grassy Terrain
|-heal|p2a: Hoopa|300\/301|[from] Grassy Terrain
|upkeep
|turn|14
|choice|*|*switch 6
|choice|*move 4|*
|choice|move uturn|switch 6
|
|switch|p2a: Scizor|Scizor-Mega, M|322\/343
|-damage|p2a: Scizor|280\/343|[from] Stealth Rock
|move|p1a: Greninja|U-turn|p2a: Scizor
|-resisted|p2a: Scizor
|-damage|p2a: Scizor|263\/343
|choice|*switch 2|*
|choice|switch 2|
|
|switch|p1a: Heatran|Heatran, M|182\/386|[from]move: U-turn
|-damage|p1a: Heatran|134\/386|[from] Stealth Rock
|
|-heal|p1a: Heatran|158\/386|[from] item: Leftovers
|-heal|p1a: Heatran|182\/386|[from] Grassy Terrain
|-heal|p2a: Scizor|284\/343|[from] Grassy Terrain
|upkeep
|turn|15
|choice|*move 1|*
|choice|*|*switch 5
|choice|move magmastorm|switch 5
|
|switch|p2a: Landorus|Landorus-Therian, M|319\/319
|-damage|p2a: Landorus|280\/319|[from] Stealth Rock
|-ability|p2a: Landorus|Intimidate|boost
|-unboost|p1a: Heatran|atk|1
|move|p1a: Heatran|Magma Storm|p2a: Landorus
|-damage|p2a: Landorus|85\/319
|-activate|p2a: Landorus|move: Magma Storm|[of] p1a: Heatran
|
|-heal|p1a: Heatran|206\/386|[from] item: Leftovers
|-heal|p1a: Heatran|230\/386|[from] Grassy Terrain
|-damage|p2a: Landorus|46\/319|[from] move: Magma Storm|[partiallytrapped]
|upkeep
|turn|16
|choice|*|*move 3
|choice|*|*move 2
|choice|*move 3|*
|choice|move protect|move uturn
|
|move|p1a: Heatran|Protect|p1a: Heatran
|-singleturn|p1a: Heatran|Protect
|move|p2a: Landorus|U-turn|p1a: Heatran
|-activate|p1a: Heatran|move: Protect
|
|-heal|p1a: Heatran|254\/386|[from] item: Leftovers
|-heal|p1a: Heatran|278\/386|[from] Grassy Terrain
|-fieldend|move: Grassy Terrain
|-damage|p2a: Landorus|7\/319|[from] move: Magma Storm|[partiallytrapped]
|upkeep
|turn|17
|choice|*|*move 2
|choice|*switch 4|*
|choice|switch 4|move uturn
|
|switch|p1a: Clefable|Clefable, M|372\/393
|move|p2a: Landorus|U-turn|p1a: Clefable
|-resisted|p1a: Clefable
|-damage|p1a: Clefable|330\/393
|choice|*|*switch 2
|choice||switch 2
|
|switch|p2a: Tapu Koko|Tapu Koko|263\/281|[from]move: U-turn
|-damage|p2a: Tapu Koko|228\/281|[from] Stealth Rock
|-fieldstart|move: Electric Terrain|[from] ability: Electric Surge|[of] p2a: Tapu Koko
|
|-heal|p1a: Clefable|354\/393|[from] item: Leftovers
|upkeep
|turn|18
|choice|*|*move 3
|choice|*|*move 1 zmove
|choice|*|*move 3
|choice|*|*move 1 zmove
|choice|*move 3|*
|choice|move softboiled|move thunderbolt zmove
|
|-zpower|p2a: Tapu Koko
|move|p2a: Tapu Koko|Gigavolt Havoc|p1a: Clefable|[zeffect]
|-damage|p1a: Clefable|0 fnt
|faint|p1a: Clefable
|
|upkeep
|c|☆Driho|buena confianza
|choice|*switch 5|*
|choice|switch 5|
|
|switch|p1a: Diggersby|Diggersby, M|311\/311
|-damage|p1a: Diggersby|292\/311|[from] Stealth Rock
|turn|19
|c|☆Driho|sabia que lo dejabas
|choice|*move 1|*
|choice|*|*move 3
|choice|move frustration|move uturn
|
|move|p2a: Tapu Koko|U-turn|p1a: Diggersby
|-damage|p1a: Diggersby|222\/311
|choice|*|*switch 5
|choice||switch 5
|
|switch|p2a: Scizor|Scizor-Mega, M|284\/343|[from]move: U-turn
|-damage|p2a: Scizor|242\/343|[from] Stealth Rock
|move|p1a: Diggersby|Frustration|p2a: Scizor
|-resisted|p2a: Scizor
|-damage|p2a: Scizor|139\/343
|
|upkeep
|turn|20
|choice|*|*move 2
|choice|*move 1|*
|choice|move frustration|move roost
|
|move|p1a: Diggersby|Frustration|p2a: Scizor
|-resisted|p2a: Scizor
|-damage|p2a: Scizor|34\/343
|move|p2a: Scizor|Roost|p2a: Scizor
|-heal|p2a: Scizor|206\/343
|
|upkeep
|turn|21
|choice|*|*move 4
|choice|*switch 3|*
|choice|switch 3|move uturn
|
|switch|p1a: Zapdos|Zapdos|383\/383
|-damage|p1a: Zapdos|288\/383|[from] Stealth Rock
|move|p2a: Scizor|U-turn|p1a: Zapdos
|-resisted|p1a: Zapdos
|-damage|p1a: Zapdos|232\/383
|choice|*|*switch 6
|choice||switch 6
|
|switch|p2a: Hoopa|Hoopa-Unbound|300\/301|[from]move: U-turn
|-damage|p2a: Hoopa|263\/301|[from] Stealth Rock
|
|-heal|p1a: Zapdos|255\/383|[from] item: Leftovers
|-fieldend|move: Electric Terrain
|upkeep
|turn|22
|choice|*|*move 1
|choice|*move 3|*
|choice|move roost|move darkpulse
|
|move|p2a: Hoopa|Dark Pulse|p1a: Zapdos
|-damage|p1a: Zapdos|0 fnt
|faint|p1a: Zapdos
|
|upkeep
|choice|*switch 2|*
|choice|switch 2|
|
|switch|p1a: Greninja|Greninja, M|267\/285
|-damage|p1a: Greninja|232\/285|[from] Stealth Rock
|turn|23
|choice|*|*switch 2
|choice|*switch 6|*
|choice|switch 6|switch 2
|
|switch|p1a: Tapu Bulu|Tapu Bulu|187\/343
|-damage|p1a: Tapu Bulu|145\/343|[from] Stealth Rock
|-fieldstart|move: Grassy Terrain|[from] ability: Grassy Surge|[of] p1a: Tapu Bulu
|switch|p2a: Landorus|Landorus-Therian, M|7\/319
|-damage|p2a: Landorus|0 fnt|[from] Stealth Rock
|faint|p2a: Landorus
|
|-heal|p1a: Tapu Bulu|166\/343|[from] Grassy Terrain
|upkeep
|choice|*|*switch 3
|choice||switch 3
|
|switch|p2a: Victini|Victini|234\/341
|-damage|p2a: Victini|149\/341|[from] Stealth Rock
|turn|24
|choice|*move 4|*
|choice|*|*move 4
|choice|move synthesis|move uturn
|
|move|p2a: Victini|U-turn|p1a: Tapu Bulu
|-damage|p1a: Tapu Bulu|70\/343
|choice|*|*switch 6
|choice||switch 6
|
|switch|p2a: Scizor|Scizor-Mega, M|206\/343|[from]move: U-turn
|-damage|p2a: Scizor|164\/343|[from] Stealth Rock
|move|p1a: Tapu Bulu|Synthesis|p1a: Tapu Bulu
|-heal|p1a: Tapu Bulu|241\/343
|
|-heal|p1a: Tapu Bulu|262\/343|[from] Grassy Terrain
|-heal|p2a: Scizor|185\/343|[from] Grassy Terrain
|upkeep
|turn|25
|choice|*|*move 4
|choice|*|*move 1
|choice|*switch 4|*
|choice|switch 4|move swordsdance
|
|switch|p1a: Heatran|Heatran, M|278\/386
|-damage|p1a: Heatran|230\/386|[from] Stealth Rock
|move|p2a: Scizor|Swords Dance|p2a: Scizor
|-boost|p2a: Scizor|atk|2
|
|-heal|p1a: Heatran|254\/386|[from] item: Leftovers
|-heal|p1a: Heatran|278\/386|[from] Grassy Terrain
|-heal|p2a: Scizor|206\/343|[from] Grassy Terrain
|upkeep
|turn|26
|choice|*|*switch 4
|choice|*|*switch 4
|choice|*move 1|*
|choice|move magmastorm|switch 4
|
|switch|p2a: Rotom|Rotom-Wash|114\/303
|-damage|p2a: Rotom|77\/303|[from] Stealth Rock
|move|p1a: Heatran|Magma Storm|p2a: Rotom|[miss]
|-miss|p1a: Heatran|p2a: Rotom
|
|-heal|p1a: Heatran|302\/386|[from] item: Leftovers
|-heal|p1a: Heatran|326\/386|[from] Grassy Terrain
|upkeep
|turn|27
|choice|*|*move 4
|choice|*switch 4|*
|choice|switch 4|move defog
|
|switch|p1a: Tapu Bulu|Tapu Bulu|262\/343
|-damage|p1a: Tapu Bulu|220\/343|[from] Stealth Rock
|move|p2a: Rotom|Defog|p1a: Tapu Bulu
|-unboost|p1a: Tapu Bulu|evasion|1
|-sideend|p1: jey2|Stealth Rock|[from] move: Defog|[of] p1a: Tapu Bulu
|-sideend|p2: Driho|Stealth Rock|[from] move: Defog|[of] p2a: Rotom
|
|-heal|p1a: Tapu Bulu|241\/343|[from] Grassy Terrain
|-fieldend|move: Grassy Terrain
|upkeep
|turn|28
|choice|*|*move 3
|choice|*switch 4|*
|choice|*|*move 2
|choice|switch 4|move voltswitch
|
|switch|p1a: Heatran|Heatran, M|326\/386
|move|p2a: Rotom|Volt Switch|p1a: Heatran
|-damage|p1a: Heatran|250\/386
|choice|*|*switch 2
|choice||switch 2
|
|switch|p2a: Hoopa|Hoopa-Unbound|263\/301|[from]move: Volt Switch
|
|-heal|p1a: Heatran|274\/386|[from] item: Leftovers
|upkeep
|turn|29
|choice|*|*move 1
|choice|*switch 4|*
|choice|switch 4|move darkpulse
|
|switch|p1a: Tapu Bulu|Tapu Bulu|241\/343
|-fieldstart|move: Grassy Terrain|[from] ability: Grassy Surge|[of] p1a: Tapu Bulu
|move|p2a: Hoopa|Dark Pulse|p1a: Tapu Bulu
|-resisted|p1a: Tapu Bulu
|-crit|p1a: Tapu Bulu
|-damage|p1a: Tapu Bulu|88\/343
|
|-heal|p2a: Hoopa|281\/301|[from] Grassy Terrain
|-heal|p1a: Tapu Bulu|109\/343|[from] Grassy Terrain
|upkeep
|turn|30
|choice|*|*switch 4
|choice|*move 4|*
|choice|move synthesis|switch 4
|
|switch|p2a: Scizor|Scizor-Mega, M|206\/343
|move|p1a: Tapu Bulu|Synthesis|p1a: Tapu Bulu
|-heal|p1a: Tapu Bulu|280\/343
|
|-heal|p1a: Tapu Bulu|301\/343|[from] Grassy Terrain
|-heal|p2a: Scizor|227\/343|[from] Grassy Terrain
|upkeep
|turn|31
|choice|*|*move 4
|choice|*|*move 3
|choice|*|*move 3
|choice|*|*move 4
|choice|*switch 4|*
|choice|switch 4|move uturn
|
|switch|p1a: Heatran|Heatran, M|274\/386
|move|p2a: Scizor|U-turn|p1a: Heatran
|-resisted|p1a: Heatran
|-damage|p1a: Heatran|245\/386
|choice|*|*switch 2
|choice||switch 2
|
|switch|p2a: Rotom|Rotom-Wash|77\/303|[from]move: U-turn
|
|-heal|p1a: Heatran|269\/386|[from] item: Leftovers
|-heal|p1a: Heatran|293\/386|[from] Grassy Terrain
|upkeep
|turn|32
|choice|*|*move 1
|choice|*move 3|*
|choice|*move 1|*
|choice|*|*move 1
|choice|move magmastorm|move hydropump
|
|move|p1a: Heatran|Magma Storm|p2a: Rotom
|-resisted|p2a: Rotom
|-damage|p2a: Rotom|8\/303
|-activate|p2a: Rotom|move: Magma Storm|[of] p1a: Heatran
|move|p2a: Rotom|Hydro Pump|p1a: Heatran
|-supereffective|p1a: Heatran
|-damage|p1a: Heatran|33\/386
|
|-heal|p1a: Heatran|57\/386|[from] item: Leftovers
|-heal|p1a: Heatran|81\/386|[from] Grassy Terrain
|-damage|p2a: Rotom|0 fnt|[from] move: Magma Storm|[partiallytrapped]
|upkeep
|faint|p2a: Rotom
|choice|*|*switch 5
|choice||switch 5
|
|switch|p2a: Tapu Koko|Tapu Koko|228\/281
|-fieldstart|move: Electric Terrain|[from] ability: Electric Surge|[of] p2a: Tapu Koko
|turn|33
|choice|*|*move 2
|choice|*move 3|*
|choice|*|*move 2
|choice|move protect|move voltswitch
|
|move|p1a: Heatran|Protect|p1a: Heatran
|-singleturn|p1a: Heatran|Protect
|move|p2a: Tapu Koko|Volt Switch|p1a: Heatran
|-activate|p1a: Heatran|move: Protect
|
|-heal|p1a: Heatran|105\/386|[from] item: Leftovers
|upkeep
|turn|34
|choice|*|*move 3
|choice|*|*move 2
|choice|*switch 4|*
|choice|*|*move 2
|choice|switch 4|move voltswitch
|
|switch|p1a: Tapu Bulu|Tapu Bulu|301\/343
|-fieldstart|move: Grassy Terrain|[from] ability: Grassy Surge|[of] p1a: Tapu Bulu
|move|p2a: Tapu Koko|Volt Switch|p1a: Tapu Bulu
|-resisted|p1a: Tapu Bulu
|-damage|p1a: Tapu Bulu|265\/343
|choice|*|*switch 6
|choice||switch 6
|
|switch|p2a: Victini|Victini|149\/341|[from]move: Volt Switch
|
|-heal|p2a: Victini|170\/341|[from] Grassy Terrain
|-heal|p1a: Tapu Bulu|286\/343|[from] Grassy Terrain
|upkeep
|turn|35
|choice|*|*move 2
|choice|*switch 3|*
|choice|switch 3|move zenheadbutt
|
|switch|p1a: Diggersby|Diggersby, M|222\/311
|move|p2a: Victini|Zen Headbutt|p1a: Diggersby
|-damage|p1a: Diggersby|14\/311
|
|-heal|p2a: Victini|191\/341|[from] Grassy Terrain
|-heal|p1a: Diggersby|33\/311|[from] Grassy Terrain
|upkeep
|turn|36
|choice|*|*switch 2
|choice|*move 2|*
|choice|move earthquake|switch 2
|
|switch|p2a: Scizor|Scizor-Mega, M|227\/343
|move|p1a: Diggersby|Earthquake|p2a: Scizor
|-damage|p2a: Scizor|122\/343
|
|-heal|p1a: Diggersby|52\/311|[from] Grassy Terrain
|-heal|p2a: Scizor|143\/343|[from] Grassy Terrain
|upkeep
|turn|37
|choice|*|*move 4
|choice|*switch 4|*
|choice|switch 4|move uturn
|
|switch|p1a: Heatran|Heatran, M|105\/386
|move|p2a: Scizor|U-turn|p1a: Heatran
|-resisted|p1a: Heatran
|-damage|p1a: Heatran|73\/386
|choice|*|*switch 4
|choice||switch 4
|
|switch|p2a: Hoopa|Hoopa-Unbound|281\/301|[from]move: U-turn
|
|-heal|p2a: Hoopa|299\/301|[from] Grassy Terrain
|-heal|p1a: Heatran|97\/386|[from] item: Leftovers
|-heal|p1a: Heatran|121\/386|[from] Grassy Terrain
|upkeep
|turn|38
|choice|*move 3|*
|choice|*|*move 1
|choice|move protect|move darkpulse
|
|move|p1a: Heatran|Protect|p1a: Heatran
|-singleturn|p1a: Heatran|Protect
|move|p2a: Hoopa|Dark Pulse|p1a: Heatran
|-activate|p1a: Heatran|move: Protect
|
|-heal|p2a: Hoopa|301\/301|[from] Grassy Terrain
|-heal|p1a: Heatran|145\/386|[from] item: Leftovers
|-heal|p1a: Heatran|169\/386|[from] Grassy Terrain
|-fieldend|move: Grassy Terrain
|upkeep
|turn|39
|choice|*|*move 1
|choice|*|*move 1
|choice|*|*move 1
|choice|*switch 6|*
|choice|switch 6|move darkpulse
|
|switch|p1a: Greninja|Greninja, M|232\/285
|move|p2a: Hoopa|Dark Pulse|p1a: Greninja
|-resisted|p1a: Greninja
|-damage|p1a: Greninja|59\/285
|
|upkeep
|turn|40
|choice|*move 4|*
|choice|*|*switch 6
|choice|move uturn|switch 6
|
|switch|p2a: Tapu Koko|Tapu Koko|228\/281
|-fieldstart|move: Electric Terrain|[from] ability: Electric Surge|[of] p2a: Tapu Koko
|move|p1a: Greninja|U-turn|p2a: Tapu Koko
|-resisted|p2a: Tapu Koko
|-damage|p2a: Tapu Koko|202\/281
|choice|*switch 3|*
|choice|switch 3|
|
|switch|p1a: Tapu Bulu|Tapu Bulu|286\/343|[from]move: U-turn
|-fieldstart|move: Grassy Terrain|[from] ability: Grassy Surge|[of] p1a: Tapu Bulu
|
|-heal|p2a: Tapu Koko|219\/281|[from] Grassy Terrain
|-heal|p1a: Tapu Bulu|307\/343|[from] Grassy Terrain
|upkeep
|turn|41
|choice|*|*move 3
|choice|*switch 6|*
|choice|switch 6|move uturn
|
|switch|p1a: Heatran|Heatran, M|169\/386
|move|p2a: Tapu Koko|U-turn|p1a: Heatran
|-resisted|p1a: Heatran
|-damage|p1a: Heatran|155\/386
|choice|*|*switch 6
|choice||switch 6
|
|switch|p2a: Hoopa|Hoopa-Unbound|301\/301|[from]move: U-turn
|
|-heal|p1a: Heatran|179\/386|[from] item: Leftovers
|-heal|p1a: Heatran|203\/386|[from] Grassy Terrain
|upkeep
|turn|42
|choice|*|*move 1
|choice|*move 3|*
|choice|move protect|move darkpulse
|
|move|p1a: Heatran|Protect|p1a: Heatran
|-singleturn|p1a: Heatran|Protect
|move|p2a: Hoopa|Dark Pulse|p1a: Heatran
|-activate|p1a: Heatran|move: Protect
|
|-heal|p1a: Heatran|227\/386|[from] item: Leftovers
|-heal|p1a: Heatran|251\/386|[from] Grassy Terrain
|upkeep
|turn|43
|choice|*|*move 1
|choice|*switch 6|*
|choice|switch 6|move darkpulse
|
|switch|p1a: Tapu Bulu|Tapu Bulu|307\/343
|move|p2a: Hoopa|Dark Pulse|p1a: Tapu Bulu
|-resisted|p1a: Tapu Bulu
|-damage|p1a: Tapu Bulu|211\/343
|
|-heal|p1a: Tapu Bulu|232\/343|[from] Grassy Terrain
|upkeep
|turn|44
|choice|*|*switch 4
|choice|*move 1|*
|choice|*|*switch 4
|choice|move hornleech|switch 4
|
|switch|p2a: Scizor|Scizor-Mega, M|143\/343
|move|p1a: Tapu Bulu|Horn Leech|p2a: Scizor
|-resisted|p2a: Scizor
|-damage|p2a: Scizor|113\/343
|-heal|p1a: Tapu Bulu|247\/343|[from] drain|[of] p2a: Scizor
|
|-heal|p1a: Tapu Bulu|268\/343|[from] Grassy Terrain
|-heal|p2a: Scizor|134\/343|[from] Grassy Terrain
|-fieldend|move: Grassy Terrain
|upkeep
|turn|45
|choice|*|*move 4
|choice|*|*move 2
|choice|*switch 6|*
|choice|*|*move 2
|choice|switch 6|move roost
|
|switch|p1a: Heatran|Heatran, M|251\/386
|move|p2a: Scizor|Roost|p2a: Scizor
|-heal|p2a: Scizor|306\/343
|
|-heal|p1a: Heatran|275\/386|[from] item: Leftovers
|upkeep
|turn|46
|choice|*|*switch 2
|choice|*move 1|*
|choice|move magmastorm|switch 2
|
|switch|p2a: Victini|Victini|191\/341
|move|p1a: Heatran|Magma Storm|p2a: Victini
|-resisted|p2a: Victini
|-damage|p2a: Victini|120\/341
|-activate|p2a: Victini|move: Magma Storm|[of] p1a: Heatran
|
|-heal|p1a: Heatran|299\/386|[from] item: Leftovers
|-damage|p2a: Victini|78\/341|[from] move: Magma Storm|[partiallytrapped]
|upkeep
|turn|47
|choice|*|*move 1
|choice|*move 3|*
|choice|move protect|move boltstrike
|
|move|p1a: Heatran|Protect|p1a: Heatran
|-singleturn|p1a: Heatran|Protect
|move|p2a: Victini|Bolt Strike|p1a: Heatran
|-activate|p1a: Heatran|move: Protect
|
|-heal|p1a: Heatran|323\/386|[from] item: Leftovers
|-damage|p2a: Victini|36\/341|[from] move: Magma Storm|[partiallytrapped]
|upkeep
|turn|48
|choice|*|*move 1
|choice|*switch 4|*
|choice|switch 4|move boltstrike
|
|switch|p1a: Diggersby|Diggersby, M|52\/311
|move|p2a: Victini|Bolt Strike|p1a: Diggersby
|-immune|p1a: Diggersby|[msg]
|
|upkeep
|turn|49
|choice|*|*switch 2
|choice|*move 2|*
|choice|move earthquake|switch 2
|
|switch|p2a: Scizor|Scizor-Mega, M|306\/343
|move|p1a: Diggersby|Earthquake|p2a: Scizor
|-damage|p2a: Scizor|84\/343
|
|upkeep
|turn|50
|choice|*|*move 4
|choice|*|*move 3
|choice|*switch 4|*
|choice|switch 4|move bulletpunch
|
|switch|p1a: Heatran|Heatran, M|323\/386
|move|p2a: Scizor|Bullet Punch|p1a: Heatran
|-resisted|p1a: Heatran
|-damage|p1a: Heatran|298\/386
|
|-heal|p1a: Heatran|322\/386|[from] item: Leftovers
|upkeep
|turn|51
|choice|*move 2|*
|choice|*|*move 4
|choice|move earthpower|move uturn
|
|move|p1a: Heatran|Earth Power|p2a: Scizor
|-damage|p2a: Scizor|0 fnt
|faint|p2a: Scizor
|
|-heal|p1a: Heatran|346\/386|[from] item: Leftovers
|upkeep
|choice|*|*switch 4
|choice||switch 4
|
|switch|p2a: Hoopa|Hoopa-Unbound|301\/301
|turn|52
|choice|*|*switch 6
|choice|*move 3|*
|choice|move protect|switch 6
|
|switch|p2a: Tapu Koko|Tapu Koko|219\/281
|-fieldstart|move: Electric Terrain|[from] ability: Electric Surge|[of] p2a: Tapu Koko
|move|p1a: Heatran|Protect|p1a: Heatran
|-fail|p1a: Heatran
|
|-heal|p1a: Heatran|370\/386|[from] item: Leftovers
|upkeep
|turn|53
|choice|*|*move 4
|choice|*|*move 3
|choice|*switch 6|*
|choice|switch 6|move uturn
|
|switch|p1a: Tapu Bulu|Tapu Bulu|268\/343
|-fieldstart|move: Grassy Terrain|[from] ability: Grassy Surge|[of] p1a: Tapu Bulu
|move|p2a: Tapu Koko|U-turn|p1a: Tapu Bulu
|-damage|p1a: Tapu Bulu|221\/343
|choice|*|*switch 2
|choice||switch 2
|
|switch|p2a: Victini|Victini|36\/341|[from]move: U-turn
|
|-heal|p2a: Victini|57\/341|[from] Grassy Terrain
|-heal|p1a: Tapu Bulu|242\/343|[from] Grassy Terrain
|upkeep
|turn|54
|choice|*|*move 4
|choice|*|*move 4
|choice|*switch 6|*
|choice|switch 6|move uturn
|
|switch|p1a: Heatran|Heatran, M|370\/386
|move|p2a: Victini|U-turn|p1a: Heatran
|-resisted|p1a: Heatran
|-damage|p1a: Heatran|345\/386
|choice|*|*switch 2
|choice||switch 2
|
|switch|p2a: Tapu Koko|Tapu Koko|219\/281|[from]move: U-turn
|-fieldstart|move: Electric Terrain|[from] ability: Electric Surge|[of] p2a: Tapu Koko
|
|-heal|p1a: Heatran|369\/386|[from] item: Leftovers
|upkeep
|turn|55
|choice|*|*move 2
|choice|*move 2|*
|choice|move earthpower|move voltswitch
|
|move|p2a: Tapu Koko|Volt Switch|p1a: Heatran
|-damage|p1a: Heatran|218\/386
|choice|*|*switch 6
|choice||switch 6
|
|switch|p2a: Hoopa|Hoopa-Unbound|301\/301|[from]move: Volt Switch
|move|p1a: Heatran|Earth Power|p2a: Hoopa
|-damage|p2a: Hoopa|231\/301
|
|-heal|p1a: Heatran|242\/386|[from] item: Leftovers
|upkeep
|turn|56
|choice|*|*move 1
|choice|*move 3|*
|choice|move protect|move darkpulse
|
|move|p1a: Heatran|Protect|p1a: Heatran
|-singleturn|p1a: Heatran|Protect
|move|p2a: Hoopa|Dark Pulse|p1a: Heatran
|-activate|p1a: Heatran|move: Protect
|
|-heal|p1a: Heatran|266\/386|[from] item: Leftovers
|upkeep
|turn|57
|choice|*|*switch 2
|choice|*|*switch 2
|choice|*|*switch 2
|choice|*|*switch 2
|choice|*switch 6|*
|choice|switch 6|switch 2
|
|switch|p2a: Victini|Victini|57\/341
|switch|p1a: Tapu Bulu|Tapu Bulu|242\/343
|-fieldstart|move: Grassy Terrain|[from] ability: Grassy Surge|[of] p1a: Tapu Bulu
|
|-heal|p2a: Victini|78\/341|[from] Grassy Terrain
|-heal|p1a: Tapu Bulu|263\/343|[from] Grassy Terrain
|upkeep
|turn|58
|choice|*switch 6|*
|choice|*|*move 1
|choice|switch 6|move boltstrike
|
|switch|p1a: Heatran|Heatran, M|266\/386
|move|p2a: Victini|Bolt Strike|p1a: Heatran
|-damage|p1a: Heatran|83\/386
|
|-heal|p2a: Victini|99\/341|[from] Grassy Terrain
|-heal|p1a: Heatran|107\/386|[from] item: Leftovers
|-heal|p1a: Heatran|131\/386|[from] Grassy Terrain
|upkeep
|turn|59
|choice|*|*switch 2
|choice|*move 3|*
|choice|move protect|switch 2
|
|switch|p2a: Hoopa|Hoopa-Unbound|231\/301
|move|p1a: Heatran|Protect|p1a: Heatran
|-fail|p1a: Heatran
|
|-heal|p2a: Hoopa|249\/301|[from] Grassy Terrain
|-heal|p1a: Heatran|155\/386|[from] item: Leftovers
|-heal|p1a: Heatran|179\/386|[from] Grassy Terrain
|upkeep
|turn|60
|choice|*move 3|*
|choice|*|*move 1
|choice|move protect|move darkpulse
|
|move|p1a: Heatran|Protect|p1a: Heatran
|-singleturn|p1a: Heatran|Protect
|move|p2a: Hoopa|Dark Pulse|p1a: Heatran
|-activate|p1a: Heatran|move: Protect
|
|-heal|p2a: Hoopa|267\/301|[from] Grassy Terrain
|-heal|p1a: Heatran|203\/386|[from] item: Leftovers
|-heal|p1a: Heatran|227\/386|[from] Grassy Terrain
|upkeep
|turn|61
|choice|*|*switch 2
|choice|*|*move 1
|choice|*|*switch 2
|choice|*switch 6|*
|choice|switch 6|switch 2
|
|switch|p2a: Victini|Victini|99\/341
|switch|p1a: Tapu Bulu|Tapu Bulu|263\/343
|
|-heal|p2a: Victini|120\/341|[from] Grassy Terrain
|-heal|p1a: Tapu Bulu|284\/343|[from] Grassy Terrain
|-fieldend|move: Grassy Terrain
|upkeep
|turn|62
|choice|*|*move 4
|choice|*switch 4|*
|choice|*|*move 4
|choice|switch 4|move uturn
|
|switch|p1a: Diggersby|Diggersby, M|52\/311
|move|p2a: Victini|U-turn|p1a: Diggersby
|-damage|p1a: Diggersby|0 fnt
|faint|p1a: Diggersby
|choice|*|*switch 2
|choice||switch 2
|
|switch|p2a: Hoopa|Hoopa-Unbound|267\/301|[from]move: U-turn
|
|upkeep
|choice|*switch 3|*
|choice|switch 3|
|
|switch|p1a: Greninja|Greninja, M|59\/285
|turn|63
|choice|*move 1|*
|choice|*|*move 1
|choice|move surf|move darkpulse
|
|move|p1a: Greninja|Surf|p2a: Hoopa
|-damage|p2a: Hoopa|116\/301
|move|p2a: Hoopa|Dark Pulse|p1a: Greninja
|-resisted|p1a: Greninja
|-damage|p1a: Greninja|0 fnt
|faint|p1a: Greninja
|
|upkeep
|c|☆Driho|joder jey
|choice|*switch 4|*
|choice|switch 4|
|
|switch|p1a: Tapu Bulu|Tapu Bulu|284\/343
|-fieldstart|move: Grassy Terrain|[from] ability: Grassy Surge|[of] p1a: Tapu Bulu
|turn|64
|c|☆Driho|te estoy leyendo como un libro
|choice|*switch 6|*
|c|☆jey2|no es eso , es que hay jugadas obvias que es diferente
|choice|*switch 6|*
|c|☆Driho|si srry
|c|☆Driho|pero estoy jugandote mejor que nunca eso si
|c|☆Driho|siempre te me adelantas tu
|c|☆Driho|ahora por lo menos voy decente
|choice|*switch 6|*
|choice|*switch 6|*
|c|☆Driho|igual ahora lo tengo dificil
|choice|*switch 6|*
|c|☆Driho|si no juego bien pierdo
|choice|*switch 6|*
|choice|*switch 6|*
|c|☆jey2|veremos
|c|☆Driho|creo q si que pierdo haga lo que haga
|choice|*|*switch 6
|choice|switch 6|switch 6
|
|switch|p2a: Tapu Koko|Tapu Koko|219\/281
|-fieldstart|move: Electric Terrain|[from] ability: Electric Surge|[of] p2a: Tapu Koko
|switch|p1a: Heatran|Heatran, M|227\/386
|
|-heal|p1a: Heatran|251\/386|[from] item: Leftovers
|upkeep
|turn|65
|choice|*|*move 2
|choice|*move 3|*
|choice|*|*move 2
|choice|move protect|move voltswitch
|
|move|p1a: Heatran|Protect|p1a: Heatran
|-singleturn|p1a: Heatran|Protect
|move|p2a: Tapu Koko|Volt Switch|p1a: Heatran
|-activate|p1a: Heatran|move: Protect
|
|-heal|p1a: Heatran|275\/386|[from] item: Leftovers
|upkeep
|turn|66
|choice|*|*move 3
|choice|*|*move 2
|choice|*move 1|*
|choice|*|*move 1
|choice|move magmastorm|move thunderbolt
|
|move|p2a: Tapu Koko|Thunderbolt|p1a: Heatran
|-damage|p1a: Heatran|82\/386
|move|p1a: Heatran|Magma Storm|p2a: Tapu Koko|[miss]
|-miss|p1a: Heatran|p2a: Tapu Koko
|
|-heal|p1a: Heatran|106\/386|[from] item: Leftovers
|upkeep
|turn|67
|choice|*|*move 2
|choice|*move 3|*
|choice|move protect|move voltswitch
|
|move|p1a: Heatran|Protect|p1a: Heatran
|-singleturn|p1a: Heatran|Protect
|move|p2a: Tapu Koko|Volt Switch|p1a: Heatran
|-activate|p1a: Heatran|move: Protect
|
|-heal|p1a: Heatran|130\/386|[from] item: Leftovers
|upkeep
|turn|68
|choice|*|*move 2
|choice|*move 2|*
|choice|move earthpower|move voltswitch
|
|move|p2a: Tapu Koko|Volt Switch|p1a: Heatran
|-damage|p1a: Heatran|0 fnt
|faint|p1a: Heatran
|c|☆Driho|gg
|choice|*|*switch 2
|choice||switch 2
|
|switch|p2a: Victini|Victini|120\/341|[from]move: Volt Switch
|
|-fieldend|move: Electric Terrain
|upkeep
|c|☆jey2|pude haber ganado hace 300 turnos
|c|☆jey2|pero to esos magma miss
|c|☆Driho|va jey no te pongas asi si siempre me ganas xD
|c|☆Driho|pa una vez que gano yo dejame ser feliz :v
|c|☆jey2|estoy normal, solo te estoy diciendo eh bro
|c|☆jey2|el que me costó el gane
|c|☆jey2|Game
|c|☆Driho|vale todo bien hermano
|c|☆jey2|a qué no sabes cual fue ?
|c|☆Driho|sinceramente de 68 turnos y concentrandome en hacer buenas jugadas me he perdido
|c|☆jey2|en el miss de magma a rotom que rotom moría y no quitaba las rocas
|c|☆Driho|ah
|c|☆Driho|pues si que puede ser, no digo nada
|-message|jey2 se rindió.
|
|win|Driho
</script>
</div>
<div class="battle-log battle-log-inline"><div class="inner"><div class="battle-options"></div><div class="inner"><div class=""><small>Format:</small> <br><strong>OU</strong></div><div class=""><small><em>Cláusula-Mod de Dormir:</em> solo puedes dormir a uno de tus oponentes a la vez.</small></div><div class=""><small><em>Cláusula de Especie:</em> Hasta un Pokémon de cada especie</small></div><div class=""><small><em>Cláusula de Golpe Fulminante:</em> los movimientos fulminantes (OHKO) estan prohibidos</small></div><div class=""><small><em>Cláusula de Veleta:</em> la habilidad Veleta está prohibida</small></div><div class=""><small><em>Cláusula de Movimientos Evasivos:</em> los movimientos de Evasión están prohibidos.</small></div><div class=""><small><em>Cláusula de Batallas Eternas:</em> forzar batallas eternas está prohibido</small></div><div class="chat battle-history"><strong>jey2's team:</strong> <em style="color:#445566;display:block;">Greninja / Heatran / Zapdos / Tapu Bulu / Diggersby / Clefable</em></div><div class="chat battle-history"><strong>Driho's team:</strong> <em style="color:#445566;display:block;">Victini / Scizor / Landorus-Therian / Hoopa-Unbound / Rotom-Wash / Tapu Koko</em></div><div class="spacer battle-history"><br></div><div class="battle-history">Battle started between jey2 and Driho!<br></div><div class="spacer battle-history"><br></div><div class="battle-history">Go! <strong>Clefable</strong>!<br></div><div class="spacer battle-history"><br></div><div class="battle-history">Driho sent out Landorus (<strong>Landorus-Therian</strong>)!<br></div><div class="battle-history"><small>[The opposing Landorus's Intimidate]</small><br></div><div class="battle-history"><small>Clefable's Attack fell!</small><br></div><div class="spacer battle-history"><br></div><h2 class="battle-history">Turn 1</h2><div class="spacer battle-history"><br></div><div class="battle-history">The opposing Landorus used <strong>Stealth Rock</strong>!<br></div><div class="battle-history"><small>Pointed stones float in the air around your team!</small><br></div><div class="spacer battle-history"><br></div><div class="battle-history">Clefable used <strong>Stealth Rock</strong>!<br></div><div class="battle-history"><small>Pointed stones float in the air around the opposing team!</small><br></div><div class="spacer battle-history"><br></div><h2 class="battle-history">Turn 2</h2><div class="spacer battle-history"><br></div><div class="battle-history">Driho withdrew Landorus!<br></div><div class="battle-history">Driho sent out Rotom (<strong>Rotom-Wash</strong>)!<br></div><div class="battle-history"><small>Pointed stones dug into the opposing Rotom!</small><br></div><div class="spacer battle-history"><br></div><div class="battle-history">Clefable used <strong>Moonblast</strong>!<br></div><div class="battle-history"><small>(The opposing Rotom lost <abbr title="−94/303">31.0%</abbr> of its health!)</small><br></div><div class="battle-history"><small>The opposing Rotom's Special Attack fell!</small><br></div><div class="spacer battle-history"><br></div><h2 class="battle-history">Turn 3</h2><div class="spacer battle-history"><br></div><div class="battle-history">Clefable, come back!<br></div><div class="battle-history">Go! <strong>Tapu Bulu</strong>!<br></div><div class="battle-history"><small>Pointed stones dug into Tapu Bulu!</small><br></div><div class="battle-history"><small>[Tapu Bulu's Grassy Surge]</small><br><small>Grass grew to cover the battlefield!</small><br></div><div class="spacer battle-history"><br></div><div class="battle-history">The opposing Rotom used <strong>Volt Switch</strong>!<br></div><div class="battle-history"><small>It's not very effective...</small><br></div><div class="battle-history"><small>(Tapu Bulu lost <abbr title="−21/343">6.1%</abbr> of its health!)</small><br></div><div class="spacer battle-history"><br></div><div class="battle-history">The opposing Rotom went back to Driho!<br></div><div class="battle-history">Driho sent out <strong>Victini</strong>!<br></div><div class="battle-history"><small>Pointed stones dug into the opposing Victini!</small><br></div><div class="spacer battle-history"><br></div><div class="battle-history"><small>The opposing Victini restored HP using its Grassy Terrain!</small><br></div><div class="battle-history"><small>Tapu Bulu restored HP using its Grassy Terrain!</small><br></div><div class="spacer battle-history"><br></div><h2 class="battle-history">Turn 4</h2><div class="spacer battle-history"><br></div><div class="battle-history">Tapu Bulu, come back!<br></div><div class="battle-history">Go! <strong>Clefable</strong>!<br></div><div class="spacer battle-history"><br></div><div class="battle-history">The opposing Victini used <strong>U-turn</strong>!<br></div><div class="battle-history"><small>It's not very effective...</small><br></div><div class="battle-history"><small>(Clefable lost <abbr title="−45/393">11.5%</abbr> of its health!)</small><br></div><div class="spacer battle-history"><br></div><div class="battle-history">The opposing Victini went back to Driho!<br></div><div class="battle-history">Driho sent out <strong>Tapu Koko</strong>!<br></div><div class="battle-history"><small>Pointed stones dug into the opposing Tapu Koko!</small><br></div><div class="battle-history"><small>[The opposing Tapu Koko's Electric Surge]</small><br><small>An electric current runs across the battlefield!</small><br></div><div class="spacer battle-history"><br></div><div class="battle-history"><small>Clefable restored a little HP using its Leftovers!</small><br></div><div class="spacer battle-history"><br></div><h2 class="battle-history">Turn 5</h2><div class="spacer battle-history"><br></div><div class="battle-history">Clefable, come back!<br></div><div class="battle-history">Go! <strong>Tapu Bulu</strong>!<br></div><div class="battle-history"><small>Pointed stones dug into Tapu Bulu!</small><br></div><div class="battle-history"><small>[Tapu Bulu's Grassy Surge]</small><br><small>Grass grew to cover the battlefield!</small><br></div><div class="spacer battle-history"><br></div><div class="battle-history">The opposing Tapu Koko used <strong>Hidden Power</strong>!<br></div><div class="battle-history"><small>It's super effective!</small><br></div><div class="battle-history"><small>(Tapu Bulu lost <abbr title="−92/343">26.8%</abbr> of its health!)</small><br></div><div class="spacer battle-history"><br></div><div class="battle-history"><small>The opposing Tapu Koko restored HP using its Grassy Terrain!</small><br></div><div class="battle-history"><small>Tapu Bulu restored HP using its Grassy Terrain!</small><br></div><div class="spacer battle-history"><br></div><h2 class="battle-history">Turn 6</h2><div class="spacer battle-history"><br></div><div class="battle-history">The opposing Tapu Koko used <strong>U-turn</strong>!<br></div><div class="battle-history"><small>(Tapu Bulu lost <abbr title="−45/343">13.1%</abbr> of its health!)</small><br></div><div class="spacer battle-history"><br></div><div class="battle-history">The opposing Tapu Koko went back to Driho!<br></div><div class="battle-history">Driho sent out <strong>Scizor</strong>!<br></div><div class="battle-history"><small>Pointed stones dug into the opposing Scizor!</small><br></div><div class="spacer battle-history"><br></div><div class="battle-history">Tapu Bulu used <strong>Synthesis</strong>!<br></div><div class="battle-history"><small>Tapu Bulu restored its HP.</small><br></div><div class="spacer battle-history"><br></div><div class="battle-history"><small>Tapu Bulu restored HP using its Grassy Terrain!</small><br></div><div class="battle-history"><small>The opposing Scizor restored HP using its Grassy Terrain!</small><br></div><div class="spacer battle-history"><br></div><h2 class="battle-history">Turn 7</h2><div class="spacer battle-history"><br></div><div class="battle-history"><small>The opposing Scizor's Scizorite is reacting to the Key Stone!</small><br>The opposing Scizor has Mega Evolved into Mega Scizor!<br></div><div class="spacer battle-history"><br></div><div class="battle-history">Tapu Bulu used <strong>Swords Dance</strong>!<br></div><div class="battle-history"><small>Tapu Bulu's Attack rose sharply!</small><br></div><div class="spacer battle-history"><br></div><div class="battle-history">The opposing Scizor used <strong>U-turn</strong>!<br></div><div class="battle-history"><small>(Tapu Bulu lost <abbr title="−115/343">33.5%</abbr> of its health!)</small><br></div><div class="chat chatmessage-driho"><strong style="color:hsl(341,43%,52.24878289296294%)"><small>☆</small><span class="username" data-name="Driho">Driho</span>:</strong> <em>ese bulu es de vanitas</em></div><div class="spacer battle-history"><br></div><div class="battle-history">The opposing Scizor went back to Driho!<br></div><div class="battle-history">Driho sent out <strong>Victini</strong>!<br></div><div class="battle-history"><small>Pointed stones dug into the opposing Victini!</small><br></div><div class="spacer battle-history"><br></div><div class="battle-history"><small>The opposing Victini restored HP using its Grassy Terrain!</small><br></div><div class="battle-history"><small>Tapu Bulu restored HP using its Grassy Terrain!</small><br></div><div class="spacer battle-history"><br></div><h2 class="battle-history">Turn 8</h2><div class="spacer battle-history"><br></div><div class="battle-history">Tapu Bulu, come back!<br></div><div class="battle-history">Go! <strong>Heatran</strong>!<br></div><div class="battle-history"><small>Pointed stones dug into Heatran!</small><br></div><div class="spacer battle-history"><br></div><div class="battle-history">The opposing Victini used <strong>V-create</strong>!<br></div><div class="battle-history"><small>[Heatran's Flash Fire]</small><br><small>The power of Heatran's Fire-type moves rose!</small><br></div><div class="spacer battle-history"><br></div><div class="battle-history"><small>The opposing Victini restored HP using its Grassy Terrain!</small><br></div><div class="battle-history"><small>Heatran restored a little HP using its Leftovers!</small><br></div><div class="battle-history"><small>Heatran restored HP using its Grassy Terrain!</small><br></div><div class="spacer battle-history"><br></div><h2 class="battle-history">Turn 9</h2><div class="chat chatmessage-driho"><strong style="color:hsl(341,43%,52.24878289296294%)"><small>☆</small><span class="username" data-name="Driho">Driho</span>:</strong> <em>ese bulu es amor</em></div><div class="spacer battle-history"><br></div><div class="battle-history">Driho withdrew Victini!<br></div><div class="battle-history">Driho sent out Rotom (<strong>Rotom-Wash</strong>)!<br></div><div class="battle-history"><small>Pointed stones dug into the opposing Rotom!</small><br></div><div class="spacer battle-history"><br></div><div class="battle-history">Heatran used <strong>Magma Storm</strong>!<br></div><div class="battle-history"><small>The opposing Rotom avoided the attack!</small><br></div><div class="spacer battle-history"><br></div><div class="battle-history"><small>The grass disappeared from the battlefield.</small><br></div><div class="spacer battle-history"><br></div><h2 class="battle-history">Turn 10</h2><div class="spacer battle-history"><br></div><div class="battle-history">Heatran used <strong>Magma Storm</strong>!<br></div><div class="battle-history"><small>It's not very effective...</small><br></div><div class="battle-history"><small>(The opposing Rotom lost <abbr title="−98/303">32.3%</abbr> of its health!)</small><br></div><div class="battle-history"><small>The opposing Rotom became trapped by swirling magma!</small><br></div><div class="battle-history"><small>The opposing Rotom ate its Iapapa Berry!</small><br></div><div class="battle-history"><small>The opposing Rotom restored HP using its Iapapa Berry!</small><br></div><div class="spacer battle-history"><br></div><div class="battle-history">The opposing Rotom used <strong>Hydro Pump</strong>!<br></div><div class="battle-history"><small>It's super effective!</small><br></div><div class="battle-history"><small>(Heatran lost <abbr title="−252/386">65.3%</abbr> of its health!)</small><br></div><div class="spacer battle-history"><br></div><div class="battle-history"><small>Heatran restored a little HP using its Leftovers!</small><br></div><div class="battle-history"><small>The opposing Rotom is hurt by Magma Storm!</small><br></div><div class="spacer battle-history"><br></div><h2 class="battle-history">Turn 11</h2><div class="spacer battle-history"><br></div><div class="battle-history">Heatran used <strong>Protect</strong>!<br></div><div class="battle-history"><small>Heatran protected itself!</small><br></div><div class="spacer battle-history"><br></div><div class="battle-history">The opposing Rotom used <strong>Will-O-Wisp</strong>!<br></div><div class="battle-history"><small>Heatran protected itself!</small><br></div><div class="spacer battle-history"><br></div><div class="battle-history"><small>Heatran restored a little HP using its Leftovers!</small><br></div><div class="battle-history"><small>The opposing Rotom is hurt by Magma Storm!</small><br></div><div class="spacer battle-history"><br></div><h2 class="battle-history">Turn 12</h2><div class="spacer battle-history"><br></div><div class="battle-history">Heatran, come back!<br></div><div class="battle-history">Go! <strong>Tapu Bulu</strong>!<br></div><div class="battle-history"><small>Pointed stones dug into Tapu Bulu!</small><br></div><div class="battle-history"><small>[Tapu Bulu's Grassy Surge]</small><br><small>Grass grew to cover the battlefield!</small><br></div><div class="spacer battle-history"><br></div><div class="battle-history">The opposing Rotom used <strong>Volt Switch</strong>!<br></div><div class="battle-history"><small>It's not very effective...</small><br></div><div class="battle-history"><small>(Tapu Bulu lost <abbr title="−33/343">9.6%</abbr> of its health!)</small><br></div><div class="spacer battle-history"><br></div><div class="battle-history">The opposing Rotom went back to Driho!<br></div><div class="battle-history">Driho sent out Hoopa (<strong>Hoopa-Unbound</strong>)!<br></div><div class="battle-history"><small>Pointed stones dug into the opposing Hoopa!</small><br></div><div class="spacer battle-history"><br></div><div class="battle-history"><small>The opposing Hoopa restored HP using its Grassy Terrain!</small><br></div><div class="battle-history"><small>Tapu Bulu restored HP using its Grassy Terrain!</small><br></div><div class="spacer battle-history"><br></div><h2 class="battle-history">Turn 13</h2><div class="spacer battle-history"><br></div><div class="battle-history">Tapu Bulu, come back!<br></div><div class="battle-history">Go! <strong>Greninja</strong>!<br></div><div class="battle-history"><small>Pointed stones dug into Greninja!</small><br></div><div class="spacer battle-history"><br></div><div class="battle-history">The opposing Hoopa used <strong>Psyshock</strong>!<br></div><div class="battle-history"><small>It doesn't affect Greninja...</small><br></div><div class="spacer battle-history"><br></div><div class="battle-history"><small>Greninja restored HP using its Grassy Terrain!</small><br></div><div class="battle-history"><small>The opposing Hoopa restored HP using its Grassy Terrain!</small><br></div><div class="spacer battle-history"><br></div><h2 class="battle-history">Turn 14</h2><div class="spacer battle-history"><br></div><div class="battle-history">Driho withdrew Hoopa!<br></div><div class="battle-history">Driho sent out Scizor (<strong>Scizor-Mega</strong>)!<br></div><div class="battle-history"><small>Pointed stones dug into the opposing Scizor!</small><br></div><div class="spacer battle-history"><br></div><div class="battle-history">Greninja used <strong>U-turn</strong>!<br></div><div class="battle-history"><small>It's not very effective...</small><br></div><div class="battle-history"><small>(The opposing Scizor lost <abbr title="−17/343">5.0%</abbr> of its health!)</small><br></div><div class="spacer battle-history"><br></div><div class="battle-history">Greninja went back to jey2!<br></div><div class="battle-history">Go! <strong>Heatran</strong>!<br></div><div class="battle-history"><small>Pointed stones dug into Heatran!</small><br></div><div class="spacer battle-history"><br></div><div class="battle-history"><small>Heatran restored a little HP using its Leftovers!</small><br></div><div class="battle-history"><small>Heatran restored HP using its Grassy Terrain!</small><br></div><div class="battle-history"><small>The opposing Scizor restored HP using its Grassy Terrain!</small><br></div><div class="spacer battle-history"><br></div><h2 class="battle-history">Turn 15</h2><div class="spacer battle-history"><br></div><div class="battle-history">Driho withdrew Scizor!<br></div><div class="battle-history">Driho sent out Landorus (<strong>Landorus-Therian</strong>)!<br></div><div class="battle-history"><small>Pointed stones dug into the opposing Landorus!</small><br></div><div class="battle-history"><small>[The opposing Landorus's Intimidate]</small><br></div><div class="battle-history"><small>Heatran's Attack fell!</small><br></div><div class="spacer battle-history"><br></div><div class="battle-history">Heatran used <strong>Magma Storm</strong>!<br></div><div class="battle-history"><small>(The opposing Landorus lost <abbr title="−195/319">61.1%</abbr> of its health!)</small><br></div><div class="battle-history"><small>The opposing Landorus became trapped by swirling magma!</small><br></div><div class="spacer battle-history"><br></div><div class="battle-history"><small>Heatran restored a little HP using its Leftovers!</small><br></div><div class="battle-history"><small>Heatran restored HP using its Grassy Terrain!</small><br></div><div class="battle-history"><small>The opposing Landorus is hurt by Magma Storm!</small><br></div><div class="spacer battle-history"><br></div><h2 class="battle-history">Turn 16</h2><div class="spacer battle-history"><br></div><div class="battle-history">Heatran used <strong>Protect</strong>!<br></div><div class="battle-history"><small>Heatran protected itself!</small><br></div><div class="spacer battle-history"><br></div><div class="battle-history">The opposing Landorus used <strong>U-turn</strong>!<br></div><div class="battle-history"><small>Heatran protected itself!</small><br></div><div class="spacer battle-history"><br></div><div class="battle-history"><small>Heatran restored a little HP using its Leftovers!</small><br></div><div class="battle-history"><small>Heatran restored HP using its Grassy Terrain!</small><br></div><div class="battle-history"><small>The grass disappeared from the battlefield.</small><br></div><div class="battle-history"><small>The opposing Landorus is hurt by Magma Storm!</small><br></div><div class="spacer battle-history"><br></div><h2 class="battle-history">Turn 17</h2><div class="spacer battle-history"><br></div><div class="battle-history">Heatran, come back!<br></div><div class="battle-history">Go! <strong>Clefable</strong>!<br></div><div class="spacer battle-history"><br></div><div class="battle-history">The opposing Landorus used <strong>U-turn</strong>!<br></div><div class="battle-history"><small>It's not very effective...</small><br></div><div class="battle-history"><small>(Clefable lost <abbr title="−42/393">10.7%</abbr> of its health!)</small><br></div><div class="spacer battle-history"><br></div><div class="battle-history">The opposing Landorus went back to Driho!<br></div><div class="battle-history">Driho sent out <strong>Tapu Koko</strong>!<br></div><div class="battle-history"><small>Pointed stones dug into the opposing Tapu Koko!</small><br></div><div class="battle-history"><small>[The opposing Tapu Koko's Electric Surge]</small><br><small>An electric current runs across the battlefield!</small><br></div><div class="spacer battle-history"><br></div><div class="battle-history"><small>Clefable restored a little HP using its Leftovers!</small><br></div><div class="spacer battle-history"><br></div><h2 class="battle-history">Turn 18</h2><div class="spacer battle-history"><br></div><div class="battle-history"><small>The opposing Tapu Koko surrounded itself with its Z-Power!</small><br></div><div class="spacer battle-history"><br></div><div class="battle-history">The opposing Tapu Koko used <strong>Gigavolt Havoc</strong>!<br></div><div class="battle-history"><small>(Clefable lost <abbr title="−354/393">90.1%</abbr> of its health!)</small><br></div><div class="spacer battle-history"><br></div><div class="battle-history">Clefable fainted!<br></div><div class="chat chatmessage-driho"><strong style="color:hsl(341,43%,52.24878289296294%)"><small>☆</small><span class="username" data-name="Driho">Driho</span>:</strong> <em>buena confianza</em></div><div class="spacer battle-history"><br></div><div class="battle-history">Go! <strong>Diggersby</strong>!<br></div><div class="battle-history"><small>Pointed stones dug into Diggersby!</small><br></div><div class="spacer battle-history"><br></div><h2 class="battle-history">Turn 19</h2><div class="chat chatmessage-driho"><strong style="color:hsl(341,43%,52.24878289296294%)"><small>☆</small><span class="username" data-name="Driho">Driho</span>:</strong> <em>sabia que lo dejabas</em></div><div class="spacer battle-history"><br></div><div class="battle-history">The opposing Tapu Koko used <strong>U-turn</strong>!<br></div><div class="battle-history"><small>(Diggersby lost <abbr title="−70/311">22.5%</abbr> of its health!)</small><br></div><div class="spacer battle-history"><br></div><div class="battle-history">The opposing Tapu Koko went back to Driho!<br></div><div class="battle-history">Driho sent out Scizor (<strong>Scizor-Mega</strong>)!<br></div><div class="battle-history"><small>Pointed stones dug into the opposing Scizor!</small><br></div><div class="spacer battle-history"><br></div><div class="battle-history">Diggersby used <strong>Frustration</strong>!<br></div><div class="battle-history"><small>It's not very effective...</small><br></div><div class="battle-history"><small>(The opposing Scizor lost <abbr title="−103/343">30.0%</abbr> of its health!)</small><br></div><div class="spacer battle-history"><br></div><h2 class="battle-history">Turn 20</h2><div class="spacer battle-history"><br></div><div class="battle-history">Diggersby used <strong>Frustration</strong>!<br></div><div class="battle-history"><small>It's not very effective...</small><br></div><div class="battle-history"><small>(The opposing Scizor lost <abbr title="−105/343">30.6%</abbr> of its health!)</small><br></div><div class="spacer battle-history"><br></div><div class="battle-history">The opposing Scizor used <strong>Roost</strong>!<br></div><div class="battle-history"><small>The opposing Scizor restored its HP.</small><br></div><div class="spacer battle-history"><br></div><h2 class="battle-history">Turn 21</h2><div class="spacer battle-history"><br></div><div class="battle-history">Diggersby, come back!<br></div><div class="battle-history">Go! <strong>Zapdos</strong>!<br></div><div class="battle-history"><small>Pointed stones dug into Zapdos!</small><br></div><div class="spacer battle-history"><br></div><div class="battle-history">The opposing Scizor used <strong>U-turn</strong>!<br></div><div class="battle-history"><small>It's not very effective...</small><br></div><div class="battle-history"><small>(Zapdos lost <abbr title="−56/383">14.6%</abbr> of its health!)</small><br></div><div class="spacer battle-history"><br></div><div class="battle-history">The opposing Scizor went back to Driho!<br></div><div class="battle-history">Driho sent out Hoopa (<strong>Hoopa-Unbound</strong>)!<br></div><div class="battle-history"><small>Pointed stones dug into the opposing Hoopa!</small><br></div><div class="spacer battle-history"><br></div><div class="battle-history"><small>Zapdos restored a little HP using its Leftovers!</small><br></div><div class="battle-history"><small>The electricity disappeared from the battlefield.</small><br></div><div class="spacer battle-history"><br></div><h2 class="battle-history">Turn 22</h2><div class="spacer battle-history"><br></div><div class="battle-history">The opposing Hoopa used <strong>Dark Pulse</strong>!<br></div><div class="battle-history"><small>(Zapdos lost <abbr title="−255/383">66.6%</abbr> of its health!)</small><br></div><div class="spacer battle-history"><br></div><div class="battle-history">Zapdos fainted!<br></div><div class="spacer battle-history"><br></div><div class="battle-history">Go! <strong>Greninja</strong>!<br></div><div class="battle-history"><small>Pointed stones dug into Greninja!</small><br></div><div class="spacer battle-history"><br></div><h2 class="battle-history">Turn 23</h2><div class="spacer battle-history"><br></div><div class="battle-history">Greninja, come back!<br></div><div class="battle-history">Go! <strong>Tapu Bulu</strong>!<br></div><div class="battle-history"><small>Pointed stones dug into Tapu Bulu!</small><br></div><div class="battle-history"><small>[Tapu Bulu's Grassy Surge]</small><br><small>Grass grew to cover the battlefield!</small><br></div><div class="spacer battle-history"><br></div><div class="battle-history">Driho withdrew Hoopa!<br></div><div class="battle-history">Driho sent out Landorus (<strong>Landorus-Therian</strong>)!<br></div><div class="battle-history"><small>Pointed stones dug into the opposing Landorus!</small><br></div><div class="spacer battle-history"><br></div><div class="battle-history">The opposing Landorus fainted!<br></div><div class="spacer battle-history"><br></div><div class="battle-history"><small>Tapu Bulu restored HP using its Grassy Terrain!</small><br></div><div class="spacer battle-history"><br></div><div class="battle-history">Driho sent out <strong>Victini</strong>!<br></div><div class="battle-history"><small>Pointed stones dug into the opposing Victini!</small><br></div><div class="spacer battle-history"><br></div><h2 class="battle-history">Turn 24</h2><div class="spacer battle-history"><br></div><div class="battle-history">The opposing Victini used <strong>U-turn</strong>!<br></div><div class="battle-history"><small>(Tapu Bulu lost <abbr title="−96/343">28.0%</abbr> of its health!)</small><br></div><div class="spacer battle-history"><br></div><div class="battle-history">The opposing Victini went back to Driho!<br></div><div class="battle-history">Driho sent out Scizor (<strong>Scizor-Mega</strong>)!<br></div><div class="battle-history"><small>Pointed stones dug into the opposing Scizor!</small><br></div><div class="spacer battle-history"><br></div><div class="battle-history">Tapu Bulu used <strong>Synthesis</strong>!<br></div><div class="battle-history"><small>Tapu Bulu restored its HP.</small><br></div><div class="spacer battle-history"><br></div><div class="battle-history"><small>Tapu Bulu restored HP using its Grassy Terrain!</small><br></div><div class="battle-history"><small>The opposing Scizor restored HP using its Grassy Terrain!</small><br></div><div class="spacer battle-history"><br></div><h2 class="battle-history">Turn 25</h2><div class="spacer battle-history"><br></div><div class="battle-history">Tapu Bulu, come back!<br></div><div class="battle-history">Go! <strong>Heatran</strong>!<br></div><div class="battle-history"><small>Pointed stones dug into Heatran!</small><br></div><div class="spacer battle-history"><br></div><div class="battle-history">The opposing Scizor used <strong>Swords Dance</strong>!<br></div><div class="battle-history"><small>The opposing Scizor's Attack rose sharply!</small><br></div><div class="spacer battle-history"><br></div><div class="battle-history"><small>Heatran restored a little HP using its Leftovers!</small><br></div><div class="battle-history"><small>Heatran restored HP using its Grassy Terrain!</small><br></div><div class="battle-history"><small>The opposing Scizor restored HP using its Grassy Terrain!</small><br></div><div class="spacer battle-history"><br></div><h2 class="battle-history">Turn 26</h2><div class="spacer battle-history"><br></div><div class="battle-history">Driho withdrew Scizor!<br></div><div class="battle-history">Driho sent out Rotom (<strong>Rotom-Wash</strong>)!<br></div><div class="battle-history"><small>Pointed stones dug into the opposing Rotom!</small><br></div><div class="spacer battle-history"><br></div><div class="battle-history">Heatran used <strong>Magma Storm</strong>!<br></div><div class="battle-history"><small>The opposing Rotom avoided the attack!</small><br></div><div class="spacer battle-history"><br></div><div class="battle-history"><small>Heatran restored a little HP using its Leftovers!</small><br></div><div class="battle-history"><small>Heatran restored HP using its Grassy Terrain!</small><br></div><div class="spacer battle-history"><br></div><h2 class="battle-history">Turn 27</h2><div class="spacer battle-history"><br></div><div class="battle-history">Heatran, come back!<br></div><div class="battle-history">Go! <strong>Tapu Bulu</strong>!<br></div><div class="battle-history"><small>Pointed stones dug into Tapu Bulu!</small><br></div><div class="spacer battle-history"><br></div><div class="battle-history">The opposing Rotom used <strong>Defog</strong>!<br></div><div class="battle-history"><small>Tapu Bulu's evasiveness fell!</small><br></div><div class="battle-history"><small>The pointed stones disappeared from around your team!</small><br></div><div class="battle-history"><small>The pointed stones disappeared from around the opposing team!</small><br></div><div class="spacer battle-history"><br></div><div class="battle-history"><small>Tapu Bulu restored HP using its Grassy Terrain!</small><br></div><div class="battle-history"><small>The grass disappeared from the battlefield.</small><br></div><div class="spacer battle-history"><br></div><h2 class="battle-history">Turn 28</h2><div class="spacer battle-history"><br></div><div class="battle-history">Tapu Bulu, come back!<br></div><div class="battle-history">Go! <strong>Heatran</strong>!<br></div><div class="spacer battle-history"><br></div><div class="battle-history">The opposing Rotom used <strong>Volt Switch</strong>!<br></div><div class="battle-history"><small>(Heatran lost <abbr title="−76/386">19.7%</abbr> of its health!)</small><br></div><div class="spacer battle-history"><br></div><div class="battle-history">The opposing Rotom went back to Driho!<br></div><div class="battle-history">Driho sent out Hoopa (<strong>Hoopa-Unbound</strong>)!<br></div><div class="spacer battle-history"><br></div><div class="battle-history"><small>Heatran restored a little HP using its Leftovers!</small><br></div><div class="spacer battle-history"><br></div><h2 class="battle-history">Turn 29</h2><div class="spacer battle-history"><br></div><div class="battle-history">Heatran, come back!<br></div><div class="battle-history">Go! <strong>Tapu Bulu</strong>!<br></div><div class="battle-history"><small>[Tapu Bulu's Grassy Surge]</small><br><small>Grass grew to cover the battlefield!</small><br></div><div class="spacer battle-history"><br></div><div class="battle-history">The opposing Hoopa used <strong>Dark Pulse</strong>!<br></div><div class="battle-history"><small>It's not very effective...</small><br></div><div class="battle-history"><small>A critical hit!</small><br></div><div class="battle-history"><small>(Tapu Bulu lost <abbr title="−153/343">44.6%</abbr> of its health!)</small><br></div><div class="spacer battle-history"><br></div><div class="battle-history"><small>The opposing Hoopa restored HP using its Grassy Terrain!</small><br></div><div class="battle-history"><small>Tapu Bulu restored HP using its Grassy Terrain!</small><br></div><div class="spacer battle-history"><br></div><h2 class="battle-history">Turn 30</h2><div class="spacer battle-history"><br></div><div class="battle-history">Driho withdrew Hoopa!<br></div><div class="battle-history">Driho sent out Scizor (<strong>Scizor-Mega</strong>)!<br></div><div class="spacer battle-history"><br></div><div class="battle-history">Tapu Bulu used <strong>Synthesis</strong>!<br></div><div class="battle-history"><small>Tapu Bulu restored its HP.</small><br></div><div class="spacer battle-history"><br></div><div class="battle-history"><small>Tapu Bulu restored HP using its Grassy Terrain!</small><br></div><div class="battle-history"><small>The opposing Scizor restored HP using its Grassy Terrain!</small><br></div><div class="spacer battle-history"><br></div><h2 class="battle-history">Turn 31</h2><div class="spacer battle-history"><br></div><div class="battle-history">Tapu Bulu, come back!<br></div><div class="battle-history">Go! <strong>Heatran</strong>!<br></div><div class="spacer battle-history"><br></div><div class="battle-history">The opposing Scizor used <strong>U-turn</strong>!<br></div><div class="battle-history"><small>It's not very effective...</small><br></div><div class="battle-history"><small>(Heatran lost <abbr title="−29/386">7.5%</abbr> of its health!)</small><br></div><div class="spacer battle-history"><br></div><div class="battle-history">The opposing Scizor went back to Driho!<br></div><div class="battle-history">Driho sent out Rotom (<strong>Rotom-Wash</strong>)!<br></div><div class="spacer battle-history"><br></div><div class="battle-history"><small>Heatran restored a little HP using its Leftovers!</small><br></div><div class="battle-history"><small>Heatran restored HP using its Grassy Terrain!</small><br></div><div class="spacer battle-history"><br></div><h2 class="battle-history">Turn 32</h2><div class="spacer battle-history"><br></div><div class="battle-history">Heatran used <strong>Magma Storm</strong>!<br></div><div class="battle-history"><small>It's not very effective...</small><br></div><div class="battle-history"><small>(The opposing Rotom lost <abbr title="−69/303">22.8%</abbr> of its health!)</small><br></div><div class="battle-history"><small>The opposing Rotom became trapped by swirling magma!</small><br></div><div class="spacer battle-history"><br></div><div class="battle-history">The opposing Rotom used <strong>Hydro Pump</strong>!<br></div><div class="battle-history"><small>It's super effective!</small><br></div><div class="battle-history"><small>(Heatran lost <abbr title="−260/386">67.4%</abbr> of its health!)</small><br></div><div class="spacer battle-history"><br></div><div class="battle-history"><small>Heatran restored a little HP using its Leftovers!</small><br></div><div class="battle-history"><small>Heatran restored HP using its Grassy Terrain!</small><br></div><div class="battle-history"><small>The opposing Rotom is hurt by Magma Storm!</small><br></div><div class="spacer battle-history"><br></div><div class="battle-history">The opposing Rotom fainted!<br></div><div class="spacer battle-history"><br></div><div class="battle-history">Driho sent out <strong>Tapu Koko</strong>!<br></div><div class="battle-history"><small>[The opposing Tapu Koko's Electric Surge]</small><br><small>An electric current runs across the battlefield!</small><br></div><div class="spacer battle-history"><br></div><h2 class="battle-history">Turn 33</h2><div class="spacer battle-history"><br></div><div class="battle-history">Heatran used <strong>Protect</strong>!<br></div><div class="battle-history"><small>Heatran protected itself!</small><br></div><div class="spacer battle-history"><br></div><div class="battle-history">The opposing Tapu Koko used <strong>Volt Switch</strong>!<br></div><div class="battle-history"><small>Heatran protected itself!</small><br></div><div class="spacer battle-history"><br></div><div class="battle-history"><small>Heatran restored a little HP using its Leftovers!</small><br></div><div class="spacer battle-history"><br></div><h2 class="battle-history">Turn 34</h2><div class="spacer battle-history"><br></div><div class="battle-history">Heatran, come back!<br></div><div class="battle-history">Go! <strong>Tapu Bulu</strong>!<br></div><div class="battle-history"><small>[Tapu Bulu's Grassy Surge]</small><br><small>Grass grew to cover the battlefield!</small><br></div><div class="spacer battle-history"><br></div><div class="battle-history">The opposing Tapu Koko used <strong>Volt Switch</strong>!<br></div><div class="battle-history"><small>It's not very effective...</small><br></div><div class="battle-history"><small>(Tapu Bulu lost <abbr title="−36/343">10.5%</abbr> of its health!)</small><br></div><div class="spacer battle-history"><br></div><div class="battle-history">The opposing Tapu Koko went back to Driho!<br></div><div class="battle-history">Driho sent out <strong>Victini</strong>!<br></div><div class="spacer battle-history"><br></div><div class="battle-history"><small>The opposing Victini restored HP using its Grassy Terrain!</small><br></div><div class="battle-history"><small>Tapu Bulu restored HP using its Grassy Terrain!</small><br></div><div class="spacer battle-history"><br></div><h2 class="battle-history">Turn 35</h2><div class="spacer battle-history"><br></div><div class="battle-history">Tapu Bulu, come back!<br></div><div class="battle-history">Go! <strong>Diggersby</strong>!<br></div><div class="spacer battle-history"><br></div><div class="battle-history">The opposing Victini used <strong>Zen Headbutt</strong>!<br></div><div class="battle-history"><small>(Diggersby lost <abbr title="−208/311">66.9%</abbr> of its health!)</small><br></div><div class="spacer battle-history"><br></div><div class="battle-history"><small>The opposing Victini restored HP using its Grassy Terrain!</small><br></div><div class="battle-history"><small>Diggersby restored HP using its Grassy Terrain!</small><br></div><div class="spacer battle-history"><br></div><h2 class="battle-history">Turn 36</h2><div class="spacer battle-history"><br></div><div class="battle-history">Driho withdrew Victini!<br></div><div class="battle-history">Driho sent out Scizor (<strong>Scizor-Mega</strong>)!<br></div><div class="spacer battle-history"><br></div><div class="battle-history">Diggersby used <strong>Earthquake</strong>!<br></div><div class="battle-history"><small>(The opposing Scizor lost <abbr title="−105/343">30.6%</abbr> of its health!)</small><br></div><div class="spacer battle-history"><br></div><div class="battle-history"><small>Diggersby restored HP using its Grassy Terrain!</small><br></div><div class="battle-history"><small>The opposing Scizor restored HP using its Grassy Terrain!</small><br></div><div class="spacer battle-history"><br></div><h2 class="battle-history">Turn 37</h2><div class="spacer battle-history"><br></div><div class="battle-history">Diggersby, come back!<br></div><div class="battle-history">Go! <strong>Heatran</strong>!<br></div><div class="spacer battle-history"><br></div><div class="battle-history">The opposing Scizor used <strong>U-turn</strong>!<br></div><div class="battle-history"><small>It's not very effective...</small><br></div><div class="battle-history"><small>(Heatran lost <abbr title="−32/386">8.3%</abbr> of its health!)</small><br></div><div class="spacer battle-history"><br></div><div class="battle-history">The opposing Scizor went back to Driho!<br></div><div class="battle-history">Driho sent out Hoopa (<strong>Hoopa-Unbound</strong>)!<br></div><div class="spacer battle-history"><br></div><div class="battle-history"><small>The opposing Hoopa restored HP using its Grassy Terrain!</small><br></div><div class="battle-history"><small>Heatran restored a little HP using its Leftovers!</small><br></div><div class="battle-history"><small>Heatran restored HP using its Grassy Terrain!</small><br></div><div class="spacer battle-history"><br></div><h2 class="battle-history">Turn 38</h2><div class="spacer battle-history"><br></div><div class="battle-history">Heatran used <strong>Protect</strong>!<br></div><div class="battle-history"><small>Heatran protected itself!</small><br></div><div class="spacer battle-history"><br></div><div class="battle-history">The opposing Hoopa used <strong>Dark Pulse</strong>!<br></div><div class="battle-history"><small>Heatran protected itself!</small><br></div><div class="spacer battle-history"><br></div><div class="battle-history"><small>The opposing Hoopa restored HP using its Grassy Terrain!</small><br></div><div class="battle-history"><small>Heatran restored a little HP using its Leftovers!</small><br></div><div class="battle-history"><small>Heatran restored HP using its Grassy Terrain!</small><br></div><div class="battle-history"><small>The grass disappeared from the battlefield.</small><br></div><div class="spacer battle-history"><br></div><h2 class="battle-history">Turn 39</h2><div class="spacer battle-history"><br></div><div class="battle-history">Heatran, come back!<br></div><div class="battle-history">Go! <strong>Greninja</strong>!<br></div><div class="spacer battle-history"><br></div><div class="battle-history">The opposing Hoopa used <strong>Dark Pulse</strong>!<br></div><div class="battle-history"><small>It's not very effective...</small><br></div><div class="battle-history"><small>(Greninja lost <abbr title="−173/285">60.7%</abbr> of its health!)</small><br></div><div class="spacer battle-history"><br></div><h2 class="battle-history">Turn 40</h2><div class="spacer battle-history"><br></div><div class="battle-history">Driho withdrew Hoopa!<br></div><div class="battle-history">Driho sent out <strong>Tapu Koko</strong>!<br></div><div class="battle-history"><small>[The opposing Tapu Koko's Electric Surge]</small><br><small>An electric current runs across the battlefield!</small><br></div><div class="spacer battle-history"><br></div><div class="battle-history">Greninja used <strong>U-turn</strong>!<br></div><div class="battle-history"><small>It's not very effective...</small><br></div><div class="battle-history"><small>(The opposing Tapu Koko lost <abbr title="−26/281">9.3%</abbr> of its health!)</small><br></div><div class="spacer battle-history"><br></div><div class="battle-history">Greninja went back to jey2!<br></div><div class="battle-history">Go! <strong>Tapu Bulu</strong>!<br></div><div class="battle-history"><small>[Tapu Bulu's Grassy Surge]</small><br><small>Grass grew to cover the battlefield!</small><br></div><div class="spacer battle-history"><br></div><div class="battle-history"><small>The opposing Tapu Koko restored HP using its Grassy Terrain!</small><br></div><div class="battle-history"><small>Tapu Bulu restored HP using its Grassy Terrain!</small><br></div><div class="spacer battle-history"><br></div><h2 class="battle-history">Turn 41</h2><div class="spacer battle-history"><br></div><div class="battle-history">Tapu Bulu, come back!<br></div><div class="battle-history">Go! <strong>Heatran</strong>!<br></div><div class="spacer battle-history"><br></div><div class="battle-history">The opposing Tapu Koko used <strong>U-turn</strong>!<br></div><div class="battle-history"><small>It's not very effective...</small><br></div><div class="battle-history"><small>(Heatran lost <abbr title="−14/386">3.6%</abbr> of its health!)</small><br></div><div class="spacer battle-history"><br></div><div class="battle-history">The opposing Tapu Koko went back to Driho!<br></div><div class="battle-history">Driho sent out Hoopa (<strong>Hoopa-Unbound</strong>)!<br></div><div class="spacer battle-history"><br></div><div class="battle-history"><small>Heatran restored a little HP using its Leftovers!</small><br></div><div class="battle-history"><small>Heatran restored HP using its Grassy Terrain!</small><br></div><div class="spacer battle-history"><br></div><h2 class="battle-history">Turn 42</h2><div class="spacer battle-history"><br></div><div class="battle-history">Heatran used <strong>Protect</strong>!<br></div><div class="battle-history"><small>Heatran protected itself!</small><br></div><div class="spacer battle-history"><br></div><div class="battle-history">The opposing Hoopa used <strong>Dark Pulse</strong>!<br></div><div class="battle-history"><small>Heatran protected itself!</small><br></div><div class="spacer battle-history"><br></div><div class="battle-history"><small>Heatran restored a little HP using its Leftovers!</small><br></div><div class="battle-history"><small>Heatran restored HP using its Grassy Terrain!</small><br></div><div class="spacer battle-history"><br></div><h2 class="battle-history">Turn 43</h2><div class="spacer battle-history"><br></div><div class="battle-history">Heatran, come back!<br></div><div class="battle-history">Go! <strong>Tapu Bulu</strong>!<br></div><div class="spacer battle-history"><br></div><div class="battle-history">The opposing Hoopa used <strong>Dark Pulse</strong>!<br></div><div class="battle-history"><small>It's not very effective...</small><br></div><div class="battle-history"><small>(Tapu Bulu lost <abbr title="−96/343">28.0%</abbr> of its health!)</small><br></div><div class="spacer battle-history"><br></div><div class="battle-history"><small>Tapu Bulu restored HP using its Grassy Terrain!</small><br></div><div class="spacer battle-history"><br></div><h2 class="battle-history">Turn 44</h2><div class="spacer battle-history"><br></div><div class="battle-history">Driho withdrew Hoopa!<br></div><div class="battle-history">Driho sent out Scizor (<strong>Scizor-Mega</strong>)!<br></div><div class="spacer battle-history"><br></div><div class="battle-history">Tapu Bulu used <strong>Horn Leech</strong>!<br></div><div class="battle-history"><small>It's not very effective...</small><br></div><div class="battle-history"><small>(The opposing Scizor lost <abbr title="−30/343">8.7%</abbr> of its health!)</small><br></div><div class="battle-history"><small>The opposing Scizor had its energy drained!</small><br></div><div class="spacer battle-history"><br></div><div class="battle-history"><small>Tapu Bulu restored HP using its Grassy Terrain!</small><br></div><div class="battle-history"><small>The opposing Scizor restored HP using its Grassy Terrain!</small><br></div><div class="battle-history"><small>The grass disappeared from the battlefield.</small><br></div><div class="spacer battle-history"><br></div><h2 class="battle-history">Turn 45</h2><div class="spacer battle-history"><br></div><div class="battle-history">Tapu Bulu, come back!<br></div><div class="battle-history">Go! <strong>Heatran</strong>!<br></div><div class="spacer battle-history"><br></div><div class="battle-history">The opposing Scizor used <strong>Roost</strong>!<br></div><div class="battle-history"><small>The opposing Scizor restored its HP.</small><br></div><div class="spacer battle-history"><br></div><div class="battle-history"><small>Heatran restored a little HP using its Leftovers!</small><br></div><div class="spacer battle-history"><br></div><h2 class="battle-history">Turn 46</h2><div class="spacer battle-history"><br></div><div class="battle-history">Driho withdrew Scizor!<br></div><div class="battle-history">Driho sent out <strong>Victini</strong>!<br></div><div class="spacer battle-history"><br></div><div class="battle-history">Heatran used <strong>Magma Storm</strong>!<br></div><div class="battle-history"><small>It's not very effective...</small><br></div><div class="battle-history"><small>(The opposing Victini lost <abbr title="−71/341">20.8%</abbr> of its health!)</small><br></div><div class="battle-history"><small>The opposing Victini became trapped by swirling magma!</small><br></div><div class="spacer battle-history"><br></div><div class="battle-history"><small>Heatran restored a little HP using its Leftovers!</small><br></div><div class="battle-history"><small>The opposing Victini is hurt by Magma Storm!</small><br></div><div class="spacer battle-history"><br></div><h2 class="battle-history">Turn 47</h2><div class="spacer battle-history"><br></div><div class="battle-history">Heatran used <strong>Protect</strong>!<br></div><div class="battle-history"><small>Heatran protected itself!</small><br></div><div class="spacer battle-history"><br></div><div class="battle-history">The opposing Victini used <strong>Bolt Strike</strong>!<br></div><div class="battle-history"><small>Heatran protected itself!</small><br></div><div class="spacer battle-history"><br></div><div class="battle-history"><small>Heatran restored a little HP using its Leftovers!</small><br></div><div class="battle-history"><small>The opposing Victini is hurt by Magma Storm!</small><br></div><div class="spacer battle-history"><br></div><h2 class="battle-history">Turn 48</h2><div class="spacer battle-history"><br></div><div class="battle-history">Heatran, come back!<br></div><div class="battle-history">Go! <strong>Diggersby</strong>!<br></div><div class="spacer battle-history"><br></div><div class="battle-history">The opposing Victini used <strong>Bolt Strike</strong>!<br></div><div class="battle-history"><small>It doesn't affect Diggersby...</small><br></div><div class="spacer battle-history"><br></div><h2 class="battle-history">Turn 49</h2><div class="spacer battle-history"><br></div><div class="battle-history">Driho withdrew Victini!<br></div><div class="battle-history">Driho sent out Scizor (<strong>Scizor-Mega</strong>)!<br></div><div class="spacer battle-history"><br></div><div class="battle-history">Diggersby used <strong>Earthquake</strong>!<br></div><div class="battle-history"><small>(The opposing Scizor lost <abbr title="−222/343">64.7%</abbr> of its health!)</small><br></div><div class="spacer battle-history"><br></div><h2 class="battle-history">Turn 50</h2><div class="spacer battle-history"><br></div><div class="battle-history">Diggersby, come back!<br></div><div class="battle-history">Go! <strong>Heatran</strong>!<br></div><div class="spacer battle-history"><br></div><div class="battle-history">The opposing Scizor used <strong>Bullet Punch</strong>!<br></div><div class="battle-history"><small>It's not very effective...</small><br></div><div class="battle-history"><small>(Heatran lost <abbr title="−25/386">6.5%</abbr> of its health!)</small><br></div><div class="spacer battle-history"><br></div><div class="battle-history"><small>Heatran restored a little HP using its Leftovers!</small><br></div><div class="spacer battle-history"><br></div><h2 class="battle-history">Turn 51</h2><div class="spacer battle-history"><br></div><div class="battle-history">Heatran used <strong>Earth Power</strong>!<br></div><div class="battle-history"><small>(The opposing Scizor lost <abbr title="−84/343">24.5%</abbr> of its health!)</small><br></div><div class="spacer battle-history"><br></div><div class="battle-history">The opposing Scizor fainted!<br></div><div class="spacer battle-history"><br></div><div class="battle-history"><small>Heatran restored a little HP using its Leftovers!</small><br></div><div class="spacer battle-history"><br></div><div class="battle-history">Driho sent out Hoopa (<strong>Hoopa-Unbound</strong>)!<br></div><div class="spacer battle-history"><br></div><h2 class="battle-history">Turn 52</h2><div class="spacer battle-history"><br></div><div class="battle-history">Driho withdrew Hoopa!<br></div><div class="battle-history">Driho sent out <strong>Tapu Koko</strong>!<br></div><div class="battle-history"><small>[The opposing Tapu Koko's Electric Surge]</small><br><small>An electric current runs across the battlefield!</small><br></div><div class="spacer battle-history"><br></div><div class="battle-history">Heatran used <strong>Protect</strong>!<br></div><div class="battle-history"><small>But it failed!</small><br></div><div class="spacer battle-history"><br></div><div class="battle-history"><small>Heatran restored a little HP using its Leftovers!</small><br></div><div class="spacer battle-history"><br></div><h2 class="battle-history">Turn 53</h2><div class="spacer battle-history"><br></div><div class="battle-history">Heatran, come back!<br></div><div class="battle-history">Go! <strong>Tapu Bulu</strong>!<br></div><div class="battle-history"><small>[Tapu Bulu's Grassy Surge]</small><br><small>Grass grew to cover the battlefield!</small><br></div><div class="spacer battle-history"><br></div><div class="battle-history">The opposing Tapu Koko used <strong>U-turn</strong>!<br></div><div class="battle-history"><small>(Tapu Bulu lost <abbr title="−47/343">13.7%</abbr> of its health!)</small><br></div><div class="spacer battle-history"><br></div><div class="battle-history">The opposing Tapu Koko went back to Driho!<br></div><div class="battle-history">Driho sent out <strong>Victini</strong>!<br></div><div class="spacer battle-history"><br></div><div class="battle-history"><small>The opposing Victini restored HP using its Grassy Terrain!</small><br></div><div class="battle-history"><small>Tapu Bulu restored HP using its Grassy Terrain!</small><br></div><div class="spacer battle-history"><br></div><h2 class="battle-history">Turn 54</h2><div class="spacer battle-history"><br></div><div class="battle-history">Tapu Bulu, come back!<br></div><div class="battle-history">Go! <strong>Heatran</strong>!<br></div><div class="spacer battle-history"><br></div><div class="battle-history">The opposing Victini used <strong>U-turn</strong>!<br></div><div class="battle-history"><small>It's not very effective...</small><br></div><div class="battle-history"><small>(Heatran lost <abbr title="−25/386">6.5%</abbr> of its health!)</small><br></div><div class="spacer battle-history"><br></div><div class="battle-history">The opposing Victini went back to Driho!<br></div><div class="battle-history">Driho sent out <strong>Tapu Koko</strong>!<br></div><div class="battle-history"><small>[The opposing Tapu Koko's Electric Surge]</small><br><small>An electric current runs across the battlefield!</small><br></div><div class="spacer battle-history"><br></div><div class="battle-history"><small>Heatran restored a little HP using its Leftovers!</small><br></div><div class="spacer battle-history"><br></div><h2 class="battle-history">Turn 55</h2><div class="spacer battle-history"><br></div><div class="battle-history">The opposing Tapu Koko used <strong>Volt Switch</strong>!<br></div><div class="battle-history"><small>(Heatran lost <abbr title="−151/386">39.1%</abbr> of its health!)</small><br></div><div class="spacer battle-history"><br></div><div class="battle-history">The opposing Tapu Koko went back to Driho!<br></div><div class="battle-history">Driho sent out Hoopa (<strong>Hoopa-Unbound</strong>)!<br></div><div class="spacer battle-history"><br></div><div class="battle-history">Heatran used <strong>Earth Power</strong>!<br></div><div class="battle-history"><small>(The opposing Hoopa lost <abbr title="−70/301">23.3%</abbr> of its health!)</small><br></div><div class="spacer battle-history"><br></div><div class="battle-history"><small>Heatran restored a little HP using its Leftovers!</small><br></div><div class="spacer battle-history"><br></div><h2 class="battle-history">Turn 56</h2><div class="spacer battle-history"><br></div><div class="battle-history">Heatran used <strong>Protect</strong>!<br></div><div class="battle-history"><small>Heatran protected itself!</small><br></div><div class="spacer battle-history"><br></div><div class="battle-history">The opposing Hoopa used <strong>Dark Pulse</strong>!<br></div><div class="battle-history"><small>Heatran protected itself!</small><br></div><div class="spacer battle-history"><br></div><div class="battle-history"><small>Heatran restored a little HP using its Leftovers!</small><br></div><div class="spacer battle-history"><br></div><h2 class="battle-history">Turn 57</h2><div class="spacer battle-history"><br></div><div class="battle-history">Driho withdrew Hoopa!<br></div><div class="battle-history">Driho sent out <strong>Victini</strong>!<br></div><div class="spacer battle-history"><br></div><div class="battle-history">Heatran, come back!<br></div><div class="battle-history">Go! <strong>Tapu Bulu</strong>!<br></div><div class="battle-history"><small>[Tapu Bulu's Grassy Surge]</small><br><small>Grass grew to cover the battlefield!</small><br></div><div class="spacer battle-history"><br></div><div class="battle-history"><small>The opposing Victini restored HP using its Grassy Terrain!</small><br></div><div class="battle-history"><small>Tapu Bulu restored HP using its Grassy Terrain!</small><br></div><div class="spacer battle-history"><br></div><h2 class="battle-history">Turn 58</h2><div class="spacer battle-history"><br></div><div class="battle-history">Tapu Bulu, come back!<br></div><div class="battle-history">Go! <strong>Heatran</strong>!<br></div><div class="spacer battle-history"><br></div><div class="battle-history">The opposing Victini used <strong>Bolt Strike</strong>!<br></div><div class="battle-history"><small>(Heatran lost <abbr title="−183/386">47.4%</abbr> of its health!)</small><br></div><div class="spacer battle-history"><br></div><div class="battle-history"><small>The opposing Victini restored HP using its Grassy Terrain!</small><br></div><div class="battle-history"><small>Heatran restored a little HP using its Leftovers!</small><br></div><div class="battle-history"><small>Heatran restored HP using its Grassy Terrain!</small><br></div><div class="spacer battle-history"><br></div><h2 class="battle-history">Turn 59</h2><div class="spacer battle-history"><br></div><div class="battle-history">Driho withdrew Victini!<br></div><div class="battle-history">Driho sent out Hoopa (<strong>Hoopa-Unbound</strong>)!<br></div><div class="spacer battle-history"><br></div><div class="battle-history">Heatran used <strong>Protect</strong>!<br></div><div class="battle-history"><small>But it failed!</small><br></div><div class="spacer battle-history"><br></div><div class="battle-history"><small>The opposing Hoopa restored HP using its Grassy Terrain!</small><br></div><div class="battle-history"><small>Heatran restored a little HP using its Leftovers!</small><br></div><div class="battle-history"><small>Heatran restored HP using its Grassy Terrain!</small><br></div><div class="spacer battle-history"><br></div><h2 class="battle-history">Turn 60</h2><div class="spacer battle-history"><br></div><div class="battle-history">Heatran used <strong>Protect</strong>!<br></div><div class="battle-history"><small>Heatran protected itself!</small><br></div><div class="spacer battle-history"><br></div><div class="battle-history">The opposing Hoopa used <strong>Dark Pulse</strong>!<br></div><div class="battle-history"><small>Heatran protected itself!</small><br></div><div class="spacer battle-history"><br></div><div class="battle-history"><small>The opposing Hoopa restored HP using its Grassy Terrain!</small><br></div><div class="battle-history"><small>Heatran restored a little HP using its Leftovers!</small><br></div><div class="battle-history"><small>Heatran restored HP using its Grassy Terrain!</small><br></div><div class="spacer battle-history"><br></div><h2 class="battle-history">Turn 61</h2><div class="spacer battle-history"><br></div><div class="battle-history">Driho withdrew Hoopa!<br></div><div class="battle-history">Driho sent out <strong>Victini</strong>!<br></div><div class="spacer battle-history"><br></div><div class="battle-history">Heatran, come back!<br></div><div class="battle-history">Go! <strong>Tapu Bulu</strong>!<br></div><div class="spacer battle-history"><br></div><div class="battle-history"><small>The opposing Victini restored HP using its Grassy Terrain!</small><br></div><div class="battle-history"><small>Tapu Bulu restored HP using its Grassy Terrain!</small><br></div><div class="battle-history"><small>The grass disappeared from the battlefield.</small><br></div><div class="spacer battle-history"><br></div><h2 class="battle-history">Turn 62</h2><div class="spacer battle-history"><br></div><div class="battle-history">Tapu Bulu, come back!<br></div><div class="battle-history">Go! <strong>Diggersby</strong>!<br></div><div class="spacer battle-history"><br></div><div class="battle-history">The opposing Victini used <strong>U-turn</strong>!<br></div><div class="battle-history"><small>(Diggersby lost <abbr title="−52/311">16.7%</abbr> of its health!)</small><br></div><div class="spacer battle-history"><br></div><div class="battle-history">Diggersby fainted!<br></div><div class="spacer battle-history"><br></div><div class="battle-history">The opposing Victini went back to Driho!<br></div><div class="battle-history">Driho sent out Hoopa (<strong>Hoopa-Unbound</strong>)!<br></div><div class="spacer battle-history"><br></div><div class="battle-history">Go! <strong>Greninja</strong>!<br></div><div class="spacer battle-history"><br></div><h2 class="battle-history">Turn 63</h2><div class="spacer battle-history"><br></div><div class="battle-history">Greninja used <strong>Surf</strong>!<br></div><div class="battle-history"><small>(The opposing Hoopa lost <abbr title="−151/301">50.2%</abbr> of its health!)</small><br></div><div class="spacer battle-history"><br></div><div class="battle-history">The opposing Hoopa used <strong>Dark Pulse</strong>!<br></div><div class="battle-history"><small>It's not very effective...</small><br></div><div class="battle-history"><small>(Greninja lost <abbr title="−59/285">20.7%</abbr> of its health!)</small><br></div><div class="spacer battle-history"><br></div><div class="battle-history">Greninja fainted!<br></div><div class="chat chatmessage-driho"><strong style="color:hsl(341,43%,52.24878289296294%)"><small>☆</small><span class="username" data-name="Driho">Driho</span>:</strong> <em>joder jey</em></div><div class="spacer battle-history"><br></div><div class="battle-history">Go! <strong>Tapu Bulu</strong>!<br></div><div class="battle-history"><small>[Tapu Bulu's Grassy Surge]</small><br><small>Grass grew to cover the battlefield!</small><br></div><div class="spacer battle-history"><br></div><h2 class="battle-history">Turn 64</h2><div class="chat chatmessage-driho"><strong style="color:hsl(341,43%,52.24878289296294%)"><small>☆</small><span class="username" data-name="Driho">Driho</span>:</strong> <em>te estoy leyendo como un libro</em></div><div class="chat chatmessage-jey2"><strong style="color:hsl(189,76%,38%)"><small>☆</small><span class="username" data-name="jey2">jey2</span>:</strong> <em>no es eso , es que hay jugadas obvias que es diferente</em></div><div class="chat chatmessage-driho"><strong style="color:hsl(341,43%,52.24878289296294%)"><small>☆</small><span class="username" data-name="Driho">Driho</span>:</strong> <em>si srry</em></div><div class="chat chatmessage-driho"><strong style="color:hsl(341,43%,52.24878289296294%)"><small>☆</small><span class="username" data-name="Driho">Driho</span>:</strong> <em>pero estoy jugandote mejor que nunca eso si</em></div><div class="chat chatmessage-driho"><strong style="color:hsl(341,43%,52.24878289296294%)"><small>☆</small><span class="username" data-name="Driho">Driho</span>:</strong> <em>siempre te me adelantas tu</em></div><div class="chat chatmessage-driho"><strong style="color:hsl(341,43%,52.24878289296294%)"><small>☆</small><span class="username" data-name="Driho">Driho</span>:</strong> <em>ahora por lo menos voy decente</em></div><div class="chat chatmessage-driho"><strong style="color:hsl(341,43%,52.24878289296294%)"><small>☆</small><span class="username" data-name="Driho">Driho</span>:</strong> <em>igual ahora lo tengo dificil</em></div><div class="chat chatmessage-driho"><strong style="color:hsl(341,43%,52.24878289296294%)"><small>☆</small><span class="username" data-name="Driho">Driho</span>:</strong> <em>si no juego bien pierdo</em></div><div class="chat chatmessage-jey2"><strong style="color:hsl(189,76%,38%)"><small>☆</small><span class="username" data-name="jey2">jey2</span>:</strong> <em>veremos</em></div><div class="chat chatmessage-driho"><strong style="color:hsl(341,43%,52.24878289296294%)"><small>☆</small><span class="username" data-name="Driho">Driho</span>:</strong> <em>creo q si que pierdo haga lo que haga</em></div><div class="spacer battle-history"><br></div><div class="battle-history">Driho withdrew Hoopa!<br></div><div class="battle-history">Driho sent out <strong>Tapu Koko</strong>!<br></div><div class="battle-history"><small>[The opposing Tapu Koko's Electric Surge]</small><br><small>An electric current runs across the battlefield!</small><br></div><div class="spacer battle-history"><br></div><div class="battle-history">Tapu Bulu, come back!<br></div><div class="battle-history">Go! <strong>Heatran</strong>!<br></div><div class="spacer battle-history"><br></div><div class="battle-history"><small>Heatran restored a little HP using its Leftovers!</small><br></div><div class="spacer battle-history"><br></div><h2 class="battle-history">Turn 65</h2><div class="spacer battle-history"><br></div><div class="battle-history">Heatran used <strong>Protect</strong>!<br></div><div class="battle-history"><small>Heatran protected itself!</small><br></div><div class="spacer battle-history"><br></div><div class="battle-history">The opposing Tapu Koko used <strong>Volt Switch</strong>!<br></div><div class="battle-history"><small>Heatran protected itself!</small><br></div><div class="spacer battle-history"><br></div><div class="battle-history"><small>Heatran restored a little HP using its Leftovers!</small><br></div><div class="spacer battle-history"><br></div><h2 class="battle-history">Turn 66</h2><div class="spacer battle-history"><br></div><div class="battle-history">The opposing Tapu Koko used <strong>Thunderbolt</strong>!<br></div><div class="battle-history"><small>(Heatran lost <abbr title="−193/386">50%</abbr> of its health!)</small><br></div><div class="spacer battle-history"><br></div><div class="battle-history">Heatran used <strong>Magma Storm</strong>!<br></div><div class="battle-history"><small>The opposing Tapu Koko avoided the attack!</small><br></div><div class="spacer battle-history"><br></div><div class="battle-history"><small>Heatran restored a little HP using its Leftovers!</small><br></div><div class="spacer battle-history"><br></div><h2 class="battle-history">Turn 67</h2><div class="spacer battle-history"><br></div><div class="battle-history">Heatran used <strong>Protect</strong>!<br></div><div class="battle-history"><small>Heatran protected itself!</small><br></div><div class="spacer battle-history"><br></div><div class="battle-history">The opposing Tapu Koko used <strong>Volt Switch</strong>!<br></div><div class="battle-history"><small>Heatran protected itself!</small><br></div><div class="spacer battle-history"><br></div><div class="battle-history"><small>Heatran restored a little HP using its Leftovers!</small><br></div><div class="spacer battle-history"><br></div><h2 class="battle-history">Turn 68</h2><div class="spacer battle-history"><br></div><div class="battle-history">The opposing Tapu Koko used <strong>Volt Switch</strong>!<br></div><div class="battle-history"><small>(Heatran lost <abbr title="−130/386">33.7%</abbr> of its health!)</small><br></div><div class="spacer battle-history"><br></div><div class="battle-history">Heatran fainted!<br></div><div class="chat chatmessage-driho"><strong style="color:hsl(341,43%,52.24878289296294%)"><small>☆</small><span class="username" data-name="Driho">Driho</span>:</strong> <em>gg</em></div><div class="spacer battle-history"><br></div><div class="battle-history">The opposing Tapu Koko went back to Driho!<br></div><div class="battle-history">Driho sent out <strong>Victini</strong>!<br></div><div class="spacer battle-history"><br></div><div class="battle-history"><small>The electricity disappeared from the battlefield.</small><br></div><div class="chat chatmessage-jey2"><strong style="color:hsl(189,76%,38%)"><small>☆</small><span class="username" data-name="jey2">jey2</span>:</strong> <em>pude haber ganado hace 300 turnos</em></div><div class="chat chatmessage-jey2"><strong style="color:hsl(189,76%,38%)"><small>☆</small><span class="username" data-name="jey2">jey2</span>:</strong> <em>pero to esos magma miss</em></div><div class="chat chatmessage-driho"><strong style="color:hsl(341,43%,52.24878289296294%)"><small>☆</small><span class="username" data-name="Driho">Driho</span>:</strong> <em>va jey no te pongas asi si siempre me ganas xD</em></div><div class="chat chatmessage-driho"><strong style="color:hsl(341,43%,52.24878289296294%)"><small>☆</small><span class="username" data-name="Driho">Driho</span>:</strong> <em>pa una vez que gano yo dejame ser feliz :v</em></div><div class="chat chatmessage-jey2"><strong style="color:hsl(189,76%,38%)"><small>☆</small><span class="username" data-name="jey2">jey2</span>:</strong> <em>estoy normal, solo te estoy diciendo eh bro</em></div><div class="chat chatmessage-jey2"><strong style="color:hsl(189,76%,38%)"><small>☆</small><span class="username" data-name="jey2">jey2</span>:</strong> <em>el que me costó el gane</em></div><div class="chat chatmessage-jey2"><strong style="color:hsl(189,76%,38%)"><small>☆</small><span class="username" data-name="jey2">jey2</span>:</strong> <em>Game</em></div><div class="chat chatmessage-driho"><strong style="color:hsl(341,43%,52.24878289296294%)"><small>☆</small><span class="username" data-name="Driho">Driho</span>:</strong> <em>vale todo bien hermano</em></div><div class="chat chatmessage-jey2"><strong style="color:hsl(189,76%,38%)"><small>☆</small><span class="username" data-name="jey2">jey2</span>:</strong> <em>a qué no sabes cual fue ?</em></div><div class="chat chatmessage-driho"><strong style="color:hsl(341,43%,52.24878289296294%)"><small>☆</small><span class="username" data-name="Driho">Driho</span>:</strong> <em>sinceramente de 68 turnos y concentrandome en hacer buenas jugadas me he perdido</em></div><div class="chat chatmessage-jey2"><strong style="color:hsl(189,76%,38%)"><small>☆</small><span class="username" data-name="jey2">jey2</span>:</strong> <em>en el miss de magma a rotom que rotom moría y no quitaba las rocas</em></div><div class="chat chatmessage-driho"><strong style="color:hsl(341,43%,52.24878289296294%)"><small>☆</small><span class="username" data-name="Driho">Driho</span>:</strong> <em>ah</em></div><div class="chat chatmessage-driho"><strong style="color:hsl(341,43%,52.24878289296294%)"><small>☆</small><span class="username" data-name="Driho">Driho</span>:</strong> <em>pues si que puede ser, no digo nada</em></div><div class="spacer battle-history"><br></div><div class="battle-history"><small>jey2 se rindió.</small><br></div><div class="spacer battle-history"><br></div><div class="battle-history"><strong>Driho</strong> won the battle!<br></div></div><div class="inner-preempt"></div></div></div>
</div>
<script>
let daily = Math.floor(Date.now()/1000/60/60/24);document.write('<script src="https://play.pokemonshowdown.com/js/replay-embed.js?version'+daily+'"></'+'script>');
</script>
