<!DOCTYPE html>
<meta charset="utf-8" />
<!-- version 1 -->
<title>OU replay: zen0220 vs. jan suchiru</title>
<style>
html,body {font-family:Verdana, sans-serif;font-size:10pt;margin:0;padding:0;}body{padding:12px 0;} .battle-log {font-family:Verdana, sans-serif;font-size:10pt;} .battle-log-inline {border:1px solid #AAAAAA;background:#EEF2F5;color:black;max-width:640px;margin:0 auto 80px;padding-bottom:5px;} .battle-log .inner {padding:4px 8px 0px 8px;} .battle-log .inner-preempt {padding:0 8px 4px 8px;} .battle-log .inner-after {margin-top:0.5em;} .battle-log h2 {margin:0.5em -8px;padding:4px 8px;border:1px solid #AAAAAA;background:#E0E7EA;border-left:0;border-right:0;font-family:Verdana, sans-serif;font-size:13pt;} .battle-log .chat {vertical-align:middle;padding:3px 0 3px 0;font-size:8pt;} .battle-log .chat strong {color:#40576A;} .battle-log .chat em {padding:1px 4px 1px 3px;color:#000000;font-style:normal;} .chat.mine {background:rgba(0,0,0,0.05);margin-left:-8px;margin-right:-8px;padding-left:8px;padding-right:8px;} .spoiler {color:#BBBBBB;background:#BBBBBB;padding:0px 3px;} .spoiler:hover, .spoiler:active, .spoiler-shown {color:#000000;background:#E2E2E2;padding:0px 3px;} .spoiler a {color:#BBBBBB;} .spoiler:hover a, .spoiler:active a, .spoiler-shown a {color:#2288CC;} .chat code, .chat .spoiler:hover code, .chat .spoiler:active code, .chat .spoiler-shown code {border:1px solid #C0C0C0;background:#EEEEEE;color:black;padding:0 2px;} .chat .spoiler code {border:1px solid #CCCCCC;background:#CCCCCC;color:#CCCCCC;} .battle-log .rated {padding:3px 4px;} .battle-log .rated strong {color:white;background:#89A;padding:1px 4px;border-radius:4px;} .spacer {margin-top:0.5em;} .message-announce {background:#6688AA;color:white;padding:1px 4px 2px;} .message-announce a, .broadcast-green a, .broadcast-blue a, .broadcast-red a {color:#DDEEFF;} .broadcast-green {background-color:#559955;color:white;padding:2px 4px;} .broadcast-blue {background-color:#6688AA;color:white;padding:2px 4px;} .infobox {border:1px solid #6688AA;padding:2px 4px;} .infobox-limited {max-height:200px;overflow:auto;overflow-x:hidden;} .broadcast-red {background-color:#AA5544;color:white;padding:2px 4px;} .message-learn-canlearn {font-weight:bold;color:#228822;text-decoration:underline;} .message-learn-cannotlearn {font-weight:bold;color:#CC2222;text-decoration:underline;} .message-effect-weak {font-weight:bold;color:#CC2222;} .message-effect-resist {font-weight:bold;color:#6688AA;} .message-effect-immune {font-weight:bold;color:#666666;} .message-learn-list {margin-top:0;margin-bottom:0;} .message-throttle-notice, .message-error {color:#992222;} .message-overflow, .chat small.message-overflow {font-size:0pt;} .message-overflow::before {font-size:9pt;content:'...';} .subtle {color:#3A4A66;}
</style>
<div class="wrapper replay-wrapper" style="max-width:1180px;margin:0 auto">
<input type="hidden" name="replayid" value="destiny-ou-482744" />
<div class="battle"></div><div class="battle-log"></div><div class="replay-controls"></div><div class="replay-controls-2"></div>
<h1 style="font-weight:normal;text-align:center"><strong>OU</strong><br /><a href="http://pokemonshowdown.com/users/zen0220" class="subtle" target="_blank">zen0220</a> vs. <a href="http://pokemonshowdown.com/users/jansuchiru" class="subtle" target="_blank">jan suchiru</a></h1>
<script type="text/plain" class="battle-log-data">|player|p1|zen0220|290
|teamsize|p1|6
|player|p2|jan suchiru|266
|teamsize|p2|6
|teamsize|p1|6
|teamsize|p2|6
|gametype|singles
|gen|7
|tier|OU
|seed|5300,27332,56832,63395
|rule|Cláusula-Mod de Dormir: solo puedes dormir a uno de tus oponentes a la vez.
|rule|Cláusula de Especie: Hasta un Pokémon de cada especie
|rule|Cláusula de Golpe Fulminante: los movimientos fulminantes (OHKO) estan prohibidos
|rule|Cláusula de Veleta: la habilidad Veleta está prohibida
|rule|Cláusula de Movimientos Evasivos: los movimientos de Evasión están prohibidos.
|rule|Cláusula de Batallas Eternas: forzar batallas eternas está prohibido
|clearpoke
|poke|p1|Marowak-Alola, M|item
|poke|p1|Jellicent, M, shiny|item
|poke|p1|Dhelmise|item
|poke|p1|Mimikyu, M|item
|poke|p1|Doublade, M|item
|poke|p1|Spiritomb, F, shiny|item
|poke|p2|Skarmory, M|item
|poke|p2|Klefki, M|item
|poke|p2|Excadrill, M|item
|poke|p2|Empoleon, M|item
|poke|p2|Magnezone|item
|poke|p2|Aggron, M|item
|teampreview|undefined
|choice|*team 623451|*
|choice|*|*team 213456
|choice|team 6, 2, 3, 4, 5, 1|team 2, 1, 3, 4, 5, 6
|
|start
|switch|p1a: Spiritomb|Spiritomb, F, shiny|304\/304
|switch|p2a: Klefki|Klefki, M|318\/318
|-ability|p1a: Spiritomb|Pressure
|turn|1
|choice|*move 4|*
|choice|*|*move 2
|choice|move trick|move lightscreen
|
|move|p2a: Klefki|Light Screen|p2a: Klefki
|-sidestart|p2: jan suchiru|move: Light Screen
|move|p1a: Spiritomb|Trick|p2a: Klefki
|-activate|p1a: Spiritomb|move: Trick|[of] p2a: Klefki
|-item|p2a: Klefki|Black Sludge|[from] move: Trick
|-item|p1a: Spiritomb|Light Clay|[from] move: Trick
|
|-damage|p2a: Klefki|279\/318|[from] item: Black Sludge
|upkeep
|turn|2
|choice|*|*move 3
|choice|*move 3|*
|choice|move calmmind|move reflect
|
|move|p2a: Klefki|Reflect|p2a: Klefki
|-sidestart|p2: jan suchiru|Reflect
|move|p1a: Spiritomb|Calm Mind|p1a: Spiritomb
|-boost|p1a: Spiritomb|spa|1
|-boost|p1a: Spiritomb|spd|1
|
|-damage|p2a: Klefki|240\/318|[from] item: Black Sludge
|upkeep
|turn|3
|choice|*move 3|*
|choice|*|*switch 2
|choice|move calmmind|switch 2
|
|switch|p2a: Skarmory|Skarmory, M|334\/334
|move|p1a: Spiritomb|Calm Mind|p1a: Spiritomb
|-boost|p1a: Spiritomb|spa|1
|-boost|p1a: Spiritomb|spd|1
|
|upkeep
|turn|4
|choice|*|*move 2
|choice|*move 2|*
|choice|move shadowball|move toxic
|
|move|p2a: Skarmory|Toxic|p1a: Spiritomb
|-status|p1a: Spiritomb|tox
|move|p1a: Spiritomb|Shadow Ball|p2a: Skarmory
|-damage|p2a: Skarmory|212\/334
|
|-damage|p1a: Spiritomb|285\/304 tox|[from] psn
|upkeep
|turn|5
|choice|*move 3|*
|choice|*|*move 4
|choice|move calmmind|move roost
|
|move|p2a: Skarmory|Roost|p2a: Skarmory
|-heal|p2a: Skarmory|334\/334
|move|p1a: Spiritomb|Calm Mind|p1a: Spiritomb
|-boost|p1a: Spiritomb|spa|1
|-boost|p1a: Spiritomb|spd|1
|
|-damage|p1a: Spiritomb|247\/304 tox|[from] psn
|upkeep
|turn|6
|choice|*move 2|*
|choice|*|*move 3
|choice|move shadowball|move stealthrock
|
|move|p2a: Skarmory|Stealth Rock|p1a: Spiritomb
|-sidestart|p1: zen0220|move: Stealth Rock
|move|p1a: Spiritomb|Shadow Ball|p2a: Skarmory
|-damage|p2a: Skarmory|192\/334
|
|-damage|p1a: Spiritomb|190\/304 tox|[from] psn
|-sideend|p2: jan suchiru|Reflect
|upkeep
|turn|7
|choice|*|*move 4
|choice|*move 2|*
|choice|move shadowball|move roost
|
|move|p2a: Skarmory|Roost|p2a: Skarmory
|-heal|p2a: Skarmory|334\/334
|move|p1a: Spiritomb|Shadow Ball|p2a: Skarmory
|-damage|p2a: Skarmory|182\/334
|
|-damage|p1a: Spiritomb|114\/304 tox|[from] psn
|upkeep
|turn|8
|choice|*move 1|*
|choice|*|*move 4
|choice|move painsplit|move roost
|
|move|p2a: Skarmory|Roost|p2a: Skarmory
|-heal|p2a: Skarmory|334\/334
|move|p1a: Spiritomb|Pain Split|p2a: Skarmory
|-sethp|p2a: Skarmory|224\/334|p1a: Spiritomb|224\/304 tox|[from] move: Pain Split
|
|-damage|p1a: Spiritomb|129\/304 tox|[from] psn
|-sideend|p2: jan suchiru|move: Light Screen
|upkeep
|turn|9
|choice|*move 2|*
|choice|*|*move 4
|choice|move shadowball|move roost
|
|move|p2a: Skarmory|Roost|p2a: Skarmory
|-heal|p2a: Skarmory|334\/334
|move|p1a: Spiritomb|Shadow Ball|p2a: Skarmory
|-damage|p2a: Skarmory|58\/334
|
|-damage|p1a: Spiritomb|15\/304 tox|[from] psn
|upkeep
|turn|10
|choice|*move 2|*
|choice|*|*switch 4
|choice|move shadowball|switch 4
|
|switch|p2a: Empoleon|Empoleon, M|310\/310
|move|p1a: Spiritomb|Shadow Ball|p2a: Empoleon
|-damage|p2a: Empoleon|202\/310
|
|-damage|p1a: Spiritomb|0 fnt|[from] psn
|upkeep
|faint|p1a: Spiritomb
|choice|*switch 3|*
|choice|switch 3|
|
|switch|p1a: Dhelmise|Dhelmise|344\/344
|-damage|p1a: Dhelmise|301\/344|[from] Stealth Rock
|turn|11
|choice|*move 1|*
|choice|*|*move 2
|choice|move anchorshot|move knockoff
|
|move|p2a: Empoleon|Knock Off|p1a: Dhelmise
|-supereffective|p1a: Dhelmise
|-damage|p1a: Dhelmise|177\/344
|-enditem|p1a: Dhelmise|Assault Vest|[from] move: Knock Off|[of] p2a: Empoleon
|move|p1a: Dhelmise|Anchor Shot|p2a: Empoleon
|-resisted|p2a: Empoleon
|-damage|p2a: Empoleon|169\/310
|-activate|p2a: Empoleon|trapped
|
|upkeep
|turn|12
|choice|*move 3|*
|choice|*|*move 4
|choice|move rapidspin|move icebeam
|
|move|p2a: Empoleon|Ice Beam|p1a: Dhelmise
|-supereffective|p1a: Dhelmise
|-damage|p1a: Dhelmise|21\/344
|-status|p1a: Dhelmise|frz
|cant|p1a: Dhelmise|frz
|
|upkeep
|turn|13
|choice|*|*move 2
|choice|*move 4|*
|choice|move powerwhip|move knockoff
|
|move|p2a: Empoleon|Knock Off|p1a: Dhelmise
|-supereffective|p1a: Dhelmise
|-damage|p1a: Dhelmise|0 fnt
|faint|p1a: Dhelmise
|
|upkeep
|choice|*switch 2|*
|choice|switch 2|
|
|switch|p1a: Jellicent|Jellicent, M, shiny|404\/404
|-damage|p1a: Jellicent|354\/404|[from] Stealth Rock
|turn|14
|choice|*move 2|*
|choice|*|*move 2
|choice|move scald|move knockoff
|
|move|p1a: Jellicent|Scald|p2a: Empoleon
|-resisted|p2a: Empoleon
|-damage|p2a: Empoleon|150\/310
|move|p2a: Empoleon|Knock Off|p1a: Jellicent
|-supereffective|p1a: Jellicent
|-damage|p1a: Jellicent|200\/404
|-enditem|p1a: Jellicent|Leftovers|[from] move: Knock Off|[of] p2a: Empoleon
|
|upkeep
|turn|15
|choice|*move 1|*
|choice|*|*move 3
|choice|move recover|move grassknot
|
|move|p2a: Empoleon|Grass Knot|p1a: Jellicent
|-supereffective|p1a: Jellicent
|-damage|p1a: Jellicent|38\/404
|move|p1a: Jellicent|Recover|p1a: Jellicent
|-heal|p1a: Jellicent|240\/404
|
|upkeep
|turn|16
|choice|*|*switch 5
|choice|*move 1|*
|choice|move recover|switch 5
|
|switch|p2a: Magnezone|Magnezone|281\/281
|move|p1a: Jellicent|Recover|p1a: Jellicent
|-heal|p1a: Jellicent|404\/404
|
|upkeep
|turn|17
|choice|*move 2|*
|choice|*|*move 1
|choice|move scald|move thunderbolt
|
|move|p2a: Magnezone|Thunderbolt|p1a: Jellicent
|-supereffective|p1a: Jellicent
|-damage|p1a: Jellicent|0 fnt
|faint|p1a: Jellicent
|
|upkeep
|choice|*switch 6|*
|choice|switch 6|
|
|switch|p1a: Marowak|Marowak-Alola, M|324\/324
|-damage|p1a: Marowak|243\/324|[from] Stealth Rock
|turn|18
|choice|*move 2|*
|choice|*move 3|*
|choice|*|*switch 4
|choice|move shadowbone|switch 4
|
|switch|p2a: Skarmory|Skarmory, M|58\/334
|move|p1a: Marowak|Shadow Bone|p2a: Skarmory
|-damage|p2a: Skarmory|0 fnt
|faint|p2a: Skarmory
|
|upkeep
|choice|*|*switch 2
|choice||switch 2
|
|switch|p2a: Klefki|Klefki, M|240\/318
|turn|19
|choice|*move 2|*
|choice|*|*move 3
|choice|move flareblitz|move reflect
|
|move|p2a: Klefki|Reflect|p2a: Klefki
|-sidestart|p2: jan suchiru|Reflect
|move|p1a: Marowak|Flare Blitz|p2a: Klefki
|-supereffective|p2a: Klefki
|-damage|p2a: Klefki|0 fnt
|faint|p2a: Klefki
|
|upkeep
|choice|*|*switch 3
|choice||switch 3
|
|switch|p2a: Excadrill|Excadrill, M|362\/362
|-ability|p2a: Excadrill|Mold Breaker
|turn|20
|choice|*|*move 2
|choice|*move 2|*
|choice|move flareblitz|move earthquake
|
|move|p2a: Excadrill|Earthquake|p1a: Marowak
|-supereffective|p1a: Marowak
|-damage|p1a: Marowak|0 fnt
|faint|p1a: Marowak
|
|upkeep
|choice|*switch 5|*
|choice|switch 5|
|
|switch|p1a: Doublade|Doublade, M|322\/322
|-damage|p1a: Doublade|302\/322|[from] Stealth Rock
|turn|21
|choice|*|*move 2
|choice|*move 2|*
|choice|move swordsdance|move earthquake
|
|move|p2a: Excadrill|Earthquake|p1a: Doublade
|-supereffective|p1a: Doublade
|-damage|p1a: Doublade|108\/322
|move|p1a: Doublade|Swords Dance|p1a: Doublade
|-boost|p1a: Doublade|atk|2
|
|upkeep
|turn|22
|choice|*|*move 2
|choice|*move 4|*
|choice|move shadowsneak|move earthquake
|
|move|p1a: Doublade|Shadow Sneak|p2a: Excadrill
|-damage|p2a: Excadrill|263\/362
|move|p2a: Excadrill|Earthquake|p1a: Doublade
|-supereffective|p1a: Doublade
|-damage|p1a: Doublade|0 fnt
|faint|p1a: Doublade
|
|upkeep
|choice|*switch 4|*
|choice|switch 4|
|
|switch|p1a: Mimikyu|Mimikyu, M|314\/314
|-damage|p1a: Mimikyu|275\/314|[from] Stealth Rock
|turn|23
|choice|*move 2|*
|choice|*|*move 2
|choice|move willowisp|move earthquake
|
|move|p2a: Excadrill|Earthquake|p1a: Mimikyu
|-damage|p1a: Mimikyu|118\/314
|-enditem|p1a: Mimikyu|Red Card|[of] p2a: Excadrill
|drag|p2a: Empoleon|Empoleon, M|150\/310
|move|p1a: Mimikyu|Will-O-Wisp|p2a: Empoleon
|-status|p2a: Empoleon|brn
|
|-damage|p2a: Empoleon|131\/310 brn|[from] brn
|-sideend|p2: jan suchiru|Reflect
|upkeep
|turn|24
|choice|*|*move 2
|choice|*move 4|*
|choice|move bulkup|move knockoff
|
|move|p1a: Mimikyu|Bulk Up|p1a: Mimikyu
|-boost|p1a: Mimikyu|atk|1
|-boost|p1a: Mimikyu|def|1
|move|p2a: Empoleon|Knock Off|p1a: Mimikyu
|-activate|p1a: Mimikyu|ability: Disguise
|-damage|p1a: Mimikyu|118\/314
|detailschange|p1a: Mimikyu|Mimikyu-Busted, M
|
|-damage|p2a: Empoleon|112\/310 brn|[from] brn
|upkeep
|turn|25
|choice|*|*move 1
|choice|*move 1|*
|choice|move playrough|move surf
|
|move|p1a: Mimikyu|Play Rough|p2a: Empoleon
|-resisted|p2a: Empoleon
|-damage|p2a: Empoleon|49\/310 brn
|-unboost|p2a: Empoleon|atk|1
|-ability|p2a: Empoleon|Defiant|boost
|-boost|p2a: Empoleon|atk|2
|move|p2a: Empoleon|Surf|p1a: Mimikyu
|-damage|p1a: Mimikyu|15\/314
|
|-damage|p2a: Empoleon|30\/310 brn|[from] brn
|upkeep
|turn|26
|choice|*move 3|*
|choice|*|*move 1
|choice|move shadowsneak|move surf
|
|move|p1a: Mimikyu|Shadow Sneak|p2a: Empoleon
|-damage|p2a: Empoleon|0 fnt
|faint|p2a: Empoleon
|
|upkeep
|choice|*|*switch 6
|choice||switch 6
|
|switch|p2a: Aggron|Aggron, M|282\/282
|turn|27
|choice|*|*move 3
|choice|*move 1|*
|choice|*|*move 1 mega
|choice|move playrough|move heavyslam mega
|
|-mega|p2a: Aggron|Aggron|Aggronite
|detailschange|p2a: Aggron|Aggron-Mega, M
|move|p1a: Mimikyu|Play Rough|p2a: Aggron
|-resisted|p2a: Aggron
|-damage|p2a: Aggron|246\/282
|move|p2a: Aggron|Heavy Slam|p1a: Mimikyu
|-supereffective|p1a: Mimikyu
|-crit|p1a: Mimikyu
|-damage|p1a: Mimikyu|0 fnt
|faint|p1a: Mimikyu
|
|win|jan suchiru
</script>
</div>
<div class="battle-log battle-log-inline"><div class="inner"><div class="battle-options"></div><div class="inner"><div class=""><small>Format:</small> <br><strong>OU</strong></div><div class=""><small><em>Cláusula-Mod de Dormir:</em> solo puedes dormir a uno de tus oponentes a la vez.</small></div><div class=""><small><em>Cláusula de Especie:</em> Hasta un Pokémon de cada especie</small></div><div class=""><small><em>Cláusula de Golpe Fulminante:</em> los movimientos fulminantes (OHKO) estan prohibidos</small></div><div class=""><small><em>Cláusula de Veleta:</em> la habilidad Veleta está prohibida</small></div><div class=""><small><em>Cláusula de Movimientos Evasivos:</em> los movimientos de Evasión están prohibidos.</small></div><div class=""><small><em>Cláusula de Batallas Eternas:</em> forzar batallas eternas está prohibido</small></div><div class="chat battle-history"><strong>zen0220's team:</strong> <em style="color:#445566;display:block;">Marowak-Alola / Jellicent / Dhelmise / Mimikyu / Doublade / Spiritomb</em></div><div class="chat battle-history"><strong>jan suchiru's team:</strong> <em style="color:#445566;display:block;">Skarmory / Klefki / Excadrill / Empoleon / Magnezone / Aggron</em></div><div class="spacer battle-history"><br></div><div class="battle-history">Battle started between zen0220 and jan suchiru!<br></div><div class="spacer battle-history"><br></div><div class="battle-history">Go! <strong>Spiritomb</strong>!<br></div><div class="spacer battle-history"><br></div><div class="battle-history">jan suchiru sent out <strong>Klefki</strong>!<br></div><div class="battle-history"><small>[Spiritomb's Pressure]</small><br><small>Spiritomb is exerting its pressure!</small><br></div><div class="spacer battle-history"><br></div><h2 class="battle-history">Turn 1</h2><div class="spacer battle-history"><br></div><div class="battle-history">The opposing Klefki used <strong>Light Screen</strong>!<br></div><div class="battle-history"><small>Light Screen made the opposing team stronger against special moves!</small><br></div><div class="spacer battle-history"><br></div><div class="battle-history">Spiritomb used <strong>Trick</strong>!<br></div><div class="battle-history"><small>Spiritomb switched items with its target!</small><br></div><div class="battle-history"><small>The opposing Klefki obtained one Black Sludge.</small><br></div><div class="battle-history"><small>Spiritomb obtained one Light Clay.</small><br></div><div class="spacer battle-history"><br></div><div class="battle-history"><small>The opposing Klefki is hurt by its Black Sludge!</small><br></div><div class="spacer battle-history"><br></div><h2 class="battle-history">Turn 2</h2><div class="spacer battle-history"><br></div><div class="battle-history">The opposing Klefki used <strong>Reflect</strong>!<br></div><div class="battle-history"><small>Reflect made the opposing team stronger against physical moves!</small><br></div><div class="spacer battle-history"><br></div><div class="battle-history">Spiritomb used <strong>Calm Mind</strong>!<br></div><div class="battle-history"><small>Spiritomb's Special Attack rose!</small><br></div><div class="battle-history"><small>Spiritomb's Special Defense rose!</small><br></div><div class="spacer battle-history"><br></div><div class="battle-history"><small>The opposing Klefki is hurt by its Black Sludge!</small><br></div><div class="spacer battle-history"><br></div><h2 class="battle-history">Turn 3</h2><div class="spacer battle-history"><br></div><div class="battle-history">jan suchiru withdrew Klefki!<br></div><div class="battle-history">jan suchiru sent out <strong>Skarmory</strong>!<br></div><div class="spacer battle-history"><br></div><div class="battle-history">Spiritomb used <strong>Calm Mind</strong>!<br></div><div class="battle-history"><small>Spiritomb's Special Attack rose!</small><br></div><div class="battle-history"><small>Spiritomb's Special Defense rose!</small><br></div><div class="spacer battle-history"><br></div><h2 class="battle-history">Turn 4</h2><div class="spacer battle-history"><br></div><div class="battle-history">The opposing Skarmory used <strong>Toxic</strong>!<br></div><div class="battle-history"><small>Spiritomb was badly poisoned!</small><br></div><div class="spacer battle-history"><br></div><div class="battle-history">Spiritomb used <strong>Shadow Ball</strong>!<br></div><div class="battle-history"><small>(The opposing Skarmory lost <abbr title="−122/334">36.5%</abbr> of its health!)</small><br></div><div class="spacer battle-history"><br></div><div class="battle-history"><small>Spiritomb was hurt by poison!</small><br></div><div class="spacer battle-history"><br></div><h2 class="battle-history">Turn 5</h2><div class="spacer battle-history"><br></div><div class="battle-history">The opposing Skarmory used <strong>Roost</strong>!<br></div><div class="battle-history"><small>The opposing Skarmory restored its HP.</small><br></div><div class="spacer battle-history"><br></div><div class="battle-history">Spiritomb used <strong>Calm Mind</strong>!<br></div><div class="battle-history"><small>Spiritomb's Special Attack rose!</small><br></div><div class="battle-history"><small>Spiritomb's Special Defense rose!</small><br></div><div class="spacer battle-history"><br></div><div class="battle-history"><small>Spiritomb was hurt by poison!</small><br></div><div class="spacer battle-history"><br></div><h2 class="battle-history">Turn 6</h2><div class="spacer battle-history"><br></div><div class="battle-history">The opposing Skarmory used <strong>Stealth Rock</strong>!<br></div><div class="battle-history"><small>Pointed stones float in the air around your team!</small><br></div><div class="spacer battle-history"><br></div><div class="battle-history">Spiritomb used <strong>Shadow Ball</strong>!<br></div><div class="battle-history"><small>(The opposing Skarmory lost <abbr title="−142/334">42.5%</abbr> of its health!)</small><br></div><div class="spacer battle-history"><br></div><div class="battle-history"><small>Spiritomb was hurt by poison!</small><br></div><div class="battle-history"><small>The opposing team's Reflect wore off!</small><br></div><div class="spacer battle-history"><br></div><h2 class="battle-history">Turn 7</h2><div class="spacer battle-history"><br></div><div class="battle-history">The opposing Skarmory used <strong>Roost</strong>!<br></div><div class="battle-history"><small>The opposing Skarmory restored its HP.</small><br></div><div class="spacer battle-history"><br></div><div class="battle-history">Spiritomb used <strong>Shadow Ball</strong>!<br></div><div class="battle-history"><small>(The opposing Skarmory lost <abbr title="−152/334">45.5%</abbr> of its health!)</small><br></div><div class="spacer battle-history"><br></div><div class="battle-history"><small>Spiritomb was hurt by poison!</small><br></div><div class="spacer battle-history"><br></div><h2 class="battle-history">Turn 8</h2><div class="spacer battle-history"><br></div><div class="battle-history">The opposing Skarmory used <strong>Roost</strong>!<br></div><div class="battle-history"><small>The opposing Skarmory restored its HP.</small><br></div><div class="spacer battle-history"><br></div><div class="battle-history">Spiritomb used <strong>Pain Split</strong>!<br></div><div class="battle-history"><small>The battlers shared their pain!</small><br></div><div class="spacer battle-history"><br></div><div class="battle-history"><small>Spiritomb was hurt by poison!</small><br></div><div class="battle-history"><small>The opposing team's Light Screen wore off!</small><br></div><div class="spacer battle-history"><br></div><h2 class="battle-history">Turn 9</h2><div class="spacer battle-history"><br></div><div class="battle-history">The opposing Skarmory used <strong>Roost</strong>!<br></div><div class="battle-history"><small>The opposing Skarmory restored its HP.</small><br></div><div class="spacer battle-history"><br></div><div class="battle-history">Spiritomb used <strong>Shadow Ball</strong>!<br></div><div class="battle-history"><small>(The opposing Skarmory lost <abbr title="−276/334">82.6%</abbr> of its health!)</small><br></div><div class="spacer battle-history"><br></div><div class="battle-history"><small>Spiritomb was hurt by poison!</small><br></div><div class="spacer battle-history"><br></div><h2 class="battle-history">Turn 10</h2><div class="spacer battle-history"><br></div><div class="battle-history">jan suchiru withdrew Skarmory!<br></div><div class="battle-history">jan suchiru sent out <strong>Empoleon</strong>!<br></div><div class="spacer battle-history"><br></div><div class="battle-history">Spiritomb used <strong>Shadow Ball</strong>!<br></div><div class="battle-history"><small>(The opposing Empoleon lost <abbr title="−108/310">34.8%</abbr> of its health!)</small><br></div><div class="spacer battle-history"><br></div><div class="battle-history"><small>Spiritomb was hurt by poison!</small><br></div><div class="spacer battle-history"><br></div><div class="battle-history">Spiritomb fainted!<br></div><div class="spacer battle-history"><br></div><div class="battle-history">Go! <strong>Dhelmise</strong>!<br></div><div class="battle-history"><small>Pointed stones dug into Dhelmise!</small><br></div><div class="spacer battle-history"><br></div><h2 class="battle-history">Turn 11</h2><div class="spacer battle-history"><br></div><div class="battle-history">The opposing Empoleon used <strong>Knock Off</strong>!<br></div><div class="battle-history"><small>It's super effective!</small><br></div><div class="battle-history"><small>(Dhelmise lost <abbr title="−124/344">36.0%</abbr> of its health!)</small><br></div><div class="battle-history"><small>The opposing Empoleon knocked off Dhelmise's Assault Vest!</small><br></div><div class="spacer battle-history"><br></div><div class="battle-history">Dhelmise used <strong>Anchor Shot</strong>!<br></div><div class="battle-history"><small>It's not very effective...</small><br></div><div class="battle-history"><small>(The opposing Empoleon lost <abbr title="−33/310">10.6%</abbr> of its health!)</small><br></div><div class="battle-history"><small>The opposing Empoleon can no longer escape!</small><br></div><div class="spacer battle-history"><br></div><h2 class="battle-history">Turn 12</h2><div class="spacer battle-history"><br></div><div class="battle-history">The opposing Empoleon used <strong>Ice Beam</strong>!<br></div><div class="battle-history"><small>It's super effective!</small><br></div><div class="battle-history"><small>(Dhelmise lost <abbr title="−156/344">45.3%</abbr> of its health!)</small><br></div><div class="battle-history"><small>Dhelmise was frozen solid!</small><br></div><div class="spacer battle-history"><br></div><div class="battle-history">Dhelmise is frozen solid!<br></div><div class="spacer battle-history"><br></div><h2 class="battle-history">Turn 13</h2><div class="spacer battle-history"><br></div><div class="battle-history">The opposing Empoleon used <strong>Knock Off</strong>!<br></div><div class="battle-history"><small>It's super effective!</small><br></div><div class="battle-history"><small>(Dhelmise lost <abbr title="−21/344">6.1%</abbr> of its health!)</small><br></div><div class="spacer battle-history"><br></div><div class="battle-history">Dhelmise fainted!<br></div><div class="spacer battle-history"><br></div><div class="battle-history">Go! <strong>Jellicent</strong>!<br></div><div class="battle-history"><small>Pointed stones dug into Jellicent!</small><br></div><div class="spacer battle-history"><br></div><h2 class="battle-history">Turn 14</h2><div class="spacer battle-history"><br></div><div class="battle-history">Jellicent used <strong>Scald</strong>!<br></div><div class="battle-history"><small>It's not very effective...</small><br></div><div class="battle-history"><small>(The opposing Empoleon lost <abbr title="−19/310">6.1%</abbr> of its health!)</small><br></div><div class="spacer battle-history"><br></div><div class="battle-history">The opposing Empoleon used <strong>Knock Off</strong>!<br></div><div class="battle-history"><small>It's super effective!</small><br></div><div class="battle-history"><small>(Jellicent lost <abbr title="−154/404">38.1%</abbr> of its health!)</small><br></div><div class="battle-history"><small>The opposing Empoleon knocked off Jellicent's Leftovers!</small><br></div><div class="spacer battle-history"><br></div><h2 class="battle-history">Turn 15</h2><div class="spacer battle-history"><br></div><div class="battle-history">The opposing Empoleon used <strong>Grass Knot</strong>!<br></div><div class="battle-history"><small>It's super effective!</small><br></div><div class="battle-history"><small>(Jellicent lost <abbr title="−162/404">40.1%</abbr> of its health!)</small><br></div><div class="spacer battle-history"><br></div><div class="battle-history">Jellicent used <strong>Recover</strong>!<br></div><div class="battle-history"><small>Jellicent restored its HP.</small><br></div><div class="spacer battle-history"><br></div><h2 class="battle-history">Turn 16</h2><div class="spacer battle-history"><br></div><div class="battle-history">jan suchiru withdrew Empoleon!<br></div><div class="battle-history">jan suchiru sent out <strong>Magnezone</strong>!<br></div><div class="spacer battle-history"><br></div><div class="battle-history">Jellicent used <strong>Recover</strong>!<br></div><div class="battle-history"><small>Jellicent restored its HP.</small><br></div><div class="spacer battle-history"><br></div><h2 class="battle-history">Turn 17</h2><div class="spacer battle-history"><br></div><div class="battle-history">The opposing Magnezone used <strong>Thunderbolt</strong>!<br></div><div class="battle-history"><small>It's super effective!</small><br></div><div class="battle-history"><small>(Jellicent lost <abbr title="−404/404">100%</abbr> of its health!)</small><br></div><div class="spacer battle-history"><br></div><div class="battle-history">Jellicent fainted!<br></div><div class="spacer battle-history"><br></div><div class="battle-history">Go! Marowak (<strong>Marowak-Alola</strong>)!<br></div><div class="battle-history"><small>Pointed stones dug into Marowak!</small><br></div><div class="spacer battle-history"><br></div><h2 class="battle-history">Turn 18</h2><div class="spacer battle-history"><br></div><div class="battle-history">jan suchiru withdrew Magnezone!<br></div><div class="battle-history">jan suchiru sent out <strong>Skarmory</strong>!<br></div><div class="spacer battle-history"><br></div><div class="battle-history">Marowak used <strong>Shadow Bone</strong>!<br></div><div class="battle-history"><small>(The opposing Skarmory lost <abbr title="−58/334">17.4%</abbr> of its health!)</small><br></div><div class="spacer battle-history"><br></div><div class="battle-history">The opposing Skarmory fainted!<br></div><div class="spacer battle-history"><br></div><div class="battle-history">jan suchiru sent out <strong>Klefki</strong>!<br></div><div class="spacer battle-history"><br></div><h2 class="battle-history">Turn 19</h2><div class="spacer battle-history"><br></div><div class="battle-history">The opposing Klefki used <strong>Reflect</strong>!<br></div><div class="battle-history"><small>Reflect made the opposing team stronger against physical moves!</small><br></div><div class="spacer battle-history"><br></div><div class="battle-history">Marowak used <strong>Flare Blitz</strong>!<br></div><div class="battle-history"><small>It's super effective!</small><br></div><div class="battle-history"><small>(The opposing Klefki lost <abbr title="−240/318">75.5%</abbr> of its health!)</small><br></div><div class="spacer battle-history"><br></div><div class="battle-history">The opposing Klefki fainted!<br></div><div class="spacer battle-history"><br></div><div class="battle-history">jan suchiru sent out <strong>Excadrill</strong>!<br></div><div class="battle-history"><small>[The opposing Excadrill's Mold Breaker]</small><br><small>The opposing Excadrill breaks the mold!</small><br></div><div class="spacer battle-history"><br></div><h2 class="battle-history">Turn 20</h2><div class="spacer battle-history"><br></div><div class="battle-history">The opposing Excadrill used <strong>Earthquake</strong>!<br></div><div class="battle-history"><small>It's super effective!</small><br></div><div class="battle-history"><small>(Marowak lost <abbr title="−243/324">75%</abbr> of its health!)</small><br></div><div class="spacer battle-history"><br></div><div class="battle-history">Marowak fainted!<br></div><div class="spacer battle-history"><br></div><div class="battle-history">Go! <strong>Doublade</strong>!<br></div><div class="battle-history"><small>Pointed stones dug into Doublade!</small><br></div><div class="spacer battle-history"><br></div><h2 class="battle-history">Turn 21</h2><div class="spacer battle-history"><br></div><div class="battle-history">The opposing Excadrill used <strong>Earthquake</strong>!<br></div><div class="battle-history"><small>It's super effective!</small><br></div><div class="battle-history"><small>(Doublade lost <abbr title="−194/322">60.2%</abbr> of its health!)</small><br></div><div class="spacer battle-history"><br></div><div class="battle-history">Doublade used <strong>Swords Dance</strong>!<br></div><div class="battle-history"><small>Doublade's Attack rose sharply!</small><br></div><div class="spacer battle-history"><br></div><h2 class="battle-history">Turn 22</h2><div class="spacer battle-history"><br></div><div class="battle-history">Doublade used <strong>Shadow Sneak</strong>!<br></div><div class="battle-history"><small>(The opposing Excadrill lost <abbr title="−99/362">27.3%</abbr> of its health!)</small><br></div><div class="spacer battle-history"><br></div><div class="battle-history">The opposing Excadrill used <strong>Earthquake</strong>!<br></div><div class="battle-history"><small>It's super effective!</small><br></div><div class="battle-history"><small>(Doublade lost <abbr title="−108/322">33.5%</abbr> of its health!)</small><br></div><div class="spacer battle-history"><br></div><div class="battle-history">Doublade fainted!<br></div><div class="spacer battle-history"><br></div><div class="battle-history">Go! <strong>Mimikyu</strong>!<br></div><div class="battle-history"><small>Pointed stones dug into Mimikyu!</small><br></div><div class="spacer battle-history"><br></div><h2 class="battle-history">Turn 23</h2><div class="spacer battle-history"><br></div><div class="battle-history">The opposing Excadrill used <strong>Earthquake</strong>!<br></div><div class="battle-history"><small>(Mimikyu lost <abbr title="−157/314">50%</abbr> of its health!)</small><br></div><div class="battle-history"><small>Mimikyu held up its Red Card against the opposing Excadrill!</small><br></div><div class="spacer battle-history"><br></div><div class="battle-history"><strong>Empoleon</strong> was dragged out!<br></div><div class="spacer battle-history"><br></div><div class="battle-history">Mimikyu used <strong>Will-O-Wisp</strong>!<br></div><div class="battle-history"><small>The opposing Empoleon was burned!</small><br></div><div class="spacer battle-history"><br></div><div class="battle-history"><small>The opposing Empoleon was hurt by its burn!</small><br></div><div class="battle-history"><small>The opposing team's Reflect wore off!</small><br></div><div class="spacer battle-history"><br></div><h2 class="battle-history">Turn 24</h2><div class="spacer battle-history"><br></div><div class="battle-history">Mimikyu used <strong>Bulk Up</strong>!<br></div><div class="battle-history"><small>Mimikyu's Attack rose!</small><br></div><div class="battle-history"><small>Mimikyu's Defense rose!</small><br></div><div class="spacer battle-history"><br></div><div class="battle-history">The opposing Empoleon used <strong>Knock Off</strong>!<br></div><div class="battle-history"><small>[Mimikyu's Disguise]</small><br><small>Its disguise served it as a decoy!</small><br></div><div class="battle-history"><small>(Mimikyu lost <abbr title="0/314">0%</abbr> of its health!)</small><br></div><div class="battle-history">Mimikyu's disguise was busted!<br></div><div class="spacer battle-history"><br></div><div class="battle-history"><small>The opposing Empoleon was hurt by its burn!</small><br></div><div class="spacer battle-history"><br></div><h2 class="battle-history">Turn 25</h2><div class="spacer battle-history"><br></div><div class="battle-history">Mimikyu used <strong>Play Rough</strong>!<br></div><div class="battle-history"><small>It's not very effective...</small><br></div><div class="battle-history"><small>(The opposing Empoleon lost <abbr title="−63/310">20.3%</abbr> of its health!)</small><br></div><div class="battle-history"><small>The opposing Empoleon's Attack fell!</small><br></div><div class="battle-history"><small>[The opposing Empoleon's Defiant]</small><br></div><div class="battle-history"><small>The opposing Empoleon's Attack rose sharply!</small><br></div><div class="spacer battle-history"><br></div><div class="battle-history">The opposing Empoleon used <strong>Surf</strong>!<br></div><div class="battle-history"><small>(Mimikyu lost <abbr title="−103/314">32.8%</abbr> of its health!)</small><br></div><div class="spacer battle-history"><br></div><div class="battle-history"><small>The opposing Empoleon was hurt by its burn!</small><br></div><div class="spacer battle-history"><br></div><h2 class="battle-history">Turn 26</h2><div class="spacer battle-history"><br></div><div class="battle-history">Mimikyu used <strong>Shadow Sneak</strong>!<br></div><div class="battle-history"><small>(The opposing Empoleon lost <abbr title="−30/310">9.7%</abbr> of its health!)</small><br></div><div class="spacer battle-history"><br></div><div class="battle-history">The opposing Empoleon fainted!<br></div><div class="spacer battle-history"><br></div><div class="battle-history">jan suchiru sent out <strong>Aggron</strong>!<br></div><div class="spacer battle-history"><br></div><h2 class="battle-history">Turn 27</h2><div class="spacer battle-history"><br></div><div class="battle-history"><small>The opposing Aggron's Aggronite is reacting to the Key Stone!</small><br>The opposing Aggron has Mega Evolved into Mega Aggron!<br></div><div class="spacer battle-history"><br></div><div class="battle-history">Mimikyu used <strong>Play Rough</strong>!<br></div><div class="battle-history"><small>It's not very effective...</small><br></div><div class="battle-history"><small>(The opposing Aggron lost <abbr title="−36/282">12.8%</abbr> of its health!)</small><br></div><div class="spacer battle-history"><br></div><div class="battle-history">The opposing Aggron used <strong>Heavy Slam</strong>!<br></div><div class="battle-history"><small>It's super effective!</small><br></div><div class="battle-history"><small>A critical hit!</small><br></div><div class="battle-history"><small>(Mimikyu lost <abbr title="−15/314">4.8%</abbr> of its health!)</small><br></div><div class="spacer battle-history"><br></div><div class="battle-history">Mimikyu fainted!<br></div><div class="spacer battle-history"><br></div><div class="battle-history"><strong>jan suchiru</strong> won the battle!<br></div></div><div class="inner-preempt"></div></div></div>
</div>
<script>
let daily = Math.floor(Date.now()/1000/60/60/24);document.write('<script src="https://play.pokemonshowdown.com/js/replay-embed.js?version'+daily+'"></'+'script>');
</script>
