<!DOCTYPE html>
<meta charset="utf-8" />
<!-- version 1 -->
<title>OU replay: Divine Resonance vs. Gеrard Way</title>
<style>
html,body {font-family:Verdana, sans-serif;font-size:10pt;margin:0;padding:0;}body{padding:12px 0;} .battle-log {font-family:Verdana, sans-serif;font-size:10pt;} .battle-log-inline {border:1px solid #AAAAAA;background:#EEF2F5;color:black;max-width:640px;margin:0 auto 80px;padding-bottom:5px;} .battle-log .inner {padding:4px 8px 0px 8px;} .battle-log .inner-preempt {padding:0 8px 4px 8px;} .battle-log .inner-after {margin-top:0.5em;} .battle-log h2 {margin:0.5em -8px;padding:4px 8px;border:1px solid #AAAAAA;background:#E0E7EA;border-left:0;border-right:0;font-family:Verdana, sans-serif;font-size:13pt;} .battle-log .chat {vertical-align:middle;padding:3px 0 3px 0;font-size:8pt;} .battle-log .chat strong {color:#40576A;} .battle-log .chat em {padding:1px 4px 1px 3px;color:#000000;font-style:normal;} .chat.mine {background:rgba(0,0,0,0.05);margin-left:-8px;margin-right:-8px;padding-left:8px;padding-right:8px;} .spoiler {color:#BBBBBB;background:#BBBBBB;padding:0px 3px;} .spoiler:hover, .spoiler:active, .spoiler-shown {color:#000000;background:#E2E2E2;padding:0px 3px;} .spoiler a {color:#BBBBBB;} .spoiler:hover a, .spoiler:active a, .spoiler-shown a {color:#2288CC;} .chat code, .chat .spoiler:hover code, .chat .spoiler:active code, .chat .spoiler-shown code {border:1px solid #C0C0C0;background:#EEEEEE;color:black;padding:0 2px;} .chat .spoiler code {border:1px solid #CCCCCC;background:#CCCCCC;color:#CCCCCC;} .battle-log .rated {padding:3px 4px;} .battle-log .rated strong {color:white;background:#89A;padding:1px 4px;border-radius:4px;} .spacer {margin-top:0.5em;} .message-announce {background:#6688AA;color:white;padding:1px 4px 2px;} .message-announce a, .broadcast-green a, .broadcast-blue a, .broadcast-red a {color:#DDEEFF;} .broadcast-green {background-color:#559955;color:white;padding:2px 4px;} .broadcast-blue {background-color:#6688AA;color:white;padding:2px 4px;} .infobox {border:1px solid #6688AA;padding:2px 4px;} .infobox-limited {max-height:200px;overflow:auto;overflow-x:hidden;} .broadcast-red {background-color:#AA5544;color:white;padding:2px 4px;} .message-learn-canlearn {font-weight:bold;color:#228822;text-decoration:underline;} .message-learn-cannotlearn {font-weight:bold;color:#CC2222;text-decoration:underline;} .message-effect-weak {font-weight:bold;color:#CC2222;} .message-effect-resist {font-weight:bold;color:#6688AA;} .message-effect-immune {font-weight:bold;color:#666666;} .message-learn-list {margin-top:0;margin-bottom:0;} .message-throttle-notice, .message-error {color:#992222;} .message-overflow, .chat small.message-overflow {font-size:0pt;} .message-overflow::before {font-size:9pt;content:'...';} .subtle {color:#3A4A66;}
</style>
<div class="wrapper replay-wrapper" style="max-width:1180px;margin:0 auto">
<input type="hidden" name="replayid" value="destiny-ou-415191" />
<div class="battle"></div><div class="battle-log"></div><div class="replay-controls"></div><div class="replay-controls-2"></div>
<h1 style="font-weight:normal;text-align:center"><strong>OU</strong><br /><a href="http://pokemonshowdown.com/users/divineresonance" class="subtle" target="_blank">Divine Resonance</a> vs. <a href="http://pokemonshowdown.com/users/grardway" class="subtle" target="_blank">Gеrard Way</a></h1>
<script type="text/plain" class="battle-log-data">|player|p1|Divine Resonance|divineresonance.gif?861db043
|teamsize|p1|6
|player|p2|Gеrard Way|grardway-2.gif?b6cdd142
|teamsize|p2|6
|teamsize|p1|6
|teamsize|p2|6
|gametype|singles
|gen|7
|tier|OU
|seed|6950,15774,13204,58087
|rule|Cláusula-Mod de Dormir: solo puedes dormir a uno de tus oponentes a la vez.
|rule|Cláusula de Especie: Hasta un Pokémon de cada especie
|rule|Cláusula de Golpe Fulminante: los movimientos fulminantes (OHKO) estan prohibidos
|rule|Cláusula de Veleta: la habilidad Veleta está prohibida
|rule|Cláusula de Movimientos Evasivos: los movimientos de Evasión están prohibidos.
|rule|Cláusula de Batallas Eternas: forzar batallas eternas está prohibido
|clearpoke
|poke|p1|Altaria, M|item
|poke|p1|Victini|item
|poke|p1|Tapu Koko|item
|poke|p1|Rotom-Wash|item
|poke|p1|Scolipede, F|item
|poke|p1|Landorus-Therian, M|item
|poke|p2|Clefable, F|item
|poke|p2|Celesteela|item
|poke|p2|Latios, M|item
|poke|p2|Greninja, M|item
|poke|p2|Tapu Bulu|item
|poke|p2|Zygarde|item
|teampreview|undefined
|choice|*team 423156|*
|choice|*|*team 123456
|choice|team 4, 2, 3, 1, 5, 6|team 1, 2, 3, 4, 5, 6
|
|start
|switch|p1a: Rotom|Rotom-Wash|304\/304
|switch|p2a: Clefable|Clefable, F|394\/394
|turn|1
|choice|*|*move 3
|choice|*move 1|*
|choice|move willowisp|move stealthrock
|
|move|p1a: Rotom|Will-O-Wisp|p2a: Clefable
|-status|p2a: Clefable|brn
|move|p2a: Clefable|Stealth Rock|p1a: Rotom
|-sidestart|p1: Divine Resonance|move: Stealth Rock
|
|upkeep
|turn|2
|choice|*move 4|*
|choice|*|*move 4
|choice|move hydropump|move wish
|
|move|p1a: Rotom|Hydro Pump|p2a: Clefable
|-damage|p2a: Clefable|246\/394 brn
|move|p2a: Clefable|Wish|p2a: Clefable
|
|-heal|p2a: Clefable|270\/394 brn|[from] item: Leftovers
|upkeep
|turn|3
|choice|*|*switch 3
|choice|*|*switch 3
|choice|*|*move 1
|choice|*move 2|*
|choice|move defog|move moonblast
|
|move|p1a: Rotom|Defog|p2a: Clefable
|-unboost|p2a: Clefable|evasion|1
|-sideend|p1: Divine Resonance|Stealth Rock|[from] move: Defog|[of] p1a: Rotom
|move|p2a: Clefable|Moonblast|p1a: Rotom
|-damage|p1a: Rotom|231\/304
|
|-heal|p2a: Clefable|394\/394 brn|[from] move: Wish|[wisher] Clefable
|-heal|p1a: Rotom|250\/304|[from] item: Leftovers
|upkeep
|turn|4
|choice|*switch 5|*
|choice|*|*move 3
|choice|switch 5|move stealthrock
|
|switch|p1a: Scolipede|Scolipede, F|261\/261
|move|p2a: Clefable|Stealth Rock|p1a: Scolipede
|-sidestart|p1: Divine Resonance|move: Stealth Rock
|
|upkeep
|turn|5
|choice|*move 1|*
|choice|*|*switch 2
|choice|move swordsdance|switch 2
|
|switch|p2a: Celesteela|Celesteela|397\/397
|move|p1a: Scolipede|Swords Dance|p1a: Scolipede
|-boost|p1a: Scolipede|atk|2
|
|-ability|p1a: Scolipede|Speed Boost|boost
|-boost|p1a: Scolipede|spe|1
|upkeep
|turn|6
|choice|*move 4 zmove|*
|choice|*|*move 4
|choice|move aquatail zmove|move flamethrower
|
|-zpower|p1a: Scolipede
|move|p1a: Scolipede|Hydro Vortex|p2a: Celesteela|[zeffect]
|-crit|p2a: Celesteela
|-damage|p2a: Celesteela|0 fnt
|faint|p2a: Celesteela
|
|-ability|p1a: Scolipede|Speed Boost|boost
|-boost|p1a: Scolipede|spe|1
|upkeep
|c|☆Divine Resonance|murió
|c|☆Gеrard Way|Importó
|c|%Sclash - ΑℱΚ|bueno, gano azure
|c|☆Gеrard Way|Creo
|c|☆Gеrard Way|Es que
|c|☆Gеrard Way|Siempre me sacan
|c|☆Gеrard Way|Brainless mons
|c|☆Gеrard Way|:(((((
|c|☆Divine Resonance|que evs tiene esa cosa?
|c|☆Gеrard Way|Def físico
|choice|*|*switch 6
|choice||switch 6
|
|switch|p2a: Zygarde|Zygarde|358\/358
|-ability|p2a: Zygarde|Aura Break
|turn|7
|choice|*|*move 2 zmove
|choice|*switch 6|*
|choice|switch 6|move outrage zmove
|
|switch|p1a: Landorus|Landorus-Therian, M|319\/319
|-damage|p1a: Landorus|280\/319|[from] Stealth Rock
|-ability|p1a: Landorus|Intimidate|boost
|-unboost|p2a: Zygarde|atk|1
|-zpower|p2a: Zygarde
|move|p2a: Zygarde|Devastating Drake|p1a: Landorus|[zeffect]
|-damage|p1a: Landorus|57\/319
|
|upkeep
|turn|8
|choice|*move 3|*
|choice|*|*move 4
|choice|move smackdown|move dragondance
|
|move|p1a: Landorus|Smack Down|p2a: Zygarde
|-resisted|p2a: Zygarde
|-damage|p2a: Zygarde|333\/358
|move|p2a: Zygarde|Dragon Dance|p2a: Zygarde
|-boost|p2a: Zygarde|atk|1
|-boost|p2a: Zygarde|spe|1
|
|upkeep
|turn|9
|choice|*move 1|*
|choice|*|*move 4
|choice|move earthquake|move dragondance
|
|move|p2a: Zygarde|Dragon Dance|p2a: Zygarde
|-boost|p2a: Zygarde|atk|1
|-boost|p2a: Zygarde|spe|1
|move|p1a: Landorus|Earthquake|p2a: Zygarde
|-damage|p2a: Zygarde|173\/358
|
|upkeep
|turn|10
|choice|*|*move 1
|choice|*switch 5|*
|choice|switch 5|move thousandarrows
|
|switch|p1a: Rotom|Rotom-Wash|250\/304
|-damage|p1a: Rotom|212\/304|[from] Stealth Rock
|move|p2a: Zygarde|Thousand Arrows|p1a: Rotom
|-supereffective|p1a: Rotom
|-damage|p1a: Rotom|0 fnt
|faint|p1a: Rotom
|
|upkeep
|choice|*switch 5|*
|choice|switch 5|
|
|switch|p1a: Landorus|Landorus-Therian, M|57\/319
|-damage|p1a: Landorus|18\/319|[from] Stealth Rock
|-ability|p1a: Landorus|Intimidate|boost
|-unboost|p2a: Zygarde|atk|1
|turn|11
|choice|*move 1|*
|choice|*|*move 1
|choice|move earthquake|move thousandarrows
|
|move|p2a: Zygarde|Thousand Arrows|p1a: Landorus
|-damage|p1a: Landorus|0 fnt
|faint|p1a: Landorus
|
|upkeep
|choice|*switch 4|*
|choice|switch 4|
|
|switch|p1a: Altaria|Altaria, M|291\/291
|-damage|p1a: Altaria|219\/291|[from] Stealth Rock
|turn|12
|choice|*|*move 1
|choice|*move 3 mega|*
|choice|*|*move 4
|choice|move facade mega|move dragondance
|
|-mega|p1a: Altaria|Altaria|Altarianite
|detailschange|p1a: Altaria|Altaria-Mega, M
|move|p2a: Zygarde|Dragon Dance|p2a: Zygarde
|-boost|p2a: Zygarde|atk|1
|-boost|p2a: Zygarde|spe|1
|move|p1a: Altaria|Facade|p2a: Zygarde
|-supereffective|p2a: Zygarde
|-damage|p2a: Zygarde|0 fnt
|faint|p2a: Zygarde
|
|upkeep
|c|☆Gеrard Way|Missclick
|c|☆Gеrard Way|aaaa
|choice|*|*switch 3
|choice||switch 3
|
|switch|p2a: Latios|Latios, M|301\/301
|turn|13
|choice|*move 3|*
|choice|*|*move 3 mega
|choice|move facade|move icebeam mega
|
|-mega|p2a: Latios|Latios|Latiosite
|detailschange|p2a: Latios|Latios-Mega, M
|move|p2a: Latios|Ice Beam|p1a: Altaria
|-supereffective|p1a: Altaria
|-damage|p1a: Altaria|0 fnt
|faint|p1a: Altaria
|
|upkeep
|choice|*switch 2|*
|choice|switch 2|
|
|switch|p1a: Victini|Victini|341\/341
|-damage|p1a: Victini|256\/341|[from] Stealth Rock
|turn|14
|choice|*move 1|*
|choice|*|*move 2
|choice|move glaciate|move earthquake
|
|move|p2a: Latios|Earthquake|p1a: Victini
|-supereffective|p1a: Victini
|-damage|p1a: Victini|70\/341
|move|p1a: Victini|Glaciate|p2a: Latios
|-supereffective|p2a: Latios
|-damage|p2a: Latios|162\/301
|-unboost|p2a: Latios|spe|1
|
|upkeep
|turn|15
|choice|*move 1|*
|choice|*|*switch 2
|choice|move glaciate|switch 2
|
|switch|p2a: Clefable|Clefable, F|394\/394 brn
|move|p1a: Victini|Glaciate|p2a: Clefable
|-damage|p2a: Clefable|328\/394 brn
|-unboost|p2a: Clefable|spe|1
|
|-heal|p2a: Clefable|352\/394 brn|[from] item: Leftovers
|upkeep
|turn|16
|choice|*move 4|*
|choice|*|*move 4
|choice|move blueflare|move wish
|
|move|p1a: Victini|Blue Flare|p2a: Clefable
|-damage|p2a: Clefable|130\/394 brn
|move|p2a: Clefable|Wish|p2a: Clefable
|
|-heal|p2a: Clefable|154\/394 brn|[from] item: Leftovers
|upkeep
|turn|17
|choice|*move 1|*
|choice|*|*switch 2
|choice|move glaciate|switch 2
|
|switch|p2a: Latios|Latios-Mega, M|162\/301
|move|p1a: Victini|Glaciate|p2a: Latios
|-supereffective|p2a: Latios
|-damage|p2a: Latios|8\/301
|-unboost|p2a: Latios|spe|1
|
|-heal|p2a: Latios|205\/301|[from] move: Wish|[wisher] Clefable
|upkeep
|turn|18
|choice|*|*switch 2
|choice|*move 1|*
|choice|*|*switch 2
|choice|move glaciate|switch 2
|
|switch|p2a: Clefable|Clefable, F|154\/394 brn
|move|p1a: Victini|Glaciate|p2a: Clefable
|-damage|p2a: Clefable|89\/394 brn
|-unboost|p2a: Clefable|spe|1
|
|-heal|p2a: Clefable|113\/394 brn|[from] item: Leftovers
|upkeep
|turn|19
|choice|*|*move 1
|choice|*switch 6|*
|choice|switch 6|move moonblast
|
|switch|p1a: Scolipede|Scolipede, F|261\/261
|-damage|p1a: Scolipede|196\/261|[from] Stealth Rock
|move|p2a: Clefable|Moonblast|p1a: Scolipede
|-resisted|p1a: Scolipede
|-damage|p1a: Scolipede|127\/261
|
|-heal|p2a: Clefable|137\/394 brn|[from] item: Leftovers
|upkeep
|turn|20
|choice|*move 2|*
|choice|*|*move 1
|choice|move poisonjab|move moonblast
|
|move|p1a: Scolipede|Poison Jab|p2a: Clefable
|-supereffective|p2a: Clefable
|-damage|p2a: Clefable|0 fnt
|faint|p2a: Clefable
|
|-ability|p1a: Scolipede|Speed Boost|boost
|-boost|p1a: Scolipede|spe|1
|upkeep
|choice|*|*switch 4
|choice||switch 4
|
|switch|p2a: Greninja|Greninja, M|285\/285
|turn|21
|choice|*|*move 3
|choice|*move 3|*
|choice|move xscissor|move watershuriken
|
|move|p2a: Greninja|Water Shuriken|p1a: Scolipede
|-damage|p1a: Scolipede|78\/261
|-damage|p1a: Scolipede|30\/261
|-damage|p1a: Scolipede|0 fnt
|-hitcount|p1a: Scolipede|3
|faint|p1a: Scolipede
|-activate|p2a: Greninja|ability: Battle Bond
|detailschange|p2a: Greninja|Greninja-Ash, M
|
|upkeep
|choice|*switch 3|*
|choice|switch 3|
|
|switch|p1a: Tapu Koko|Tapu Koko|281\/281
|-damage|p1a: Tapu Koko|246\/281|[from] Stealth Rock
|-fieldstart|move: Electric Terrain|[from] ability: Electric Surge|[of] p1a: Tapu Koko
|turn|22
|c|☆Gеrard Way|gg
|choice|*move 3|*
|choice|*|*switch 5
|choice|move uturn|switch 5
|
|switch|p2a: Tapu Bulu|Tapu Bulu|343\/343
|-fieldstart|move: Grassy Terrain|[from] ability: Grassy Surge|[of] p2a: Tapu Bulu
|move|p1a: Tapu Koko|U-turn|p2a: Tapu Bulu
|-damage|p2a: Tapu Bulu|283\/343
|-damage|p1a: Tapu Koko|218\/281|[from] item: Life Orb
|choice|*switch 6|*
|choice|switch 6|
|
|switch|p1a: Victini|Victini|70\/341|[from]move: U-turn
|-damage|p1a: Victini|0 fnt|[from] Stealth Rock
|faint|p1a: Victini
|
|-heal|p2a: Tapu Bulu|304\/343|[from] Grassy Terrain
|upkeep
|choice|*switch 6|*
|choice|switch 6|
|
|switch|p1a: Tapu Koko|Tapu Koko|218\/281
|-damage|p1a: Tapu Koko|183\/281|[from] Stealth Rock
|-fieldstart|move: Electric Terrain|[from] ability: Electric Surge|[of] p1a: Tapu Koko
|turn|23
|choice|*|*move 2
|choice|*|*move 1
|choice|*move 2|*
|choice|move dazzlinggleam|move hornleech
|
|move|p1a: Tapu Koko|Dazzling Gleam|p2a: Tapu Bulu
|-damage|p2a: Tapu Bulu|210\/343
|-damage|p1a: Tapu Koko|155\/281|[from] item: Life Orb
|move|p2a: Tapu Bulu|Horn Leech|p1a: Tapu Koko
|-damage|p1a: Tapu Koko|34\/281
|-heal|p2a: Tapu Bulu|271\/343|[from] drain|[of] p1a: Tapu Koko
|
|upkeep
|turn|24
|choice|*|*move 1
|choice|*move 1|*
|choice|move thunderbolt|move hornleech
|
|move|p1a: Tapu Koko|Thunderbolt|p2a: Tapu Bulu
|-resisted|p2a: Tapu Bulu
|-damage|p2a: Tapu Bulu|193\/343
|-damage|p1a: Tapu Koko|6\/281|[from] item: Life Orb
|move|p2a: Tapu Bulu|Horn Leech|p1a: Tapu Koko
|-damage|p1a: Tapu Koko|0 fnt
|-heal|p2a: Tapu Bulu|196\/343|[from] drain|[of] p1a: Tapu Koko
|faint|p1a: Tapu Koko
|
|win|Gеrard Way
</script>
</div>
<div class="battle-log battle-log-inline"><div class="inner"><div class="battle-options"></div><div class="inner"><div class=""><small>Format:</small> <br><strong>OU</strong></div><div class=""><small><em>Cláusula-Mod de Dormir:</em> solo puedes dormir a uno de tus oponentes a la vez.</small></div><div class=""><small><em>Cláusula de Especie:</em> Hasta un Pokémon de cada especie</small></div><div class=""><small><em>Cláusula de Golpe Fulminante:</em> los movimientos fulminantes (OHKO) estan prohibidos</small></div><div class=""><small><em>Cláusula de Veleta:</em> la habilidad Veleta está prohibida</small></div><div class=""><small><em>Cláusula de Movimientos Evasivos:</em> los movimientos de Evasión están prohibidos.</small></div><div class=""><small><em>Cláusula de Batallas Eternas:</em> forzar batallas eternas está prohibido</small></div><div class="chat battle-history"><strong>Divine Resonance's team:</strong> <em style="color:#445566;display:block;">Altaria / Victini / Tapu Koko / Rotom-Wash / Scolipede / Landorus-Therian</em></div><div class="chat battle-history"><strong>Gеrard Way's team:</strong> <em style="color:#445566;display:block;">Clefable / Celesteela / Latios / Greninja / Tapu Bulu / Zygarde</em></div><div class="spacer battle-history"><br></div><div class="battle-history">Battle started between Divine Resonance and Gеrard Way!<br></div><div class="spacer battle-history"><br></div><div class="battle-history">Go! Rotom (<strong>Rotom-Wash</strong>)!<br></div><div class="spacer battle-history"><br></div><div class="battle-history">Gеrard Way sent out <strong>Clefable</strong>!<br></div><div class="spacer battle-history"><br></div><h2 class="battle-history">Turn 1</h2><div class="spacer battle-history"><br></div><div class="battle-history">Rotom used <strong>Will-O-Wisp</strong>!<br></div><div class="battle-history"><small>The opposing Clefable was burned!</small><br></div><div class="spacer battle-history"><br></div><div class="battle-history">The opposing Clefable used <strong>Stealth Rock</strong>!<br></div><div class="battle-history"><small>Pointed stones float in the air around your team!</small><br></div><div class="spacer battle-history"><br></div><h2 class="battle-history">Turn 2</h2><div class="spacer battle-history"><br></div><div class="battle-history">Rotom used <strong>Hydro Pump</strong>!<br></div><div class="battle-history"><small>(The opposing Clefable lost <abbr title="−148/394">37.6%</abbr> of its health!)</small><br></div><div class="spacer battle-history"><br></div><div class="battle-history">The opposing Clefable used <strong>Wish</strong>!<br></div><div class="spacer battle-history"><br></div><div class="battle-history"><small>The opposing Clefable restored a little HP using its Leftovers!</small><br></div><div class="spacer battle-history"><br></div><h2 class="battle-history">Turn 3</h2><div class="spacer battle-history"><br></div><div class="battle-history">Rotom used <strong>Defog</strong>!<br></div><div class="battle-history"><small>The opposing Clefable's evasiveness fell!</small><br></div><div class="battle-history"><small>The pointed stones disappeared from around your team!</small><br></div><div class="spacer battle-history"><br></div><div class="battle-history">The opposing Clefable used <strong>Moonblast</strong>!<br></div><div class="battle-history"><small>(Rotom lost <abbr title="−73/304">24.0%</abbr> of its health!)</small><br></div><div class="spacer battle-history"><br></div><div class="battle-history"><small>Clefable's wish came true!</small><br></div><div class="battle-history"><small>Rotom restored a little HP using its Leftovers!</small><br></div><div class="spacer battle-history"><br></div><h2 class="battle-history">Turn 4</h2><div class="spacer battle-history"><br></div><div class="battle-history">Rotom, come back!<br></div><div class="battle-history">Go! <strong>Scolipede</strong>!<br></div><div class="spacer battle-history"><br></div><div class="battle-history">The opposing Clefable used <strong>Stealth Rock</strong>!<br></div><div class="battle-history"><small>Pointed stones float in the air around your team!</small><br></div><div class="spacer battle-history"><br></div><h2 class="battle-history">Turn 5</h2><div class="spacer battle-history"><br></div><div class="battle-history">Gеrard Way withdrew Clefable!<br></div><div class="battle-history">Gеrard Way sent out <strong>Celesteela</strong>!<br></div><div class="spacer battle-history"><br></div><div class="battle-history">Scolipede used <strong>Swords Dance</strong>!<br></div><div class="battle-history"><small>Scolipede's Attack rose sharply!</small><br></div><div class="spacer battle-history"><br></div><div class="battle-history"><small>[Scolipede's Speed Boost]</small><br></div><div class="battle-history"><small>Scolipede's Speed rose!</small><br></div><div class="spacer battle-history"><br></div><h2 class="battle-history">Turn 6</h2><div class="spacer battle-history"><br></div><div class="battle-history"><small>Scolipede surrounded itself with its Z-Power!</small><br></div><div class="spacer battle-history"><br></div><div class="battle-history">Scolipede used <strong>Hydro Vortex</strong>!<br></div><div class="battle-history"><small>A critical hit!</small><br></div><div class="battle-history"><small>(The opposing Celesteela lost <abbr title="−397/397">100%</abbr> of its health!)</small><br></div><div class="spacer battle-history"><br></div><div class="battle-history">The opposing Celesteela fainted!<br></div><div class="spacer battle-history"><br></div><div class="battle-history"><small>[Scolipede's Speed Boost]</small><br></div><div class="battle-history"><small>Scolipede's Speed rose!</small><br></div><div class="chat chatmessage-divineresonance"><strong style="color:hsl(284,62%,51.97024370003312%)"><small>☆</small><span class="username" data-name="Divine Resonance">Divine Resonance</span>:</strong> <em>murió</em></div><div class="chat chatmessage-grardway"><strong style="color:hsl(23,56%,44%)"><small>☆</small><span class="username" data-name="Gеrard Way">Gеrard Way</span>:</strong> <em>Importó</em></div><div class="chat chatmessage-sclash"><strong style="color:hsl(213,53%,50.131290827384284%)"><small>%</small><span class="username" data-name="Sclash - ΑℱΚ">Sclash - ΑℱΚ</span>:</strong> <em>bueno, gano azure</em></div><div class="chat chatmessage-grardway"><strong style="color:hsl(23,56%,44%)"><small>☆</small><span class="username" data-name="Gеrard Way">Gеrard Way</span>:</strong> <em>Creo</em></div><div class="chat chatmessage-grardway"><strong style="color:hsl(23,56%,44%)"><small>☆</small><span class="username" data-name="Gеrard Way">Gеrard Way</span>:</strong> <em>Es que</em></div><div class="chat chatmessage-grardway"><strong style="color:hsl(23,56%,44%)"><small>☆</small><span class="username" data-name="Gеrard Way">Gеrard Way</span>:</strong> <em>Siempre me sacan</em></div><div class="chat chatmessage-grardway"><strong style="color:hsl(23,56%,44%)"><small>☆</small><span class="username" data-name="Gеrard Way">Gеrard Way</span>:</strong> <em>Brainless mons</em></div><div class="chat chatmessage-grardway"><strong style="color:hsl(23,56%,44%)"><small>☆</small><span class="username" data-name="Gеrard Way">Gеrard Way</span>:</strong> <em>:(((((</em></div><div class="chat chatmessage-divineresonance"><strong style="color:hsl(284,62%,51.97024370003312%)"><small>☆</small><span class="username" data-name="Divine Resonance">Divine Resonance</span>:</strong> <em>que evs tiene esa cosa?</em></div><div class="chat chatmessage-grardway"><strong style="color:hsl(23,56%,44%)"><small>☆</small><span class="username" data-name="Gеrard Way">Gеrard Way</span>:</strong> <em>Def físico</em></div><div class="spacer battle-history"><br></div><div class="battle-history">Gеrard Way sent out <strong>Zygarde</strong>!<br></div><div class="battle-history"><small>[The opposing Zygarde's Aura Break]</small><br><small>The opposing Zygarde reversed all other Pokémon's auras!</small><br></div><div class="spacer battle-history"><br></div><h2 class="battle-history">Turn 7</h2><div class="spacer battle-history"><br></div><div class="battle-history">Scolipede, come back!<br></div><div class="battle-history">Go! Landorus (<strong>Landorus-Therian</strong>)!<br></div><div class="battle-history"><small>Pointed stones dug into Landorus!</small><br></div><div class="battle-history"><small>[Landorus's Intimidate]</small><br></div><div class="battle-history"><small>The opposing Zygarde's Attack fell!</small><br></div><div class="battle-history"><small>The opposing Zygarde surrounded itself with its Z-Power!</small><br></div><div class="spacer battle-history"><br></div><div class="battle-history">The opposing Zygarde used <strong>Devastating Drake</strong>!<br></div><div class="battle-history"><small>(Landorus lost <abbr title="−223/319">69.9%</abbr> of its health!)</small><br></div><div class="spacer battle-history"><br></div><h2 class="battle-history">Turn 8</h2><div class="spacer battle-history"><br></div><div class="battle-history">Landorus used <strong>Smack Down</strong>!<br></div><div class="battle-history"><small>It's not very effective...</small><br></div><div class="battle-history"><small>(The opposing Zygarde lost <abbr title="−25/358">7.0%</abbr> of its health!)</small><br></div><div class="spacer battle-history"><br></div><div class="battle-history">The opposing Zygarde used <strong>Dragon Dance</strong>!<br></div><div class="battle-history"><small>The opposing Zygarde's Attack rose!</small><br></div><div class="battle-history"><small>The opposing Zygarde's Speed rose!</small><br></div><div class="spacer battle-history"><br></div><h2 class="battle-history">Turn 9</h2><div class="spacer battle-history"><br></div><div class="battle-history">The opposing Zygarde used <strong>Dragon Dance</strong>!<br></div><div class="battle-history"><small>The opposing Zygarde's Attack rose!</small><br></div><div class="battle-history"><small>The opposing Zygarde's Speed rose!</small><br></div><div class="spacer battle-history"><br></div><div class="battle-history">Landorus used <strong>Earthquake</strong>!<br></div><div class="battle-history"><small>(The opposing Zygarde lost <abbr title="−160/358">44.7%</abbr> of its health!)</small><br></div><div class="spacer battle-history"><br></div><h2 class="battle-history">Turn 10</h2><div class="spacer battle-history"><br></div><div class="battle-history">Landorus, come back!<br></div><div class="battle-history">Go! Rotom (<strong>Rotom-Wash</strong>)!<br></div><div class="battle-history"><small>Pointed stones dug into Rotom!</small><br></div><div class="spacer battle-history"><br></div><div class="battle-history">The opposing Zygarde used <strong>Thousand Arrows</strong>!<br></div><div class="battle-history"><small>It's super effective!</small><br></div><div class="battle-history"><small>(Rotom lost <abbr title="−212/304">69.7%</abbr> of its health!)</small><br></div><div class="spacer battle-history"><br></div><div class="battle-history">Rotom fainted!<br></div><div class="spacer battle-history"><br></div><div class="battle-history">Go! Landorus (<strong>Landorus-Therian</strong>)!<br></div><div class="battle-history"><small>Pointed stones dug into Landorus!</small><br></div><div class="battle-history"><small>[Landorus's Intimidate]</small><br></div><div class="battle-history"><small>The opposing Zygarde's Attack fell!</small><br></div><div class="spacer battle-history"><br></div><h2 class="battle-history">Turn 11</h2><div class="spacer battle-history"><br></div><div class="battle-history">The opposing Zygarde used <strong>Thousand Arrows</strong>!<br></div><div class="battle-history"><small>(Landorus lost <abbr title="−18/319">5.6%</abbr> of its health!)</small><br></div><div class="spacer battle-history"><br></div><div class="battle-history">Landorus fainted!<br></div><div class="spacer battle-history"><br></div><div class="battle-history">Go! <strong>Altaria</strong>!<br></div><div class="battle-history"><small>Pointed stones dug into Altaria!</small><br></div><div class="spacer battle-history"><br></div><h2 class="battle-history">Turn 12</h2><div class="spacer battle-history"><br></div><div class="battle-history"><small>Altaria's Altarianite is reacting to the Key Stone!</small><br>Altaria has Mega Evolved into Mega Altaria!<br></div><div class="spacer battle-history"><br></div><div class="battle-history">The opposing Zygarde used <strong>Dragon Dance</strong>!<br></div><div class="battle-history"><small>The opposing Zygarde's Attack rose!</small><br></div><div class="battle-history"><small>The opposing Zygarde's Speed rose!</small><br></div><div class="spacer battle-history"><br></div><div class="battle-history">Altaria used <strong>Facade</strong>!<br></div><div class="battle-history"><small>It's super effective!</small><br></div><div class="battle-history"><small>(The opposing Zygarde lost <abbr title="−173/358">48.3%</abbr> of its health!)</small><br></div><div class="spacer battle-history"><br></div><div class="battle-history">The opposing Zygarde fainted!<br></div><div class="chat chatmessage-grardway"><strong style="color:hsl(23,56%,44%)"><small>☆</small><span class="username" data-name="Gеrard Way">Gеrard Way</span>:</strong> <em>Missclick</em></div><div class="chat chatmessage-grardway"><strong style="color:hsl(23,56%,44%)"><small>☆</small><span class="username" data-name="Gеrard Way">Gеrard Way</span>:</strong> <em>aaaa</em></div><div class="spacer battle-history"><br></div><div class="battle-history">Gеrard Way sent out <strong>Latios</strong>!<br></div><div class="spacer battle-history"><br></div><h2 class="battle-history">Turn 13</h2><div class="spacer battle-history"><br></div><div class="battle-history"><small>The opposing Latios's Latiosite is reacting to the Key Stone!</small><br>The opposing Latios has Mega Evolved into Mega Latios!<br></div><div class="spacer battle-history"><br></div><div class="battle-history">The opposing Latios used <strong>Ice Beam</strong>!<br></div><div class="battle-history"><small>It's super effective!</small><br></div><div class="battle-history"><small>(Altaria lost <abbr title="−219/291">75.3%</abbr> of its health!)</small><br></div><div class="spacer battle-history"><br></div><div class="battle-history">Altaria fainted!<br></div><div class="spacer battle-history"><br></div><div class="battle-history">Go! <strong>Victini</strong>!<br></div><div class="battle-history"><small>Pointed stones dug into Victini!</small><br></div><div class="spacer battle-history"><br></div><h2 class="battle-history">Turn 14</h2><div class="spacer battle-history"><br></div><div class="battle-history">The opposing Latios used <strong>Earthquake</strong>!<br></div><div class="battle-history"><small>It's super effective!</small><br></div><div class="battle-history"><small>(Victini lost <abbr title="−186/341">54.5%</abbr> of its health!)</small><br></div><div class="spacer battle-history"><br></div><div class="battle-history">Victini used <strong>Glaciate</strong>!<br></div><div class="battle-history"><small>It's super effective!</small><br></div><div class="battle-history"><small>(The opposing Latios lost <abbr title="−139/301">46.2%</abbr> of its health!)</small><br></div><div class="battle-history"><small>The opposing Latios's Speed fell!</small><br></div><div class="spacer battle-history"><br></div><h2 class="battle-history">Turn 15</h2><div class="spacer battle-history"><br></div><div class="battle-history">Gеrard Way withdrew Latios!<br></div><div class="battle-history">Gеrard Way sent out <strong>Clefable</strong>!<br></div><div class="spacer battle-history"><br></div><div class="battle-history">Victini used <strong>Glaciate</strong>!<br></div><div class="battle-history"><small>(The opposing Clefable lost <abbr title="−66/394">16.8%</abbr> of its health!)</small><br></div><div class="battle-history"><small>The opposing Clefable's Speed fell!</small><br></div><div class="spacer battle-history"><br></div><div class="battle-history"><small>The opposing Clefable restored a little HP using its Leftovers!</small><br></div><div class="spacer battle-history"><br></div><h2 class="battle-history">Turn 16</h2><div class="spacer battle-history"><br></div><div class="battle-history">Victini used <strong>Blue Flare</strong>!<br></div><div class="battle-history"><small>(The opposing Clefable lost <abbr title="−222/394">56.3%</abbr> of its health!)</small><br></div><div class="spacer battle-history"><br></div><div class="battle-history">The opposing Clefable used <strong>Wish</strong>!<br></div><div class="spacer battle-history"><br></div><div class="battle-history"><small>The opposing Clefable restored a little HP using its Leftovers!</small><br></div><div class="spacer battle-history"><br></div><h2 class="battle-history">Turn 17</h2><div class="spacer battle-history"><br></div><div class="battle-history">Gеrard Way withdrew Clefable!<br></div><div class="battle-history">Gеrard Way sent out Latios (<strong>Latios-Mega</strong>)!<br></div><div class="spacer battle-history"><br></div><div class="battle-history">Victini used <strong>Glaciate</strong>!<br></div><div class="battle-history"><small>It's super effective!</small><br></div><div class="battle-history"><small>(The opposing Latios lost <abbr title="−154/301">51.2%</abbr> of its health!)</small><br></div><div class="battle-history"><small>The opposing Latios's Speed fell!</small><br></div><div class="spacer battle-history"><br></div><div class="battle-history"><small>Clefable's wish came true!</small><br></div><div class="spacer battle-history"><br></div><h2 class="battle-history">Turn 18</h2><div class="spacer battle-history"><br></div><div class="battle-history">Gеrard Way withdrew Latios!<br></div><div class="battle-history">Gеrard Way sent out <strong>Clefable</strong>!<br></div><div class="spacer battle-history"><br></div><div class="battle-history">Victini used <strong>Glaciate</strong>!<br></div><div class="battle-history"><small>(The opposing Clefable lost <abbr title="−65/394">16.5%</abbr> of its health!)</small><br></div><div class="battle-history"><small>The opposing Clefable's Speed fell!</small><br></div><div class="spacer battle-history"><br></div><div class="battle-history"><small>The opposing Clefable restored a little HP using its Leftovers!</small><br></div><div class="spacer battle-history"><br></div><h2 class="battle-history">Turn 19</h2><div class="spacer battle-history"><br></div><div class="battle-history">Victini, come back!<br></div><div class="battle-history">Go! <strong>Scolipede</strong>!<br></div><div class="battle-history"><small>Pointed stones dug into Scolipede!</small><br></div><div class="spacer battle-history"><br></div><div class="battle-history">The opposing Clefable used <strong>Moonblast</strong>!<br></div><div class="battle-history"><small>It's not very effective...</small><br></div><div class="battle-history"><small>(Scolipede lost <abbr title="−69/261">26.4%</abbr> of its health!)</small><br></div><div class="spacer battle-history"><br></div><div class="battle-history"><small>The opposing Clefable restored a little HP using its Leftovers!</small><br></div><div class="spacer battle-history"><br></div><h2 class="battle-history">Turn 20</h2><div class="spacer battle-history"><br></div><div class="battle-history">Scolipede used <strong>Poison Jab</strong>!<br></div><div class="battle-history"><small>It's super effective!</small><br></div><div class="battle-history"><small>(The opposing Clefable lost <abbr title="−137/394">34.8%</abbr> of its health!)</small><br></div><div class="spacer battle-history"><br></div><div class="battle-history">The opposing Clefable fainted!<br></div><div class="spacer battle-history"><br></div><div class="battle-history"><small>[Scolipede's Speed Boost]</small><br></div><div class="battle-history"><small>Scolipede's Speed rose!</small><br></div><div class="spacer battle-history"><br></div><div class="battle-history">Gеrard Way sent out <strong>Greninja</strong>!<br></div><div class="spacer battle-history"><br></div><h2 class="battle-history">Turn 21</h2><div class="spacer battle-history"><br></div><div class="battle-history">The opposing Greninja used <strong>Water Shuriken</strong>!<br></div><div class="battle-history"><small>(Scolipede lost <abbr title="−49/261">18.8%</abbr> of its health!)</small><br></div><div class="battle-history"><small>(Scolipede lost <abbr title="−48/261">18.4%</abbr> of its health!)</small><br></div><div class="battle-history"><small>(Scolipede lost <abbr title="−30/261">11.5%</abbr> of its health!)</small><br></div><div class="battle-history"><small>Hit 3 times!</small><br></div><div class="spacer battle-history"><br></div><div class="battle-history">Scolipede fainted!<br></div><div class="battle-history"><small>[The opposing Greninja's Battle Bond]</small><br><small>The opposing Greninja became fully charged due to its bond with its Trainer!</small><br></div><div class="battle-history">The opposing Greninja became Ash-Greninja!<br></div><div class="spacer battle-history"><br></div><div class="battle-history">Go! <strong>Tapu Koko</strong>!<br></div><div class="battle-history"><small>Pointed stones dug into Tapu Koko!</small><br></div><div class="battle-history"><small>[Tapu Koko's Electric Surge]</small><br><small>An electric current runs across the battlefield!</small><br></div><div class="spacer battle-history"><br></div><h2 class="battle-history">Turn 22</h2><div class="chat chatmessage-grardway"><strong style="color:hsl(23,56%,44%)"><small>☆</small><span class="username" data-name="Gеrard Way">Gеrard Way</span>:</strong> <em>gg</em></div><div class="spacer battle-history"><br></div><div class="battle-history">Gеrard Way withdrew Greninja!<br></div><div class="battle-history">Gеrard Way sent out <strong>Tapu Bulu</strong>!<br></div><div class="battle-history"><small>[The opposing Tapu Bulu's Grassy Surge]</small><br><small>Grass grew to cover the battlefield!</small><br></div><div class="spacer battle-history"><br></div><div class="battle-history">Tapu Koko used <strong>U-turn</strong>!<br></div><div class="battle-history"><small>(The opposing Tapu Bulu lost <abbr title="−60/343">17.5%</abbr> of its health!)</small><br></div><div class="battle-history"><small>Tapu Koko lost some of its HP!</small><br></div><div class="spacer battle-history"><br></div><div class="battle-history">Tapu Koko went back to Divine Resonance!<br></div><div class="battle-history">Go! <strong>Victini</strong>!<br></div><div class="battle-history"><small>Pointed stones dug into Victini!</small><br></div><div class="spacer battle-history"><br></div><div class="battle-history">Victini fainted!<br></div><div class="spacer battle-history"><br></div><div class="battle-history"><small>The opposing Tapu Bulu restored HP using its Grassy Terrain!</small><br></div><div class="spacer battle-history"><br></div><div class="battle-history">Go! <strong>Tapu Koko</strong>!<br></div><div class="battle-history"><small>Pointed stones dug into Tapu Koko!</small><br></div><div class="battle-history"><small>[Tapu Koko's Electric Surge]</small><br><small>An electric current runs across the battlefield!</small><br></div><div class="spacer battle-history"><br></div><h2 class="battle-history">Turn 23</h2><div class="spacer battle-history"><br></div><div class="battle-history">Tapu Koko used <strong>Dazzling Gleam</strong>!<br></div><div class="battle-history"><small>(The opposing Tapu Bulu lost <abbr title="−94/343">27.4%</abbr> of its health!)</small><br></div><div class="battle-history"><small>Tapu Koko lost some of its HP!</small><br></div><div class="spacer battle-history"><br></div><div class="battle-history">The opposing Tapu Bulu used <strong>Horn Leech</strong>!<br></div><div class="battle-history"><small>(Tapu Koko lost <abbr title="−121/281">43.1%</abbr> of its health!)</small><br></div><div class="battle-history"><small>Tapu Koko had its energy drained!</small><br></div><div class="spacer battle-history"><br></div><h2 class="battle-history">Turn 24</h2><div class="spacer battle-history"><br></div><div class="battle-history">Tapu Koko used <strong>Thunderbolt</strong>!<br></div><div class="battle-history"><small>It's not very effective...</small><br></div><div class="battle-history"><small>(The opposing Tapu Bulu lost <abbr title="−78/343">22.7%</abbr> of its health!)</small><br></div><div class="battle-history"><small>Tapu Koko lost some of its HP!</small><br></div><div class="spacer battle-history"><br></div><div class="battle-history">The opposing Tapu Bulu used <strong>Horn Leech</strong>!<br></div><div class="battle-history"><small>(Tapu Koko lost <abbr title="−6/281">2.1%</abbr> of its health!)</small><br></div><div class="battle-history"><small>Tapu Koko had its energy drained!</small><br></div><div class="spacer battle-history"><br></div><div class="battle-history">Tapu Koko fainted!<br></div><div class="spacer battle-history"><br></div><div class="battle-history"><strong>Gеrard Way</strong> won the battle!<br></div></div><div class="inner-preempt"></div></div></div>
</div>
<script>
let daily = Math.floor(Date.now()/1000/60/60/24);document.write('<script src="https://play.pokemonshowdown.com/js/replay-embed.js?version'+daily+'"></'+'script>');
</script>
