<!DOCTYPE html>
<meta charset="utf-8" />
<!-- version 1 -->
<title>OU replay: You jefa vs. Suicidal Disaster</title>
<style>
html,body {font-family:Verdana, sans-serif;font-size:10pt;margin:0;padding:0;}body{padding:12px 0;} .battle-log {font-family:Verdana, sans-serif;font-size:10pt;} .battle-log-inline {border:1px solid #AAAAAA;background:#EEF2F5;color:black;max-width:640px;margin:0 auto 80px;padding-bottom:5px;} .battle-log .inner {padding:4px 8px 0px 8px;} .battle-log .inner-preempt {padding:0 8px 4px 8px;} .battle-log .inner-after {margin-top:0.5em;} .battle-log h2 {margin:0.5em -8px;padding:4px 8px;border:1px solid #AAAAAA;background:#E0E7EA;border-left:0;border-right:0;font-family:Verdana, sans-serif;font-size:13pt;} .battle-log .chat {vertical-align:middle;padding:3px 0 3px 0;font-size:8pt;} .battle-log .chat strong {color:#40576A;} .battle-log .chat em {padding:1px 4px 1px 3px;color:#000000;font-style:normal;} .chat.mine {background:rgba(0,0,0,0.05);margin-left:-8px;margin-right:-8px;padding-left:8px;padding-right:8px;} .spoiler {color:#BBBBBB;background:#BBBBBB;padding:0px 3px;} .spoiler:hover, .spoiler:active, .spoiler-shown {color:#000000;background:#E2E2E2;padding:0px 3px;} .spoiler a {color:#BBBBBB;} .spoiler:hover a, .spoiler:active a, .spoiler-shown a {color:#2288CC;} .chat code, .chat .spoiler:hover code, .chat .spoiler:active code, .chat .spoiler-shown code {border:1px solid #C0C0C0;background:#EEEEEE;color:black;padding:0 2px;} .chat .spoiler code {border:1px solid #CCCCCC;background:#CCCCCC;color:#CCCCCC;} .battle-log .rated {padding:3px 4px;} .battle-log .rated strong {color:white;background:#89A;padding:1px 4px;border-radius:4px;} .spacer {margin-top:0.5em;} .message-announce {background:#6688AA;color:white;padding:1px 4px 2px;} .message-announce a, .broadcast-green a, .broadcast-blue a, .broadcast-red a {color:#DDEEFF;} .broadcast-green {background-color:#559955;color:white;padding:2px 4px;} .broadcast-blue {background-color:#6688AA;color:white;padding:2px 4px;} .infobox {border:1px solid #6688AA;padding:2px 4px;} .infobox-limited {max-height:200px;overflow:auto;overflow-x:hidden;} .broadcast-red {background-color:#AA5544;color:white;padding:2px 4px;} .message-learn-canlearn {font-weight:bold;color:#228822;text-decoration:underline;} .message-learn-cannotlearn {font-weight:bold;color:#CC2222;text-decoration:underline;} .message-effect-weak {font-weight:bold;color:#CC2222;} .message-effect-resist {font-weight:bold;color:#6688AA;} .message-effect-immune {font-weight:bold;color:#666666;} .message-learn-list {margin-top:0;margin-bottom:0;} .message-throttle-notice, .message-error {color:#992222;} .message-overflow, .chat small.message-overflow {font-size:0pt;} .message-overflow::before {font-size:9pt;content:'...';} .subtle {color:#3A4A66;}
</style>
<div class="wrapper replay-wrapper" style="max-width:1180px;margin:0 auto">
<input type="hidden" name="replayid" value="destiny-ou-425617" />
<div class="battle"></div><div class="battle-log"></div><div class="replay-controls"></div><div class="replay-controls-2"></div>
<h1 style="font-weight:normal;text-align:center"><strong>OU</strong><br /><a href="http://pokemonshowdown.com/users/youjefa" class="subtle" target="_blank">You jefa</a> vs. <a href="http://pokemonshowdown.com/users/suicidaldisaster" class="subtle" target="_blank">Suicidal Disaster</a></h1>
<script type="text/plain" class="battle-log-data">|unlink|||tour
|player|p1|You jefa|youjefa.gif?9a2306a4
|teamsize|p1|6
|player|p2|Suicidal Disaster|suicidaldisaster-3.gif?28d66eff
|teamsize|p2|6
|teamsize|p1|6
|teamsize|p2|6
|gametype|singles
|gen|7
|tier|OU
|seed|46884,7512,45584,17244
|rule|Cláusula-Mod de Dormir: solo puedes dormir a uno de tus oponentes a la vez.
|rule|Cláusula de Especie: Hasta un Pokémon de cada especie
|rule|Cláusula de Golpe Fulminante: los movimientos fulminantes (OHKO) estan prohibidos
|rule|Cláusula de Veleta: la habilidad Veleta está prohibida
|rule|Cláusula de Movimientos Evasivos: los movimientos de Evasión están prohibidos.
|rule|Cláusula de Batallas Eternas: forzar batallas eternas está prohibido
|clearpoke
|poke|p1|Pelipper, F|item
|poke|p1|Kingdra, F|item
|poke|p1|Toxapex, F|item
|poke|p1|Volcarona, M|item
|poke|p1|Bisharp, F|item
|poke|p1|Swampert, F|item
|poke|p2|Charizard, F|item
|poke|p2|Victini|item
|poke|p2|Tyranitar, M|item
|poke|p2|Excadrill, M|item
|poke|p2|Pelipper, F|item
|poke|p2|Kingdra, M|item
|teampreview|undefined
|c|☆You jefa|lel
|choice|*|*team 321456
|c|☆You jefa|triple
|c|☆You jefa|xD
|choice|*|*team 321456
|choice|*team 423156|*
|choice|team 4, 2, 3, 1, 5, 6|team 3, 2, 1, 4, 5, 6
|
|start
|switch|p1a: Volcarona|Volcarona, M|311\/311
|switch|p2a: Tyranitar|Tyranitar, M|404\/404
|-weather|Sandstorm|[from] ability: Sand Stream|[of] p2a: Tyranitar
|turn|1
|choice|*|*move 3
|choice|*switch 3|*
|choice|switch 3|move stealthrock
|
|switch|p1a: Toxapex|Toxapex, F|242\/242
|move|p2a: Tyranitar|Stealth Rock|p1a: Toxapex
|-sidestart|p1: You jefa|move: Stealth Rock
|
|-weather|Sandstorm|[upkeep]
|-damage|p1a: Toxapex|227\/242|[from] sandstorm
|-heal|p1a: Toxapex|242\/242|[from] item: Leftovers
|upkeep
|turn|2
|choice|*move 1|*
|choice|*|*switch 3
|choice|move toxicspikes|switch 3
|
|switch|p2a: Charizard|Charizard, F|297\/297
|move|p1a: Toxapex|Toxic Spikes|p2a: Charizard
|-sidestart|p2: Suicidal Disaster|move: Toxic Spikes
|
|-weather|Sandstorm|[upkeep]
|-damage|p2a: Charizard|279\/297|[from] sandstorm
|-damage|p1a: Toxapex|227\/242|[from] sandstorm
|-heal|p1a: Toxapex|242\/242|[from] item: Leftovers
|upkeep
|turn|3
|choice|*switch 4|*
|c|☆Suicidal Disaster|recuerdo que es sub
|choice|*|*move 1 mega
|choice|switch 4|move fireblast mega
|
|switch|p1a: Pelipper|Pelipper, F|323\/323
|-damage|p1a: Pelipper|243\/323|[from] Stealth Rock
|-weather|RainDance|[from] ability: Drizzle|[of] p1a: Pelipper
|-mega|p2a: Charizard|Charizard|Charizardite Y
|detailschange|p2a: Charizard|Charizard-Mega-Y, F
|-weather|SunnyDay|[from] ability: Drought|[of] p2a: Charizard
|move|p2a: Charizard|Fire Blast|p1a: Pelipper
|-resisted|p1a: Pelipper
|-damage|p1a: Pelipper|28\/323
|
|-weather|SunnyDay|[upkeep]
|upkeep
|turn|4
|choice|*|*move 2
|choice|*move 1|*
|choice|move hurricane|move solarbeam
|
|move|p2a: Charizard|Solar Beam|p1a: Pelipper|[still]
|-prepare|p2a: Charizard|Solar Beam|p1a: Pelipper
|-anim|p2a: Charizard|Solar Beam|p1a: Pelipper
|-damage|p1a: Pelipper|0 fnt
|faint|p1a: Pelipper
|
|-weather|SunnyDay|[upkeep]
|upkeep
|-message|You jefa se rindió.
|
|win|Suicidal Disaster
</script>
</div>
<div class="battle-log battle-log-inline"><div class="inner"><div class="battle-options"></div><div class="inner"><div class=""><small>Format:</small> <br><strong>OU</strong></div><div class=""><small><em>Cláusula-Mod de Dormir:</em> solo puedes dormir a uno de tus oponentes a la vez.</small></div><div class=""><small><em>Cláusula de Especie:</em> Hasta un Pokémon de cada especie</small></div><div class=""><small><em>Cláusula de Golpe Fulminante:</em> los movimientos fulminantes (OHKO) estan prohibidos</small></div><div class=""><small><em>Cláusula de Veleta:</em> la habilidad Veleta está prohibida</small></div><div class=""><small><em>Cláusula de Movimientos Evasivos:</em> los movimientos de Evasión están prohibidos.</small></div><div class=""><small><em>Cláusula de Batallas Eternas:</em> forzar batallas eternas está prohibido</small></div><div class="chat battle-history"><strong>You jefa's team:</strong> <em style="color:#445566;display:block;">Pelipper / Kingdra / Toxapex / Volcarona / Bisharp / Swampert</em></div><div class="chat battle-history"><strong>Suicidal Disaster's team:</strong> <em style="color:#445566;display:block;">Charizard / Victini / Tyranitar / Excadrill / Pelipper / Kingdra</em></div><div class="chat chatmessage-youjefa"><strong style="color:hsl(176,66%,42.50234745268858%)"><small>☆</small><span class="username" data-name="You jefa">You jefa</span>:</strong> <em>lel</em></div><div class="chat chatmessage-youjefa"><strong style="color:hsl(176,66%,42.50234745268858%)"><small>☆</small><span class="username" data-name="You jefa">You jefa</span>:</strong> <em>triple</em></div><div class="chat chatmessage-youjefa"><strong style="color:hsl(176,66%,42.50234745268858%)"><small>☆</small><span class="username" data-name="You jefa">You jefa</span>:</strong> <em>xD</em></div><div class="spacer battle-history"><br></div><div class="battle-history">Battle started between You jefa and Suicidal Disaster!<br></div><div class="spacer battle-history"><br></div><div class="battle-history">Go! <strong>Volcarona</strong>!<br></div><div class="spacer battle-history"><br></div><div class="battle-history">Suicidal Disaster sent out <strong>Tyranitar</strong>!<br></div><div class="battle-history"><small>[The opposing Tyranitar's Sand Stream]</small><br><small>A sandstorm kicked up!</small><br></div><div class="spacer battle-history"><br></div><h2 class="battle-history">Turn 1</h2><div class="spacer battle-history"><br></div><div class="battle-history">Volcarona, come back!<br></div><div class="battle-history">Go! <strong>Toxapex</strong>!<br></div><div class="spacer battle-history"><br></div><div class="battle-history">The opposing Tyranitar used <strong>Stealth Rock</strong>!<br></div><div class="battle-history"><small>Pointed stones float in the air around your team!</small><br></div><div class="spacer battle-history"><br></div><div class="battle-history"><small>The sandstorm is raging.</small><br></div><div class="battle-history"><small>Toxapex is buffeted by the sandstorm!</small><br></div><div class="battle-history"><small>Toxapex restored a little HP using its Leftovers!</small><br></div><div class="spacer battle-history"><br></div><h2 class="battle-history">Turn 2</h2><div class="spacer battle-history"><br></div><div class="battle-history">Suicidal Disaster withdrew Tyranitar!<br></div><div class="battle-history">Suicidal Disaster sent out <strong>Charizard</strong>!<br></div><div class="spacer battle-history"><br></div><div class="battle-history">Toxapex used <strong>Toxic Spikes</strong>!<br></div><div class="battle-history"><small>Poison spikes were scattered on the ground all around the opposing team!</small><br></div><div class="spacer battle-history"><br></div><div class="battle-history"><small>The sandstorm is raging.</small><br></div><div class="battle-history"><small>The opposing Charizard is buffeted by the sandstorm!</small><br></div><div class="battle-history"><small>Toxapex is buffeted by the sandstorm!</small><br></div><div class="battle-history"><small>Toxapex restored a little HP using its Leftovers!</small><br></div><div class="spacer battle-history"><br></div><h2 class="battle-history">Turn 3</h2><div class="chat chatmessage-suicidaldisaster"><strong style="color:hsl(163,47%,42%)"><small>☆</small><span class="username" data-name="Suicidal Disaster">Suicidal Disaster</span>:</strong> <em>recuerdo que es sub</em></div><div class="spacer battle-history"><br></div><div class="battle-history">Toxapex, come back!<br></div><div class="battle-history">Go! <strong>Pelipper</strong>!<br></div><div class="battle-history"><small>Pointed stones dug into Pelipper!</small><br></div><div class="battle-history"><small>[Pelipper's Drizzle]</small><br><small>It started to rain!</small><br></div><div class="spacer battle-history"><br></div><div class="battle-history"><small>The opposing Charizard's Charizardite Y is reacting to the Key Stone!</small><br>The opposing Charizard has Mega Evolved into Mega Charizard!<br></div><div class="battle-history"><small>[The opposing Charizard's Drought]</small><br><small>The sunlight turned harsh!</small><br></div><div class="spacer battle-history"><br></div><div class="battle-history">The opposing Charizard used <strong>Fire Blast</strong>!<br></div><div class="battle-history"><small>It's not very effective...</small><br></div><div class="battle-history"><small>(Pelipper lost <abbr title="−215/323">66.6%</abbr> of its health!)</small><br></div><div class="spacer battle-history"><br></div><div class="battle-history"><small>(The sunlight is strong!)</small><br></div><div class="spacer battle-history"><br></div><h2 class="battle-history">Turn 4</h2><div class="spacer battle-history"><br></div><div class="battle-history">The opposing Charizard used <strong>Solar Beam</strong>!<br></div><div class="battle-history"><small>The opposing Charizard absorbed light!</small><br></div><div class="battle-history"><small>(Pelipper lost <abbr title="−28/323">8.7%</abbr> of its health!)</small><br></div><div class="spacer battle-history"><br></div><div class="battle-history">Pelipper fainted!<br></div><div class="spacer battle-history"><br></div><div class="battle-history"><small>(The sunlight is strong!)</small><br></div><div class="spacer battle-history"><br></div><div class="battle-history"><small>You jefa se rindió.</small><br></div><div class="spacer battle-history"><br></div><div class="battle-history"><strong>Suicidal Disaster</strong> won the battle!<br></div></div><div class="inner-preempt"></div></div></div>
</div>
<script>
let daily = Math.floor(Date.now()/1000/60/60/24);document.write('<script src="https://play.pokemonshowdown.com/js/replay-embed.js?version'+daily+'"></'+'script>');
</script>
