<!DOCTYPE html>
<meta charset="utf-8" />
<!-- version 1 -->
<title>OU replay: Beppler vs. Punketa❤</title>
<style>
html,body {font-family:Verdana, sans-serif;font-size:10pt;margin:0;padding:0;}body{padding:12px 0;} .battle-log {font-family:Verdana, sans-serif;font-size:10pt;} .battle-log-inline {border:1px solid #AAAAAA;background:#EEF2F5;color:black;max-width:640px;margin:0 auto 80px;padding-bottom:5px;} .battle-log .inner {padding:4px 8px 0px 8px;} .battle-log .inner-preempt {padding:0 8px 4px 8px;} .battle-log .inner-after {margin-top:0.5em;} .battle-log h2 {margin:0.5em -8px;padding:4px 8px;border:1px solid #AAAAAA;background:#E0E7EA;border-left:0;border-right:0;font-family:Verdana, sans-serif;font-size:13pt;} .battle-log .chat {vertical-align:middle;padding:3px 0 3px 0;font-size:8pt;} .battle-log .chat strong {color:#40576A;} .battle-log .chat em {padding:1px 4px 1px 3px;color:#000000;font-style:normal;} .chat.mine {background:rgba(0,0,0,0.05);margin-left:-8px;margin-right:-8px;padding-left:8px;padding-right:8px;} .spoiler {color:#BBBBBB;background:#BBBBBB;padding:0px 3px;} .spoiler:hover, .spoiler:active, .spoiler-shown {color:#000000;background:#E2E2E2;padding:0px 3px;} .spoiler a {color:#BBBBBB;} .spoiler:hover a, .spoiler:active a, .spoiler-shown a {color:#2288CC;} .chat code, .chat .spoiler:hover code, .chat .spoiler:active code, .chat .spoiler-shown code {border:1px solid #C0C0C0;background:#EEEEEE;color:black;padding:0 2px;} .chat .spoiler code {border:1px solid #CCCCCC;background:#CCCCCC;color:#CCCCCC;} .battle-log .rated {padding:3px 4px;} .battle-log .rated strong {color:white;background:#89A;padding:1px 4px;border-radius:4px;} .spacer {margin-top:0.5em;} .message-announce {background:#6688AA;color:white;padding:1px 4px 2px;} .message-announce a, .broadcast-green a, .broadcast-blue a, .broadcast-red a {color:#DDEEFF;} .broadcast-green {background-color:#559955;color:white;padding:2px 4px;} .broadcast-blue {background-color:#6688AA;color:white;padding:2px 4px;} .infobox {border:1px solid #6688AA;padding:2px 4px;} .infobox-limited {max-height:200px;overflow:auto;overflow-x:hidden;} .broadcast-red {background-color:#AA5544;color:white;padding:2px 4px;} .message-learn-canlearn {font-weight:bold;color:#228822;text-decoration:underline;} .message-learn-cannotlearn {font-weight:bold;color:#CC2222;text-decoration:underline;} .message-effect-weak {font-weight:bold;color:#CC2222;} .message-effect-resist {font-weight:bold;color:#6688AA;} .message-effect-immune {font-weight:bold;color:#666666;} .message-learn-list {margin-top:0;margin-bottom:0;} .message-throttle-notice, .message-error {color:#992222;} .message-overflow, .chat small.message-overflow {font-size:0pt;} .message-overflow::before {font-size:9pt;content:'...';} .subtle {color:#3A4A66;}
</style>
<div class="wrapper replay-wrapper" style="max-width:1180px;margin:0 auto">
<input type="hidden" name="replayid" value="destiny-ou-506820" />
<div class="battle"></div><div class="battle-log"></div><div class="replay-controls"></div><div class="replay-controls-2"></div>
<h1 style="font-weight:normal;text-align:center"><strong>OU</strong><br /><a href="http://pokemonshowdown.com/users/beppler" class="subtle" target="_blank">Beppler</a> vs. <a href="http://pokemonshowdown.com/users/punketa" class="subtle" target="_blank">Punketa❤</a></h1>
<script type="text/plain" class="battle-log-data">|player|p1|Beppler|yeluu-12.gif?e64ff2da
|teamsize|p1|6
|player|p2|Punketa❤|camilacruz-33.gif?1c7204c4
|teamsize|p2|6
|teamsize|p1|6
|teamsize|p2|6
|gametype|singles
|gen|7
|tier|OU
|seed|62651,25204,59172,36458
|rule|Cláusula-Mod de Dormir: solo puedes dormir a uno de tus oponentes a la vez.
|rule|Cláusula de Especie: Hasta un Pokémon de cada especie
|rule|Cláusula de Golpe Fulminante: los movimientos fulminantes (OHKO) estan prohibidos
|rule|Cláusula de Veleta: la habilidad Veleta está prohibida
|rule|Cláusula de Movimientos Evasivos: los movimientos de Evasión están prohibidos.
|rule|Cláusula de Batallas Eternas: forzar batallas eternas está prohibido
|clearpoke
|poke|p1|Kartana|item
|poke|p1|Exploud, F|item
|poke|p1|Krookodile, F|item
|poke|p1|Zapdos|item
|poke|p1|Cloyster, M|item
|poke|p1|Charizard, F|item
|poke|p2|Staraptor, F|item
|poke|p2|Kyurem-Black|item
|poke|p2|Magearna|item
|poke|p2|Scizor, M|item
|poke|p2|Tapu Koko|item
|poke|p2|Marowak-Alola, M|item
|teampreview|undefined
|choice|*|*team 623451
|choice|*team 523416|*
|choice|team 5, 2, 3, 4, 1, 6|team 6, 2, 3, 4, 5, 1
|
|start
|switch|p1a: Cloyster|Cloyster, M|241\/241
|switch|p2a: Marowak|Marowak-Alola, M|323\/323
|turn|1
|choice|*move 1|*
|choice|*|*switch 3
|choice|move shellsmash|switch 3
|
|switch|p2a: Magearna|Magearna|364\/364
|move|p1a: Cloyster|Shell Smash|p1a: Cloyster
|-unboost|p1a: Cloyster|def|1
|-unboost|p1a: Cloyster|spd|1
|-boost|p1a: Cloyster|atk|2
|-boost|p1a: Cloyster|spa|2
|-boost|p1a: Cloyster|spe|2
|
|upkeep
|turn|2
|choice|*|*move 4
|c|☆Beppler|soy eq
|c|☆Punketa❤|ono
|c|%Gеrard Way|Rip camila
|c|☆Punketa❤|\/\/logout
|choice|*move 2|*
|choice|move iciclespear|move voltswitch
|
|move|p1a: Cloyster|Icicle Spear|p2a: Magearna
|-resisted|p2a: Magearna
|-damage|p2a: Magearna|330\/364
|-resisted|p2a: Magearna
|-damage|p2a: Magearna|298\/364
|-resisted|p2a: Magearna
|-damage|p2a: Magearna|262\/364
|-resisted|p2a: Magearna
|-damage|p2a: Magearna|224\/364
|-resisted|p2a: Magearna
|-damage|p2a: Magearna|192\/364
|-hitcount|p2a: Magearna|5
|move|p2a: Magearna|Volt Switch|p1a: Cloyster
|-supereffective|p1a: Cloyster
|-enditem|p1a: Cloyster|Focus Sash
|-damage|p1a: Cloyster|1\/241
|choice|*|*switch 4
|choice||switch 4
|
|switch|p2a: Scizor|Scizor, M|343\/343|[from]move: Volt Switch
|
|upkeep
|turn|3
|choice|*|*move 2 mega
|c|☆Beppler|0
|choice|*move 4|*
|choice|move iceshard|move bulletpunch mega
|
|-mega|p2a: Scizor|Scizor|Scizorite
|detailschange|p2a: Scizor|Scizor-Mega, M
|move|p1a: Cloyster|Ice Shard|p2a: Scizor
|-resisted|p2a: Scizor
|-damage|p2a: Scizor|310\/343
|move|p2a: Scizor|Bullet Punch|p1a: Cloyster
|-damage|p1a: Cloyster|0 fnt
|faint|p1a: Cloyster
|
|upkeep
|choice|*switch 6|*
|choice|switch 6|
|
|switch|p1a: Charizard|Charizard, F|297\/297
|turn|4
|choice|*|*switch 3
|c|%Gеrard Way|
|choice|*move 2 mega|*
|choice|move flamecharge mega|switch 3
|
|switch|p2a: Marowak|Marowak-Alola, M|323\/323
|-mega|p1a: Charizard|Charizard|Charizardite Y
|detailschange|p1a: Charizard|Charizard-Mega-Y, F
|-weather|SunnyDay|[from] ability: Drought|[of] p1a: Charizard
|move|p1a: Charizard|Flame Charge|p2a: Marowak
|-resisted|p2a: Marowak
|-damage|p2a: Marowak|282\/323
|-boost|p1a: Charizard|spe|1
|
|-weather|SunnyDay|[upkeep]
|upkeep
|turn|5
|choice|*|*move 4
|choice|*switch 3|*
|choice|switch 3|move stealthrock
|
|switch|p1a: Krookodile|Krookodile, F|331\/331
|move|p2a: Marowak|Stealth Rock|p1a: Krookodile
|-sidestart|p1: Beppler|move: Stealth Rock
|
|-weather|SunnyDay|[upkeep]
|upkeep
|turn|6
|choice|*|*switch 6
|choice|*move 1 zmove|*
|c|☆Beppler|[Acción no admitida] Movimiento inválido: Me First no admite el objetivo seleccionado
|c|☆Beppler|wtf
|c|☆Punketa❤|k
|c|☆Beppler|es z me first
|c|☆Beppler|pero ni idea
|c|☆Beppler|como funcione
|choice|*move 2|*
|choice|move earthquake|switch 6
|
|switch|p2a: Staraptor|Staraptor, F|311\/311
|move|p1a: Krookodile|Earthquake|p2a: Staraptor
|-immune|p2a: Staraptor|[msg]
|
|-weather|SunnyDay|[upkeep]
|upkeep
|turn|7
|choice|*|*move 2
|choice|*switch 4|*
|choice|switch 4|move doubleedge
|
|switch|p1a: Zapdos|Zapdos|384\/384
|-damage|p1a: Zapdos|288\/384|[from] Stealth Rock
|-ability|p1a: Zapdos|Pressure
|move|p2a: Staraptor|Double-Edge|p1a: Zapdos
|-damage|p1a: Zapdos|0 fnt
|-damage|p2a: Staraptor|216\/311|[from] recoil
|faint|p1a: Zapdos
|
|-weather|SunnyDay|[upkeep]
|upkeep
|c|☆Punketa❤|este es un team de youtube
|c|☆Punketa❤|que lo mejore un poco
|c|☆Punketa❤|xD
|c|+Adicire|dios mio
|c|+Adicire|cuanto metió esa cosa
|c|☆Punketa❤|es op
|choice|*switch 5|*
|choice|switch 5|
|
|switch|p1a: Kartana|Kartana|259\/259
|-damage|p1a: Kartana|243\/259|[from] Stealth Rock
|turn|8
|c|☆Punketa❤|band y la habilidad
|c|+Adicire|beppler como es tu zapdos?
|c|☆Beppler|vaya kk team
|c|☆Punketa❤|!dt audaz
Naturaleza Brave: +10% Ataque, -10% Velocidad.
|c|☆Beppler|es specs
|c|☆Punketa❤|!dt reckless
|c|~|\/data-ability Reckless
|raw|<font size="1"><\/font>
|c|☆Beppler|era*
|c|☆Punketa❤|ni el defensivo awant
|c|☆Punketa❤|xD
|choice|*|*switch 6
|choice|*move 3|*
|choice|move swordsdance|switch 6
|
|switch|p2a: Marowak|Marowak-Alola, M|282\/323
|move|p1a: Kartana|Swords Dance|p1a: Kartana
|-boost|p1a: Kartana|atk|2
|
|-weather|none
|upkeep
|turn|9
|choice|*|*move 2
|choice|*switch 4|*
|choice|switch 4|move flareblitz
|
|switch|p1a: Krookodile|Krookodile, F|331\/331
|-damage|p1a: Krookodile|311\/331|[from] Stealth Rock
|move|p2a: Marowak|Flare Blitz|p1a: Krookodile
|-damage|p1a: Krookodile|0 fnt
|-damage|p2a: Marowak|179\/323|[from] recoil
|faint|p1a: Krookodile
|
|upkeep
|c|☆Beppler|dios
|c|☆Beppler|que asco de team
|choice|*switch 2|*
|choice|switch 2|
|
|switch|p1a: Exploud|Exploud, F|349\/349
|-damage|p1a: Exploud|306\/349|[from] Stealth Rock
|turn|10
|c|☆Punketa❤|el tuyo?
|c|☆Punketa❤|xDD
|choice|*move 3|*
|c|☆Beppler|yep
|choice|*|*move 2
|choice|move surf|move flareblitz
|
|move|p1a: Exploud|Surf|p2a: Marowak
|-supereffective|p2a: Marowak
|-damage|p2a: Marowak|0 fnt
|faint|p2a: Marowak
|
|upkeep
|c|☆Punketa❤|porque el mio es op
|c|☆Punketa❤|
|choice|*|*switch 6
|choice||switch 6
|
|switch|p2a: Staraptor|Staraptor, F|216\/311
|turn|11
|choice|*|*move 4
|choice|*move 3|*
|choice|move surf|move closecombat
|
|move|p2a: Staraptor|Close Combat|p1a: Exploud
|-supereffective|p1a: Exploud
|-damage|p1a: Exploud|0 fnt
|-unboost|p2a: Staraptor|def|1
|-unboost|p2a: Staraptor|spd|1
|faint|p1a: Exploud
|
|upkeep
|choice|*switch 3|*
|choice|switch 3|
|
|switch|p1a: Charizard|Charizard-Mega-Y, F|297\/297
|-damage|p1a: Charizard|149\/297|[from] Stealth Rock
|-weather|SunnyDay|[from] ability: Drought|[of] p1a: Charizard
|turn|12
|choice|*move 2|*
|choice|*|*switch 4
|choice|move flamecharge|switch 4
|
|switch|p2a: Magearna|Magearna|192\/364
|move|p1a: Charizard|Flame Charge|p2a: Magearna
|-supereffective|p2a: Magearna
|-damage|p2a: Magearna|18\/364
|-boost|p1a: Charizard|spe|1
|
|-weather|SunnyDay|[upkeep]
|upkeep
|turn|13
|c|☆Punketa❤|a vrga
|choice|*move 2|*
|choice|*|*move 4
|choice|move flamecharge|move voltswitch
|
|move|p1a: Charizard|Flame Charge|p2a: Magearna
|-supereffective|p2a: Magearna
|-damage|p2a: Magearna|0 fnt
|-boost|p1a: Charizard|spe|1
|faint|p2a: Magearna
|
|-weather|SunnyDay|[upkeep]
|upkeep
|c|☆Punketa❤|eso me ggea
|choice|*|*switch 3
|choice||switch 3
|
|switch|p2a: Scizor|Scizor-Mega, M|310\/343
|turn|14
|c|%Gеrard Way|Me dueles, beppler
|choice|*|*move 2
|c|%Gеrard Way|Te ganó camila
|choice|*move 2|*
|choice|move flamecharge|move bulletpunch
|
|move|p2a: Scizor|Bullet Punch|p1a: Charizard
|-resisted|p1a: Charizard
|-damage|p1a: Charizard|79\/297
|move|p1a: Charizard|Flame Charge|p2a: Scizor
|-supereffective|p2a: Scizor
|-damage|p2a: Scizor|94\/343
|-boost|p1a: Charizard|spe|1
|
|-weather|SunnyDay|[upkeep]
|upkeep
|turn|15
|choice|*|*move 2
|c|+Adicire|lel
|c|☆Beppler|aguanto
|c|☆Beppler|k
|choice|*move 2|*
|choice|move flamecharge|move bulletpunch
|
|move|p2a: Scizor|Bullet Punch|p1a: Charizard
|-resisted|p1a: Charizard
|-damage|p1a: Charizard|13\/297
|move|p1a: Charizard|Flame Charge|p2a: Scizor
|-supereffective|p2a: Scizor
|-damage|p2a: Scizor|0 fnt
|-boost|p1a: Charizard|spe|1
|faint|p2a: Scizor
|
|-weather|SunnyDay|[upkeep]
|upkeep
|c|%Gеrard Way|Ufff
|choice|*|*switch 4
|choice||switch 4
|
|switch|p2a: Staraptor|Staraptor, F|216\/311
|turn|16
|choice|*move 1|*
|choice|*|*move 1
|choice|move fireblast|move bravebird
|
|move|p1a: Charizard|Fire Blast|p2a: Staraptor
|-damage|p2a: Staraptor|0 fnt
|faint|p2a: Staraptor
|
|-weather|none
|upkeep
|choice|*|*switch 5
|choice||switch 5
|
|switch|p2a: Tapu Koko|Tapu Koko|307\/307
|-fieldstart|move: Electric Terrain|[from] ability: Electric Surge|[of] p2a: Tapu Koko
|turn|17
|c|+Adicire|no revela quick attack
|choice|*|*move 1
|choice|*move 1|*
|choice|move fireblast|move thunderbolt
|
|move|p1a: Charizard|Fire Blast|p2a: Tapu Koko
|-damage|p2a: Tapu Koko|0 fnt
|faint|p2a: Tapu Koko
|
|upkeep
|c|☆Punketa❤|era quick attack koko
|c|☆Punketa❤|pero hice missclick
|c|☆Beppler|
|c|☆Punketa❤|(?
|choice|*|*switch 2
|choice||switch 2
|
|switch|p2a: Kyurem|Kyurem-Black|391\/391
|-ability|p2a: Kyurem|Teravolt
|turn|18
|c|☆Beppler|y a esto
|c|☆Beppler|le llamo
|choice|*|*move 2
|c|☆Beppler|una remontada
|choice|*move 3|*
|choice|move focusblast|move icebeam
|
|move|p1a: Charizard|Focus Blast|p2a: Kyurem
|-supereffective|p2a: Kyurem
|-damage|p2a: Kyurem|0 fnt
|faint|p2a: Kyurem
|
|win|Beppler
|c|%Gеrard Way|Broken
</script>
</div>
<div class="battle-log battle-log-inline"><div class="inner"><div class="battle-options"></div><div class="inner"><div class=""><small>Format:</small> <br><strong>OU</strong></div><div class=""><small><em>Cláusula-Mod de Dormir:</em> solo puedes dormir a uno de tus oponentes a la vez.</small></div><div class=""><small><em>Cláusula de Especie:</em> Hasta un Pokémon de cada especie</small></div><div class=""><small><em>Cláusula de Golpe Fulminante:</em> los movimientos fulminantes (OHKO) estan prohibidos</small></div><div class=""><small><em>Cláusula de Veleta:</em> la habilidad Veleta está prohibida</small></div><div class=""><small><em>Cláusula de Movimientos Evasivos:</em> los movimientos de Evasión están prohibidos.</small></div><div class=""><small><em>Cláusula de Batallas Eternas:</em> forzar batallas eternas está prohibido</small></div><div class="chat battle-history"><strong>Beppler's team:</strong> <em style="color:#445566;display:block;">Kartana / Exploud / Krookodile / Zapdos / Cloyster / Charizard</em></div><div class="chat battle-history"><strong>Punketa❤'s team:</strong> <em style="color:#445566;display:block;">Staraptor / Kyurem-Black / Magearna / Scizor / Tapu Koko / Marowak-Alola</em></div><div class="spacer battle-history"><br></div><div class="battle-history">Battle started between Beppler and Punketa❤!<br></div><div class="spacer battle-history"><br></div><div class="battle-history">Go! <strong>Cloyster</strong>!<br></div><div class="spacer battle-history"><br></div><div class="battle-history">Punketa❤ sent out Marowak (<strong>Marowak-Alola</strong>)!<br></div><div class="spacer battle-history"><br></div><h2 class="battle-history">Turn 1</h2><div class="spacer battle-history"><br></div><div class="battle-history">Punketa❤ withdrew Marowak!<br></div><div class="battle-history">Punketa❤ sent out <strong>Magearna</strong>!<br></div><div class="spacer battle-history"><br></div><div class="battle-history">Cloyster used <strong>Shell Smash</strong>!<br></div><div class="battle-history"><small>Cloyster's Defense fell!</small><br></div><div class="battle-history"><small>Cloyster's Special Defense fell!</small><br></div><div class="battle-history"><small>Cloyster's Attack rose sharply!</small><br></div><div class="battle-history"><small>Cloyster's Special Attack rose sharply!</small><br></div><div class="battle-history"><small>Cloyster's Speed rose sharply!</small><br></div><div class="spacer battle-history"><br></div><h2 class="battle-history">Turn 2</h2><div class="chat chatmessage-beppler"><strong style="color:hsl(118,73%,37.93733867614693%)"><small>☆</small><span class="username" data-name="Beppler">Beppler</span>:</strong> <em>soy eq</em></div><div class="chat chatmessage-punketa"><strong style="color:hsl(4,59%,49.838048274289825%)"><small>☆</small><span class="username" data-name="Punketa❤">Punketa❤</span>:</strong> <em>ono</em></div><div class="chat chatmessage-grardway"><strong style="color:hsl(23,56%,44%)"><small>%</small><span class="username" data-name="Gеrard Way">Gеrard Way</span>:</strong> <em>Rip camila</em></div><div class="chat chatmessage-punketa"><strong style="color:hsl(4,59%,49.838048274289825%)"><small>☆</small><span class="username" data-name="Punketa❤">Punketa❤</span>:</strong> <em>/logout</em></div><div class="spacer battle-history"><br></div><div class="battle-history">Cloyster used <strong>Icicle Spear</strong>!<br></div><div class="battle-history"><small>It's not very effective...</small><br></div><div class="battle-history"><small>(The opposing Magearna lost <abbr title="−34/364">9.3%</abbr> of its health!)</small><br></div><div class="battle-history"><small>It's not very effective...</small><br></div><div class="battle-history"><small>(The opposing Magearna lost <abbr title="−32/364">8.8%</abbr> of its health!)</small><br></div><div class="battle-history"><small>It's not very effective...</small><br></div><div class="battle-history"><small>(The opposing Magearna lost <abbr title="−36/364">9.9%</abbr> of its health!)</small><br></div><div class="battle-history"><small>It's not very effective...</small><br></div><div class="battle-history"><small>(The opposing Magearna lost <abbr title="−38/364">10.4%</abbr> of its health!)</small><br></div><div class="battle-history"><small>It's not very effective...</small><br></div><div class="battle-history"><small>(The opposing Magearna lost <abbr title="−32/364">8.8%</abbr> of its health!)</small><br></div><div class="battle-history"><small>Hit 5 times!</small><br></div><div class="spacer battle-history"><br></div><div class="battle-history">The opposing Magearna used <strong>Volt Switch</strong>!<br></div><div class="battle-history"><small>It's super effective!</small><br></div><div class="battle-history"><small>Cloyster hung on using its Focus Sash!</small><br></div><div class="battle-history"><small>(Cloyster lost <abbr title="−240/241">99.6%</abbr> of its health!)</small><br></div><div class="spacer battle-history"><br></div><div class="battle-history">The opposing Magearna went back to Punketa❤!<br></div><div class="battle-history">Punketa❤ sent out <strong>Scizor</strong>!<br></div><div class="spacer battle-history"><br></div><h2 class="battle-history">Turn 3</h2><div class="chat chatmessage-beppler"><strong style="color:hsl(118,73%,37.93733867614693%)"><small>☆</small><span class="username" data-name="Beppler">Beppler</span>:</strong> <em>0</em></div><div class="spacer battle-history"><br></div><div class="battle-history"><small>The opposing Scizor's Scizorite is reacting to the Key Stone!</small><br>The opposing Scizor has Mega Evolved into Mega Scizor!<br></div><div class="spacer battle-history"><br></div><div class="battle-history">Cloyster used <strong>Ice Shard</strong>!<br></div><div class="battle-history"><small>It's not very effective...</small><br></div><div class="battle-history"><small>(The opposing Scizor lost <abbr title="−33/343">9.6%</abbr> of its health!)</small><br></div><div class="spacer battle-history"><br></div><div class="battle-history">The opposing Scizor used <strong>Bullet Punch</strong>!<br></div><div class="battle-history"><small>(Cloyster lost <abbr title="−1/241">0.4%</abbr> of its health!)</small><br></div><div class="spacer battle-history"><br></div><div class="battle-history">Cloyster fainted!<br></div><div class="spacer battle-history"><br></div><div class="battle-history">Go! <strong>Charizard</strong>!<br></div><div class="spacer battle-history"><br></div><h2 class="battle-history">Turn 4</h2><div class="chat chatmessage-grardway"><strong style="color:hsl(23,56%,44%)"><small>%</small><span class="username" data-name="Gеrard Way">Gеrard Way</span>:</strong> <em></em></div><div class="spacer battle-history"><br></div><div class="battle-history">Punketa❤ withdrew Scizor!<br></div><div class="battle-history">Punketa❤ sent out Marowak (<strong>Marowak-Alola</strong>)!<br></div><div class="spacer battle-history"><br></div><div class="battle-history"><small>Charizard's Charizardite Y is reacting to the Key Stone!</small><br>Charizard has Mega Evolved into Mega Charizard!<br></div><div class="battle-history"><small>[Charizard's Drought]</small><br><small>The sunlight turned harsh!</small><br></div><div class="spacer battle-history"><br></div><div class="battle-history">Charizard used <strong>Flame Charge</strong>!<br></div><div class="battle-history"><small>It's not very effective...</small><br></div><div class="battle-history"><small>(The opposing Marowak lost <abbr title="−41/323">12.7%</abbr> of its health!)</small><br></div><div class="battle-history"><small>Charizard's Speed rose!</small><br></div><div class="spacer battle-history"><br></div><div class="battle-history"><small>(The sunlight is strong!)</small><br></div><div class="spacer battle-history"><br></div><h2 class="battle-history">Turn 5</h2><div class="spacer battle-history"><br></div><div class="battle-history">Charizard, come back!<br></div><div class="battle-history">Go! <strong>Krookodile</strong>!<br></div><div class="spacer battle-history"><br></div><div class="battle-history">The opposing Marowak used <strong>Stealth Rock</strong>!<br></div><div class="battle-history"><small>Pointed stones float in the air around your team!</small><br></div><div class="spacer battle-history"><br></div><div class="battle-history"><small>(The sunlight is strong!)</small><br></div><div class="spacer battle-history"><br></div><h2 class="battle-history">Turn 6</h2><div class="chat chatmessage-beppler"><strong style="color:hsl(118,73%,37.93733867614693%)"><small>☆</small><span class="username" data-name="Beppler">Beppler</span>:</strong> <em>[Acción no admitida] Movimiento inválido: Me First no admite el objetivo seleccionado</em></div><div class="chat chatmessage-beppler"><strong style="color:hsl(118,73%,37.93733867614693%)"><small>☆</small><span class="username" data-name="Beppler">Beppler</span>:</strong> <em>wtf</em></div><div class="chat chatmessage-punketa"><strong style="color:hsl(4,59%,49.838048274289825%)"><small>☆</small><span class="username" data-name="Punketa❤">Punketa❤</span>:</strong> <em>k</em></div><div class="chat chatmessage-beppler"><strong style="color:hsl(118,73%,37.93733867614693%)"><small>☆</small><span class="username" data-name="Beppler">Beppler</span>:</strong> <em>es z me first</em></div><div class="chat chatmessage-beppler"><strong style="color:hsl(118,73%,37.93733867614693%)"><small>☆</small><span class="username" data-name="Beppler">Beppler</span>:</strong> <em>pero ni idea</em></div><div class="chat chatmessage-beppler"><strong style="color:hsl(118,73%,37.93733867614693%)"><small>☆</small><span class="username" data-name="Beppler">Beppler</span>:</strong> <em>como funcione</em></div><div class="spacer battle-history"><br></div><div class="battle-history">Punketa❤ withdrew Marowak!<br></div><div class="battle-history">Punketa❤ sent out <strong>Staraptor</strong>!<br></div><div class="spacer battle-history"><br></div><div class="battle-history">Krookodile used <strong>Earthquake</strong>!<br></div><div class="battle-history"><small>It doesn't affect the opposing Staraptor...</small><br></div><div class="spacer battle-history"><br></div><div class="battle-history"><small>(The sunlight is strong!)</small><br></div><div class="spacer battle-history"><br></div><h2 class="battle-history">Turn 7</h2><div class="spacer battle-history"><br></div><div class="battle-history">Krookodile, come back!<br></div><div class="battle-history">Go! <strong>Zapdos</strong>!<br></div><div class="battle-history"><small>Pointed stones dug into Zapdos!</small><br></div><div class="battle-history"><small>[Zapdos's Pressure]</small><br><small>Zapdos is exerting its pressure!</small><br></div><div class="spacer battle-history"><br></div><div class="battle-history">The opposing Staraptor used <strong>Double-Edge</strong>!<br></div><div class="battle-history"><small>(Zapdos lost <abbr title="−288/384">75%</abbr> of its health!)</small><br></div><div class="battle-history"><small>The opposing Staraptor is damaged by the recoil!</small><br></div><div class="spacer battle-history"><br></div><div class="battle-history">Zapdos fainted!<br></div><div class="spacer battle-history"><br></div><div class="battle-history"><small>(The sunlight is strong!)</small><br></div><div class="chat chatmessage-punketa"><strong style="color:hsl(4,59%,49.838048274289825%)"><small>☆</small><span class="username" data-name="Punketa❤">Punketa❤</span>:</strong> <em>este es un team de youtube</em></div><div class="chat chatmessage-punketa"><strong style="color:hsl(4,59%,49.838048274289825%)"><small>☆</small><span class="username" data-name="Punketa❤">Punketa❤</span>:</strong> <em>que lo mejore un poco</em></div><div class="chat chatmessage-punketa"><strong style="color:hsl(4,59%,49.838048274289825%)"><small>☆</small><span class="username" data-name="Punketa❤">Punketa❤</span>:</strong> <em>xD</em></div><div class="chat chatmessage-adicire"><strong style="color:hsl(355,70%,45%)"><small>+</small><span class="username" data-name="Adicire">Adicire</span>:</strong> <em>dios mio</em></div><div class="chat chatmessage-adicire"><strong style="color:hsl(355,70%,45%)"><small>+</small><span class="username" data-name="Adicire">Adicire</span>:</strong> <em>cuanto metió esa cosa</em></div><div class="chat chatmessage-punketa"><strong style="color:hsl(4,59%,49.838048274289825%)"><small>☆</small><span class="username" data-name="Punketa❤">Punketa❤</span>:</strong> <em>es op</em></div><div class="spacer battle-history"><br></div><div class="battle-history">Go! <strong>Kartana</strong>!<br></div><div class="battle-history"><small>Pointed stones dug into Kartana!</small><br></div><div class="spacer battle-history"><br></div><h2 class="battle-history">Turn 8</h2><div class="chat chatmessage-punketa"><strong style="color:hsl(4,59%,49.838048274289825%)"><small>☆</small><span class="username" data-name="Punketa❤">Punketa❤</span>:</strong> <em>band y la habilidad</em></div><div class="chat chatmessage-adicire"><strong style="color:hsl(355,70%,45%)"><small>+</small><span class="username" data-name="Adicire">Adicire</span>:</strong> <em>beppler como es tu zapdos?</em></div><div class="chat chatmessage-beppler"><strong style="color:hsl(118,73%,37.93733867614693%)"><small>☆</small><span class="username" data-name="Beppler">Beppler</span>:</strong> <em>vaya kk team</em></div><div class="chat chatmessage-punketa"><strong style="color:hsl(4,59%,49.838048274289825%)"><small>☆</small><span class="username" data-name="Punketa❤">Punketa❤</span>:</strong> <em>!dt audaz</em></div><div class="chat">Naturaleza Brave: +10% Ataque, -10% Velocidad.</div><div class="chat chatmessage-beppler"><strong style="color:hsl(118,73%,37.93733867614693%)"><small>☆</small><span class="username" data-name="Beppler">Beppler</span>:</strong> <em>es specs</em></div><div class="chat chatmessage-punketa"><strong style="color:hsl(4,59%,49.838048274289825%)"><small>☆</small><span class="username" data-name="Punketa❤">Punketa❤</span>:</strong> <em>!dt reckless</em></div><div class="chat message-error">[outdated code no longer supported]</div><div class="chat"><font size="1"></font></div><div class="chat chatmessage-beppler"><strong style="color:hsl(118,73%,37.93733867614693%)"><small>☆</small><span class="username" data-name="Beppler">Beppler</span>:</strong> <em>era*</em></div><div class="chat chatmessage-punketa"><strong style="color:hsl(4,59%,49.838048274289825%)"><small>☆</small><span class="username" data-name="Punketa❤">Punketa❤</span>:</strong> <em>ni el defensivo awant</em></div><div class="chat chatmessage-punketa"><strong style="color:hsl(4,59%,49.838048274289825%)"><small>☆</small><span class="username" data-name="Punketa❤">Punketa❤</span>:</strong> <em>xD</em></div><div class="spacer battle-history"><br></div><div class="battle-history">Punketa❤ withdrew Staraptor!<br></div><div class="battle-history">Punketa❤ sent out Marowak (<strong>Marowak-Alola</strong>)!<br></div><div class="spacer battle-history"><br></div><div class="battle-history">Kartana used <strong>Swords Dance</strong>!<br></div><div class="battle-history"><small>Kartana's Attack rose sharply!</small><br></div><div class="spacer battle-history"><br></div><div class="battle-history"><small>The sunlight faded.</small><br></div><div class="spacer battle-history"><br></div><h2 class="battle-history">Turn 9</h2><div class="spacer battle-history"><br></div><div class="battle-history">Kartana, come back!<br></div><div class="battle-history">Go! <strong>Krookodile</strong>!<br></div><div class="battle-history"><small>Pointed stones dug into Krookodile!</small><br></div><div class="spacer battle-history"><br></div><div class="battle-history">The opposing Marowak used <strong>Flare Blitz</strong>!<br></div><div class="battle-history"><small>(Krookodile lost <abbr title="−311/331">94.0%</abbr> of its health!)</small><br></div><div class="battle-history"><small>The opposing Marowak is damaged by the recoil!</small><br></div><div class="spacer battle-history"><br></div><div class="battle-history">Krookodile fainted!<br></div><div class="chat chatmessage-beppler"><strong style="color:hsl(118,73%,37.93733867614693%)"><small>☆</small><span class="username" data-name="Beppler">Beppler</span>:</strong> <em>dios</em></div><div class="chat chatmessage-beppler"><strong style="color:hsl(118,73%,37.93733867614693%)"><small>☆</small><span class="username" data-name="Beppler">Beppler</span>:</strong> <em>que asco de team</em></div><div class="spacer battle-history"><br></div><div class="battle-history">Go! <strong>Exploud</strong>!<br></div><div class="battle-history"><small>Pointed stones dug into Exploud!</small><br></div><div class="spacer battle-history"><br></div><h2 class="battle-history">Turn 10</h2><div class="chat chatmessage-punketa"><strong style="color:hsl(4,59%,49.838048274289825%)"><small>☆</small><span class="username" data-name="Punketa❤">Punketa❤</span>:</strong> <em>el tuyo?</em></div><div class="chat chatmessage-punketa"><strong style="color:hsl(4,59%,49.838048274289825%)"><small>☆</small><span class="username" data-name="Punketa❤">Punketa❤</span>:</strong> <em>xDD</em></div><div class="chat chatmessage-beppler"><strong style="color:hsl(118,73%,37.93733867614693%)"><small>☆</small><span class="username" data-name="Beppler">Beppler</span>:</strong> <em>yep</em></div><div class="spacer battle-history"><br></div><div class="battle-history">Exploud used <strong>Surf</strong>!<br></div><div class="battle-history"><small>It's super effective!</small><br></div><div class="battle-history"><small>(The opposing Marowak lost <abbr title="−179/323">55.4%</abbr> of its health!)</small><br></div><div class="spacer battle-history"><br></div><div class="battle-history">The opposing Marowak fainted!<br></div><div class="chat chatmessage-punketa"><strong style="color:hsl(4,59%,49.838048274289825%)"><small>☆</small><span class="username" data-name="Punketa❤">Punketa❤</span>:</strong> <em>porque el mio es op</em></div><div class="chat chatmessage-punketa"><strong style="color:hsl(4,59%,49.838048274289825%)"><small>☆</small><span class="username" data-name="Punketa❤">Punketa❤</span>:</strong> <em></em></div><div class="spacer battle-history"><br></div><div class="battle-history">Punketa❤ sent out <strong>Staraptor</strong>!<br></div><div class="spacer battle-history"><br></div><h2 class="battle-history">Turn 11</h2><div class="spacer battle-history"><br></div><div class="battle-history">The opposing Staraptor used <strong>Close Combat</strong>!<br></div><div class="battle-history"><small>It's super effective!</small><br></div><div class="battle-history"><small>(Exploud lost <abbr title="−306/349">87.7%</abbr> of its health!)</small><br></div><div class="battle-history"><small>The opposing Staraptor's Defense fell!</small><br></div><div class="battle-history"><small>The opposing Staraptor's Special Defense fell!</small><br></div><div class="spacer battle-history"><br></div><div class="battle-history">Exploud fainted!<br></div><div class="spacer battle-history"><br></div><div class="battle-history">Go! Charizard (<strong>Charizard-Mega-Y</strong>)!<br></div><div class="battle-history"><small>Pointed stones dug into Charizard!</small><br></div><div class="battle-history"><small>[Charizard's Drought]</small><br><small>The sunlight turned harsh!</small><br></div><div class="spacer battle-history"><br></div><h2 class="battle-history">Turn 12</h2><div class="spacer battle-history"><br></div><div class="battle-history">Punketa❤ withdrew Staraptor!<br></div><div class="battle-history">Punketa❤ sent out <strong>Magearna</strong>!<br></div><div class="spacer battle-history"><br></div><div class="battle-history">Charizard used <strong>Flame Charge</strong>!<br></div><div class="battle-history"><small>It's super effective!</small><br></div><div class="battle-history"><small>(The opposing Magearna lost <abbr title="−174/364">47.8%</abbr> of its health!)</small><br></div><div class="battle-history"><small>Charizard's Speed rose!</small><br></div><div class="spacer battle-history"><br></div><div class="battle-history"><small>(The sunlight is strong!)</small><br></div><div class="spacer battle-history"><br></div><h2 class="battle-history">Turn 13</h2><div class="chat chatmessage-punketa"><strong style="color:hsl(4,59%,49.838048274289825%)"><small>☆</small><span class="username" data-name="Punketa❤">Punketa❤</span>:</strong> <em>a vrga</em></div><div class="spacer battle-history"><br></div><div class="battle-history">Charizard used <strong>Flame Charge</strong>!<br></div><div class="battle-history"><small>It's super effective!</small><br></div><div class="battle-history"><small>(The opposing Magearna lost <abbr title="−18/364">4.9%</abbr> of its health!)</small><br></div><div class="battle-history"><small>Charizard's Speed rose!</small><br></div><div class="spacer battle-history"><br></div><div class="battle-history">The opposing Magearna fainted!<br></div><div class="spacer battle-history"><br></div><div class="battle-history"><small>(The sunlight is strong!)</small><br></div><div class="chat chatmessage-punketa"><strong style="color:hsl(4,59%,49.838048274289825%)"><small>☆</small><span class="username" data-name="Punketa❤">Punketa❤</span>:</strong> <em>eso me ggea</em></div><div class="spacer battle-history"><br></div><div class="battle-history">Punketa❤ sent out Scizor (<strong>Scizor-Mega</strong>)!<br></div><div class="spacer battle-history"><br></div><h2 class="battle-history">Turn 14</h2><div class="chat chatmessage-grardway"><strong style="color:hsl(23,56%,44%)"><small>%</small><span class="username" data-name="Gеrard Way">Gеrard Way</span>:</strong> <em>Me dueles, beppler</em></div><div class="chat chatmessage-grardway"><strong style="color:hsl(23,56%,44%)"><small>%</small><span class="username" data-name="Gеrard Way">Gеrard Way</span>:</strong> <em>Te ganó camila</em></div><div class="spacer battle-history"><br></div><div class="battle-history">The opposing Scizor used <strong>Bullet Punch</strong>!<br></div><div class="battle-history"><small>It's not very effective...</small><br></div><div class="battle-history"><small>(Charizard lost <abbr title="−70/297">23.6%</abbr> of its health!)</small><br></div><div class="spacer battle-history"><br></div><div class="battle-history">Charizard used <strong>Flame Charge</strong>!<br></div><div class="battle-history"><small>It's super effective!</small><br></div><div class="battle-history"><small>(The opposing Scizor lost <abbr title="−216/343">63.0%</abbr> of its health!)</small><br></div><div class="battle-history"><small>Charizard's Speed rose!</small><br></div><div class="spacer battle-history"><br></div><div class="battle-history"><small>(The sunlight is strong!)</small><br></div><div class="spacer battle-history"><br></div><h2 class="battle-history">Turn 15</h2><div class="chat chatmessage-adicire"><strong style="color:hsl(355,70%,45%)"><small>+</small><span class="username" data-name="Adicire">Adicire</span>:</strong> <em>lel</em></div><div class="chat chatmessage-beppler"><strong style="color:hsl(118,73%,37.93733867614693%)"><small>☆</small><span class="username" data-name="Beppler">Beppler</span>:</strong> <em>aguanto</em></div><div class="chat chatmessage-beppler"><strong style="color:hsl(118,73%,37.93733867614693%)"><small>☆</small><span class="username" data-name="Beppler">Beppler</span>:</strong> <em>k</em></div><div class="spacer battle-history"><br></div><div class="battle-history">The opposing Scizor used <strong>Bullet Punch</strong>!<br></div><div class="battle-history"><small>It's not very effective...</small><br></div><div class="battle-history"><small>(Charizard lost <abbr title="−66/297">22.2%</abbr> of its health!)</small><br></div><div class="spacer battle-history"><br></div><div class="battle-history">Charizard used <strong>Flame Charge</strong>!<br></div><div class="battle-history"><small>It's super effective!</small><br></div><div class="battle-history"><small>(The opposing Scizor lost <abbr title="−94/343">27.4%</abbr> of its health!)</small><br></div><div class="battle-history"><small>Charizard's Speed rose!</small><br></div><div class="spacer battle-history"><br></div><div class="battle-history">The opposing Scizor fainted!<br></div><div class="spacer battle-history"><br></div><div class="battle-history"><small>(The sunlight is strong!)</small><br></div><div class="chat chatmessage-grardway"><strong style="color:hsl(23,56%,44%)"><small>%</small><span class="username" data-name="Gеrard Way">Gеrard Way</span>:</strong> <em>Ufff</em></div><div class="spacer battle-history"><br></div><div class="battle-history">Punketa❤ sent out <strong>Staraptor</strong>!<br></div><div class="spacer battle-history"><br></div><h2 class="battle-history">Turn 16</h2><div class="spacer battle-history"><br></div><div class="battle-history">Charizard used <strong>Fire Blast</strong>!<br></div><div class="battle-history"><small>(The opposing Staraptor lost <abbr title="−216/311">69.5%</abbr> of its health!)</small><br></div><div class="spacer battle-history"><br></div><div class="battle-history">The opposing Staraptor fainted!<br></div><div class="spacer battle-history"><br></div><div class="battle-history"><small>The sunlight faded.</small><br></div><div class="spacer battle-history"><br></div><div class="battle-history">Punketa❤ sent out <strong>Tapu Koko</strong>!<br></div><div class="battle-history"><small>[The opposing Tapu Koko's Electric Surge]</small><br><small>An electric current runs across the battlefield!</small><br></div><div class="spacer battle-history"><br></div><h2 class="battle-history">Turn 17</h2><div class="chat chatmessage-adicire"><strong style="color:hsl(355,70%,45%)"><small>+</small><span class="username" data-name="Adicire">Adicire</span>:</strong> <em>no revela quick attack</em></div><div class="spacer battle-history"><br></div><div class="battle-history">Charizard used <strong>Fire Blast</strong>!<br></div><div class="battle-history"><small>(The opposing Tapu Koko lost <abbr title="−307/307">100%</abbr> of its health!)</small><br></div><div class="spacer battle-history"><br></div><div class="battle-history">The opposing Tapu Koko fainted!<br></div><div class="chat chatmessage-punketa"><strong style="color:hsl(4,59%,49.838048274289825%)"><small>☆</small><span class="username" data-name="Punketa❤">Punketa❤</span>:</strong> <em>era quick attack koko</em></div><div class="chat chatmessage-punketa"><strong style="color:hsl(4,59%,49.838048274289825%)"><small>☆</small><span class="username" data-name="Punketa❤">Punketa❤</span>:</strong> <em>pero hice missclick</em></div><div class="chat chatmessage-beppler"><strong style="color:hsl(118,73%,37.93733867614693%)"><small>☆</small><span class="username" data-name="Beppler">Beppler</span>:</strong> <em></em></div><div class="chat chatmessage-punketa"><strong style="color:hsl(4,59%,49.838048274289825%)"><small>☆</small><span class="username" data-name="Punketa❤">Punketa❤</span>:</strong> <em>(?</em></div><div class="spacer battle-history"><br></div><div class="battle-history">Punketa❤ sent out Kyurem (<strong>Kyurem-Black</strong>)!<br></div><div class="battle-history"><small>[The opposing Kyurem's Teravolt]</small><br><small>The opposing Kyurem is radiating a bursting aura!</small><br></div><div class="spacer battle-history"><br></div><h2 class="battle-history">Turn 18</h2><div class="chat chatmessage-beppler"><strong style="color:hsl(118,73%,37.93733867614693%)"><small>☆</small><span class="username" data-name="Beppler">Beppler</span>:</strong> <em>y a esto</em></div><div class="chat chatmessage-beppler"><strong style="color:hsl(118,73%,37.93733867614693%)"><small>☆</small><span class="username" data-name="Beppler">Beppler</span>:</strong> <em>le llamo</em></div><div class="chat chatmessage-beppler"><strong style="color:hsl(118,73%,37.93733867614693%)"><small>☆</small><span class="username" data-name="Beppler">Beppler</span>:</strong> <em>una remontada</em></div><div class="spacer battle-history"><br></div><div class="battle-history">Charizard used <strong>Focus Blast</strong>!<br></div><div class="battle-history"><small>It's super effective!</small><br></div><div class="battle-history"><small>(The opposing Kyurem lost <abbr title="−391/391">100%</abbr> of its health!)</small><br></div><div class="spacer battle-history"><br></div><div class="battle-history">The opposing Kyurem fainted!<br></div><div class="spacer battle-history"><br></div><div class="battle-history"><strong>Beppler</strong> won the battle!<br></div><div class="chat chatmessage-grardway"><strong style="color:hsl(23,56%,44%)"><small>%</small><span class="username" data-name="Gеrard Way">Gеrard Way</span>:</strong> <em>Broken</em></div></div><div class="inner-preempt"></div></div></div>
</div>
<script>
let daily = Math.floor(Date.now()/1000/60/60/24);document.write('<script src="https://play.pokemonshowdown.com/js/replay-embed.js?version'+daily+'"></'+'script>');
</script>
