<!DOCTYPE html>
<meta charset="utf-8" />
<!-- version 1 -->
<title>OU replay: Polapox vs. Cacoluis2005</title>
<style>
html,body {font-family:Verdana, sans-serif;font-size:10pt;margin:0;padding:0;}body{padding:12px 0;} .battle-log {font-family:Verdana, sans-serif;font-size:10pt;} .battle-log-inline {border:1px solid #AAAAAA;background:#EEF2F5;color:black;max-width:640px;margin:0 auto 80px;padding-bottom:5px;} .battle-log .inner {padding:4px 8px 0px 8px;} .battle-log .inner-preempt {padding:0 8px 4px 8px;} .battle-log .inner-after {margin-top:0.5em;} .battle-log h2 {margin:0.5em -8px;padding:4px 8px;border:1px solid #AAAAAA;background:#E0E7EA;border-left:0;border-right:0;font-family:Verdana, sans-serif;font-size:13pt;} .battle-log .chat {vertical-align:middle;padding:3px 0 3px 0;font-size:8pt;} .battle-log .chat strong {color:#40576A;} .battle-log .chat em {padding:1px 4px 1px 3px;color:#000000;font-style:normal;} .chat.mine {background:rgba(0,0,0,0.05);margin-left:-8px;margin-right:-8px;padding-left:8px;padding-right:8px;} .spoiler {color:#BBBBBB;background:#BBBBBB;padding:0px 3px;} .spoiler:hover, .spoiler:active, .spoiler-shown {color:#000000;background:#E2E2E2;padding:0px 3px;} .spoiler a {color:#BBBBBB;} .spoiler:hover a, .spoiler:active a, .spoiler-shown a {color:#2288CC;} .chat code, .chat .spoiler:hover code, .chat .spoiler:active code, .chat .spoiler-shown code {border:1px solid #C0C0C0;background:#EEEEEE;color:black;padding:0 2px;} .chat .spoiler code {border:1px solid #CCCCCC;background:#CCCCCC;color:#CCCCCC;} .battle-log .rated {padding:3px 4px;} .battle-log .rated strong {color:white;background:#89A;padding:1px 4px;border-radius:4px;} .spacer {margin-top:0.5em;} .message-announce {background:#6688AA;color:white;padding:1px 4px 2px;} .message-announce a, .broadcast-green a, .broadcast-blue a, .broadcast-red a {color:#DDEEFF;} .broadcast-green {background-color:#559955;color:white;padding:2px 4px;} .broadcast-blue {background-color:#6688AA;color:white;padding:2px 4px;} .infobox {border:1px solid #6688AA;padding:2px 4px;} .infobox-limited {max-height:200px;overflow:auto;overflow-x:hidden;} .broadcast-red {background-color:#AA5544;color:white;padding:2px 4px;} .message-learn-canlearn {font-weight:bold;color:#228822;text-decoration:underline;} .message-learn-cannotlearn {font-weight:bold;color:#CC2222;text-decoration:underline;} .message-effect-weak {font-weight:bold;color:#CC2222;} .message-effect-resist {font-weight:bold;color:#6688AA;} .message-effect-immune {font-weight:bold;color:#666666;} .message-learn-list {margin-top:0;margin-bottom:0;} .message-throttle-notice, .message-error {color:#992222;} .message-overflow, .chat small.message-overflow {font-size:0pt;} .message-overflow::before {font-size:9pt;content:'...';} .subtle {color:#3A4A66;}
</style>
<div class="wrapper replay-wrapper" style="max-width:1180px;margin:0 auto">
<input type="hidden" name="replayid" value="destiny-ou-430695" />
<div class="battle"></div><div class="battle-log"></div><div class="replay-controls"></div><div class="replay-controls-2"></div>
<h1 style="font-weight:normal;text-align:center"><strong>OU</strong><br /><a href="http://pokemonshowdown.com/users/polapox" class="subtle" target="_blank">Polapox</a> vs. <a href="http://pokemonshowdown.com/users/cacoluis2005" class="subtle" target="_blank">Cacoluis2005</a></h1>
<script type="text/plain" class="battle-log-data">|player|p1|Polapox|101
|teamsize|p1|6
|player|p2|Cacoluis2005|266
|teamsize|p2|6
|teamsize|p1|6
|teamsize|p2|6
|gametype|singles
|gen|7
|tier|OU
|rated
|seed|43459,30335,49821,6226
|rule|Cláusula-Mod de Dormir: solo puedes dormir a uno de tus oponentes a la vez.
|rule|Cláusula de Especie: Hasta un Pokémon de cada especie
|rule|Cláusula de Golpe Fulminante: los movimientos fulminantes (OHKO) estan prohibidos
|rule|Cláusula de Veleta: la habilidad Veleta está prohibida
|rule|Cláusula de Movimientos Evasivos: los movimientos de Evasión están prohibidos.
|rule|Cláusula de Batallas Eternas: forzar batallas eternas está prohibido
|clearpoke
|poke|p1|Pidgeot, M, shiny|item
|poke|p1|Volcarona, M, shiny|item
|poke|p1|Kyurem-Black, shiny|item
|poke|p1|Mimikyu, M, shiny|item
|poke|p1|Celesteela, shiny|item
|poke|p1|Muk-Alola, M, shiny|item
|poke|p2|Aerodactyl, F|item
|poke|p2|Tapu Bulu|item
|poke|p2|Rotom-Wash|item
|poke|p2|Mamoswine, F|item
|poke|p2|Zygarde|item
|poke|p2|Volcarona, F|item
|teampreview|undefined
|inactive|Reloj de batalla ENCENDIDO. El jugador inactivo será descalificado (solicitado por Cacoluis2005).
|choice|*|*team 423156
|choice|*team 213456|*
|choice|team 2, 1, 3, 4, 5, 6|team 4, 2, 3, 1, 5, 6
|
|start
|switch|p1a: Volcarona|Volcarona, M, shiny|311\/311
|switch|p2a: Mamoswine|Mamoswine, F|361\/361
|turn|1
|choice|*|*move 1
|choice|*move 4|*
|choice|move quiverdance|move stealthrock
|
|move|p1a: Volcarona|Quiver Dance|p1a: Volcarona
|-boost|p1a: Volcarona|spa|1
|-boost|p1a: Volcarona|spd|1
|-boost|p1a: Volcarona|spe|1
|move|p2a: Mamoswine|Stealth Rock|p1a: Volcarona
|-sidestart|p1: Polapox|move: Stealth Rock
|
|upkeep
|turn|2
|choice|*move 2|*
|choice|*|*move 3
|choice|move fierydance|move earthquake
|
|move|p1a: Volcarona|Fiery Dance|p2a: Mamoswine
|-supereffective|p2a: Mamoswine
|-damage|p2a: Mamoswine|37\/361
|-boost|p1a: Volcarona|spa|1
|move|p2a: Mamoswine|Earthquake|p1a: Volcarona
|-damage|p1a: Volcarona|35\/311
|
|upkeep
|turn|3
|choice|*|*move 4
|choice|*move 2|*
|choice|move fierydance|move iceshard
|
|move|p2a: Mamoswine|Ice Shard|p1a: Volcarona
|-resisted|p1a: Volcarona
|-damage|p1a: Volcarona|0 fnt
|faint|p1a: Volcarona
|
|upkeep
|choice|*switch 3|*
|choice|switch 3|
|
|switch|p1a: Kyurem|Kyurem-Black, shiny|391\/391
|-damage|p1a: Kyurem|294\/391|[from] Stealth Rock
|-ability|p1a: Kyurem|Teravolt
|turn|4
|choice|*move 3|*
|inactive|Cacoluis2005 tiene 135 segundos restantes.
|choice|*|*move 4
|choice|move ironhead|move iceshard
|
|move|p2a: Mamoswine|Ice Shard|p1a: Kyurem
|-damage|p1a: Kyurem|207\/391
|move|p1a: Kyurem|Iron Head|p2a: Mamoswine
|-supereffective|p2a: Mamoswine
|-damage|p2a: Mamoswine|0 fnt
|-damage|p1a: Kyurem|168\/391|[from] item: Life Orb
|faint|p2a: Mamoswine
|
|upkeep
|choice|*|*switch 4
|choice||switch 4
|
|switch|p2a: Aerodactyl|Aerodactyl, F|301\/301
|-ability|p2a: Aerodactyl|Pressure
|turn|5
|choice|*|*move 1 mega
|choice|*move 4|*
|choice|move icebeam|move aerialace mega
|
|-mega|p2a: Aerodactyl|Aerodactyl|Aerodactylite
|detailschange|p2a: Aerodactyl|Aerodactyl-Mega, F
|move|p2a: Aerodactyl|Aerial Ace|p1a: Kyurem
|-damage|p1a: Kyurem|20\/391
|move|p1a: Kyurem|Ice Beam|p2a: Aerodactyl
|-supereffective|p2a: Aerodactyl
|-damage|p2a: Aerodactyl|0 fnt
|-damage|p1a: Kyurem|0 fnt|[from] item: Life Orb
|faint|p2a: Aerodactyl
|faint|p1a: Kyurem
|
|upkeep
|choice|*|*switch 2
|choice|*switch 6|*
|choice|switch 6|switch 2
|
|switch|p2a: Tapu Bulu|Tapu Bulu|343\/343
|switch|p1a: Muk|Muk-Alola, M, shiny|390\/390
|-fieldstart|move: Grassy Terrain|[from] ability: Grassy Surge|[of] p2a: Tapu Bulu
|-damage|p1a: Muk|342\/390|[from] Stealth Rock
|turn|6
|choice|*move 1|*
|choice|*|*switch 5
|choice|move gunkshot|switch 5
|
|switch|p2a: Zygarde|Zygarde|357\/357
|-ability|p2a: Zygarde|Aura Break
|move|p1a: Muk|Gunk Shot|p2a: Zygarde
|-resisted|p2a: Zygarde
|-crit|p2a: Zygarde
|-damage|p2a: Zygarde|255\/357
|
|-heal|p2a: Zygarde|277\/357|[from] item: Leftovers
|-heal|p2a: Zygarde|299\/357|[from] Grassy Terrain
|-heal|p1a: Muk|366\/390|[from] Grassy Terrain
|upkeep
|turn|7
|choice|*switch 5|*
|choice|*|*move 1
|choice|switch 5|move dragondance
|
|switch|p1a: Celesteela|Celesteela, shiny|396\/396
|-damage|p1a: Celesteela|347\/396|[from] Stealth Rock
|move|p2a: Zygarde|Dragon Dance|p2a: Zygarde
|-boost|p2a: Zygarde|atk|1
|-boost|p2a: Zygarde|spe|1
|
|-heal|p2a: Zygarde|321\/357|[from] item: Leftovers
|-heal|p2a: Zygarde|343\/357|[from] Grassy Terrain
|-heal|p1a: Celesteela|371\/396|[from] item: Leftovers
|upkeep
|turn|8
|choice|*|*move 3
|choice|*move 2|*
|choice|move leechseed|move thousandarrows
|
|move|p2a: Zygarde|Thousand Arrows|p1a: Celesteela
|-damage|p1a: Celesteela|190\/396
|-start|p1a: Celesteela|Smack Down
|move|p1a: Celesteela|Leech Seed|p2a: Zygarde
|-start|p2a: Zygarde|move: Leech Seed
|
|-heal|p2a: Zygarde|357\/357|[from] item: Leftovers
|-heal|p1a: Celesteela|214\/396|[from] item: Leftovers
|-heal|p1a: Celesteela|238\/396|[from] Grassy Terrain
|-damage|p2a: Zygarde|313\/357|[from] Leech Seed|[of] p1a: Celesteela
|-heal|p1a: Celesteela|282\/396|[silent]
|upkeep
|turn|9
|choice|*|*move 3
|choice|*move 4|*
|choice|move protect|move thousandarrows
|
|move|p1a: Celesteela|Protect|p1a: Celesteela
|-singleturn|p1a: Celesteela|Protect
|move|p2a: Zygarde|Thousand Arrows|p1a: Celesteela
|-activate|p1a: Celesteela|move: Protect
|
|-heal|p2a: Zygarde|335\/357|[from] item: Leftovers
|-heal|p2a: Zygarde|357\/357|[from] Grassy Terrain
|-heal|p1a: Celesteela|306\/396|[from] item: Leftovers
|-heal|p1a: Celesteela|330\/396|[from] Grassy Terrain
|-damage|p2a: Zygarde|313\/357|[from] Leech Seed|[of] p1a: Celesteela
|-heal|p1a: Celesteela|374\/396|[silent]
|upkeep
|turn|10
|choice|*|*move 3
|choice|*move 3|*
|choice|move substitute|move thousandarrows
|
|move|p2a: Zygarde|Thousand Arrows|p1a: Celesteela
|-supereffective|p1a: Celesteela
|-damage|p1a: Celesteela|0 fnt
|faint|p1a: Celesteela
|
|-heal|p2a: Zygarde|335\/357|[from] item: Leftovers
|-heal|p2a: Zygarde|357\/357|[from] Grassy Terrain
|-fieldend|move: Grassy Terrain
|upkeep
|-message|Polapox se rindió.
|
|win|Cacoluis2005
Cacoluis2005 ha ganado 6.75 PokeDolares.
|raw|Puntaje de Polapox: 1043 &rarr; <strong>1034<\/strong><br \/>(-9 por perder)
|raw|Puntaje de Cacoluis2005: 1054 &rarr; <strong>1093<\/strong><br \/>(+39 por ganar)
</script>
</div>
<div class="battle-log battle-log-inline"><div class="inner"><div class="battle-options"></div><div class="inner"><div class=""><small>Format:</small> <br><strong>OU</strong></div><div class="rated"><strong>Rated battle</strong></div><div class=""><small><em>Cláusula-Mod de Dormir:</em> solo puedes dormir a uno de tus oponentes a la vez.</small></div><div class=""><small><em>Cláusula de Especie:</em> Hasta un Pokémon de cada especie</small></div><div class=""><small><em>Cláusula de Golpe Fulminante:</em> los movimientos fulminantes (OHKO) estan prohibidos</small></div><div class=""><small><em>Cláusula de Veleta:</em> la habilidad Veleta está prohibida</small></div><div class=""><small><em>Cláusula de Movimientos Evasivos:</em> los movimientos de Evasión están prohibidos.</small></div><div class=""><small><em>Cláusula de Batallas Eternas:</em> forzar batallas eternas está prohibido</small></div><div class="chat battle-history"><strong>Polapox's team:</strong> <em style="color:#445566;display:block;">Pidgeot / Volcarona / Kyurem-Black / Mimikyu / Celesteela / Muk-Alola</em></div><div class="chat battle-history"><strong>Cacoluis2005's team:</strong> <em style="color:#445566;display:block;">Aerodactyl / Tapu Bulu / Rotom-Wash / Mamoswine / Zygarde / Volcarona</em></div><div class="chat message-error">Reloj de batalla ENCENDIDO. El jugador inactivo será descalificado (solicitado por Cacoluis2005).</div><div class="spacer battle-history"><br></div><div class="battle-history">Battle started between Polapox and Cacoluis2005!<br></div><div class="spacer battle-history"><br></div><div class="battle-history">Go! <strong>Volcarona</strong>!<br></div><div class="spacer battle-history"><br></div><div class="battle-history">Cacoluis2005 sent out <strong>Mamoswine</strong>!<br></div><div class="spacer battle-history"><br></div><h2 class="battle-history">Turn 1</h2><div class="spacer battle-history"><br></div><div class="battle-history">Volcarona used <strong>Quiver Dance</strong>!<br></div><div class="battle-history"><small>Volcarona's Special Attack rose!</small><br></div><div class="battle-history"><small>Volcarona's Special Defense rose!</small><br></div><div class="battle-history"><small>Volcarona's Speed rose!</small><br></div><div class="spacer battle-history"><br></div><div class="battle-history">The opposing Mamoswine used <strong>Stealth Rock</strong>!<br></div><div class="battle-history"><small>Pointed stones float in the air around your team!</small><br></div><div class="spacer battle-history"><br></div><h2 class="battle-history">Turn 2</h2><div class="spacer battle-history"><br></div><div class="battle-history">Volcarona used <strong>Fiery Dance</strong>!<br></div><div class="battle-history"><small>It's super effective!</small><br></div><div class="battle-history"><small>(The opposing Mamoswine lost <abbr title="−324/361">89.8%</abbr> of its health!)</small><br></div><div class="battle-history"><small>Volcarona's Special Attack rose!</small><br></div><div class="spacer battle-history"><br></div><div class="battle-history">The opposing Mamoswine used <strong>Earthquake</strong>!<br></div><div class="battle-history"><small>(Volcarona lost <abbr title="−276/311">88.7%</abbr> of its health!)</small><br></div><div class="spacer battle-history"><br></div><h2 class="battle-history">Turn 3</h2><div class="spacer battle-history"><br></div><div class="battle-history">The opposing Mamoswine used <strong>Ice Shard</strong>!<br></div><div class="battle-history"><small>It's not very effective...</small><br></div><div class="battle-history"><small>(Volcarona lost <abbr title="−35/311">11.3%</abbr> of its health!)</small><br></div><div class="spacer battle-history"><br></div><div class="battle-history">Volcarona fainted!<br></div><div class="spacer battle-history"><br></div><div class="battle-history">Go! Kyurem (<strong>Kyurem-Black</strong>)!<br></div><div class="battle-history"><small>Pointed stones dug into Kyurem!</small><br></div><div class="battle-history"><small>[Kyurem's Teravolt]</small><br><small>Kyurem is radiating a bursting aura!</small><br></div><div class="spacer battle-history"><br></div><h2 class="battle-history">Turn 4</h2><div class="chat message-error">Cacoluis2005 tiene 135 segundos restantes.</div><div class="spacer battle-history"><br></div><div class="battle-history">The opposing Mamoswine used <strong>Ice Shard</strong>!<br></div><div class="battle-history"><small>(Kyurem lost <abbr title="−87/391">22.3%</abbr> of its health!)</small><br></div><div class="spacer battle-history"><br></div><div class="battle-history">Kyurem used <strong>Iron Head</strong>!<br></div><div class="battle-history"><small>It's super effective!</small><br></div><div class="battle-history"><small>(The opposing Mamoswine lost <abbr title="−37/361">10.2%</abbr> of its health!)</small><br></div><div class="battle-history"><small>Kyurem lost some of its HP!</small><br></div><div class="spacer battle-history"><br></div><div class="battle-history">The opposing Mamoswine fainted!<br></div><div class="spacer battle-history"><br></div><div class="battle-history">Cacoluis2005 sent out <strong>Aerodactyl</strong>!<br></div><div class="battle-history"><small>[The opposing Aerodactyl's Pressure]</small><br><small>The opposing Aerodactyl is exerting its pressure!</small><br></div><div class="spacer battle-history"><br></div><h2 class="battle-history">Turn 5</h2><div class="spacer battle-history"><br></div><div class="battle-history"><small>The opposing Aerodactyl's Aerodactylite is reacting to the Key Stone!</small><br>The opposing Aerodactyl has Mega Evolved into Mega Aerodactyl!<br></div><div class="spacer battle-history"><br></div><div class="battle-history">The opposing Aerodactyl used <strong>Aerial Ace</strong>!<br></div><div class="battle-history"><small>(Kyurem lost <abbr title="−148/391">37.9%</abbr> of its health!)</small><br></div><div class="spacer battle-history"><br></div><div class="battle-history">Kyurem used <strong>Ice Beam</strong>!<br></div><div class="battle-history"><small>It's super effective!</small><br></div><div class="battle-history"><small>(The opposing Aerodactyl lost <abbr title="−301/301">100%</abbr> of its health!)</small><br></div><div class="battle-history"><small>Kyurem lost some of its HP!</small><br></div><div class="spacer battle-history"><br></div><div class="battle-history">The opposing Aerodactyl fainted!<br></div><div class="battle-history">Kyurem fainted!<br></div><div class="spacer battle-history"><br></div><div class="battle-history">Cacoluis2005 sent out <strong>Tapu Bulu</strong>!<br></div><div class="spacer battle-history"><br></div><div class="battle-history">Go! Muk (<strong>Muk-Alola</strong>)!<br></div><div class="battle-history"><small>[The opposing Tapu Bulu's Grassy Surge]</small><br><small>Grass grew to cover the battlefield!</small><br></div><div class="battle-history"><small>Pointed stones dug into Muk!</small><br></div><div class="spacer battle-history"><br></div><h2 class="battle-history">Turn 6</h2><div class="spacer battle-history"><br></div><div class="battle-history">Cacoluis2005 withdrew Tapu Bulu!<br></div><div class="battle-history">Cacoluis2005 sent out <strong>Zygarde</strong>!<br></div><div class="battle-history"><small>[The opposing Zygarde's Aura Break]</small><br><small>The opposing Zygarde reversed all other Pokémon's auras!</small><br></div><div class="spacer battle-history"><br></div><div class="battle-history">Muk used <strong>Gunk Shot</strong>!<br></div><div class="battle-history"><small>It's not very effective...</small><br></div><div class="battle-history"><small>A critical hit!</small><br></div><div class="battle-history"><small>(The opposing Zygarde lost <abbr title="−102/357">28.6%</abbr> of its health!)</small><br></div><div class="spacer battle-history"><br></div><div class="battle-history"><small>The opposing Zygarde restored a little HP using its Leftovers!</small><br></div><div class="battle-history"><small>The opposing Zygarde restored HP using its Grassy Terrain!</small><br></div><div class="battle-history"><small>Muk restored HP using its Grassy Terrain!</small><br></div><div class="spacer battle-history"><br></div><h2 class="battle-history">Turn 7</h2><div class="spacer battle-history"><br></div><div class="battle-history">Muk, come back!<br></div><div class="battle-history">Go! <strong>Celesteela</strong>!<br></div><div class="battle-history"><small>Pointed stones dug into Celesteela!</small><br></div><div class="spacer battle-history"><br></div><div class="battle-history">The opposing Zygarde used <strong>Dragon Dance</strong>!<br></div><div class="battle-history"><small>The opposing Zygarde's Attack rose!</small><br></div><div class="battle-history"><small>The opposing Zygarde's Speed rose!</small><br></div><div class="spacer battle-history"><br></div><div class="battle-history"><small>The opposing Zygarde restored a little HP using its Leftovers!</small><br></div><div class="battle-history"><small>The opposing Zygarde restored HP using its Grassy Terrain!</small><br></div><div class="battle-history"><small>Celesteela restored a little HP using its Leftovers!</small><br></div><div class="spacer battle-history"><br></div><h2 class="battle-history">Turn 8</h2><div class="spacer battle-history"><br></div><div class="battle-history">The opposing Zygarde used <strong>Thousand Arrows</strong>!<br></div><div class="battle-history"><small>(Celesteela lost <abbr title="−181/396">45.7%</abbr> of its health!)</small><br></div><div class="battle-history"><small>Celesteela fell straight down!</small><br></div><div class="spacer battle-history"><br></div><div class="battle-history">Celesteela used <strong>Leech Seed</strong>!<br></div><div class="battle-history"><small>The opposing Zygarde was seeded!</small><br></div><div class="spacer battle-history"><br></div><div class="battle-history"><small>The opposing Zygarde restored a little HP using its Leftovers!</small><br></div><div class="battle-history"><small>Celesteela restored a little HP using its Leftovers!</small><br></div><div class="battle-history"><small>Celesteela restored HP using its Grassy Terrain!</small><br></div><div class="battle-history"><small>The opposing Zygarde's health is sapped by Leech Seed!</small><br></div><div class="spacer battle-history"><br></div><h2 class="battle-history">Turn 9</h2><div class="spacer battle-history"><br></div><div class="battle-history">Celesteela used <strong>Protect</strong>!<br></div><div class="battle-history"><small>Celesteela protected itself!</small><br></div><div class="spacer battle-history"><br></div><div class="battle-history">The opposing Zygarde used <strong>Thousand Arrows</strong>!<br></div><div class="battle-history"><small>Celesteela protected itself!</small><br></div><div class="spacer battle-history"><br></div><div class="battle-history"><small>The opposing Zygarde restored a little HP using its Leftovers!</small><br></div><div class="battle-history"><small>The opposing Zygarde restored HP using its Grassy Terrain!</small><br></div><div class="battle-history"><small>Celesteela restored a little HP using its Leftovers!</small><br></div><div class="battle-history"><small>Celesteela restored HP using its Grassy Terrain!</small><br></div><div class="battle-history"><small>The opposing Zygarde's health is sapped by Leech Seed!</small><br></div><div class="spacer battle-history"><br></div><h2 class="battle-history">Turn 10</h2><div class="spacer battle-history"><br></div><div class="battle-history">The opposing Zygarde used <strong>Thousand Arrows</strong>!<br></div><div class="battle-history"><small>It's super effective!</small><br></div><div class="battle-history"><small>(Celesteela lost <abbr title="−374/396">94.4%</abbr> of its health!)</small><br></div><div class="spacer battle-history"><br></div><div class="battle-history">Celesteela fainted!<br></div><div class="spacer battle-history"><br></div><div class="battle-history"><small>The opposing Zygarde restored a little HP using its Leftovers!</small><br></div><div class="battle-history"><small>The opposing Zygarde restored HP using its Grassy Terrain!</small><br></div><div class="battle-history"><small>The grass disappeared from the battlefield.</small><br></div><div class="spacer battle-history"><br></div><div class="battle-history"><small>Polapox se rindió.</small><br></div><div class="spacer battle-history"><br></div><div class="battle-history"><strong>Cacoluis2005</strong> won the battle!<br></div><div class="chat">Cacoluis2005 ha ganado 6.75 PokeDolares.</div><div class="chat">Puntaje de Polapox: 1043 → <strong>1034</strong><br>(-9 por perder)</div><div class="chat">Puntaje de Cacoluis2005: 1054 → <strong>1093</strong><br>(+39 por ganar)</div></div><div class="inner-preempt"></div></div></div>
</div>
<script>
let daily = Math.floor(Date.now()/1000/60/60/24);document.write('<script src="https://play.pokemonshowdown.com/js/replay-embed.js?version'+daily+'"></'+'script>');
</script>
