<!DOCTYPE html>
<meta charset="utf-8" />
<!-- version 1 -->
<title>OU replay: Onii Chan 7w7 vs. OscarFer</title>
<style>
html,body {font-family:Verdana, sans-serif;font-size:10pt;margin:0;padding:0;}body{padding:12px 0;} .battle-log {font-family:Verdana, sans-serif;font-size:10pt;} .battle-log-inline {border:1px solid #AAAAAA;background:#EEF2F5;color:black;max-width:640px;margin:0 auto 80px;padding-bottom:5px;} .battle-log .inner {padding:4px 8px 0px 8px;} .battle-log .inner-preempt {padding:0 8px 4px 8px;} .battle-log .inner-after {margin-top:0.5em;} .battle-log h2 {margin:0.5em -8px;padding:4px 8px;border:1px solid #AAAAAA;background:#E0E7EA;border-left:0;border-right:0;font-family:Verdana, sans-serif;font-size:13pt;} .battle-log .chat {vertical-align:middle;padding:3px 0 3px 0;font-size:8pt;} .battle-log .chat strong {color:#40576A;} .battle-log .chat em {padding:1px 4px 1px 3px;color:#000000;font-style:normal;} .chat.mine {background:rgba(0,0,0,0.05);margin-left:-8px;margin-right:-8px;padding-left:8px;padding-right:8px;} .spoiler {color:#BBBBBB;background:#BBBBBB;padding:0px 3px;} .spoiler:hover, .spoiler:active, .spoiler-shown {color:#000000;background:#E2E2E2;padding:0px 3px;} .spoiler a {color:#BBBBBB;} .spoiler:hover a, .spoiler:active a, .spoiler-shown a {color:#2288CC;} .chat code, .chat .spoiler:hover code, .chat .spoiler:active code, .chat .spoiler-shown code {border:1px solid #C0C0C0;background:#EEEEEE;color:black;padding:0 2px;} .chat .spoiler code {border:1px solid #CCCCCC;background:#CCCCCC;color:#CCCCCC;} .battle-log .rated {padding:3px 4px;} .battle-log .rated strong {color:white;background:#89A;padding:1px 4px;border-radius:4px;} .spacer {margin-top:0.5em;} .message-announce {background:#6688AA;color:white;padding:1px 4px 2px;} .message-announce a, .broadcast-green a, .broadcast-blue a, .broadcast-red a {color:#DDEEFF;} .broadcast-green {background-color:#559955;color:white;padding:2px 4px;} .broadcast-blue {background-color:#6688AA;color:white;padding:2px 4px;} .infobox {border:1px solid #6688AA;padding:2px 4px;} .infobox-limited {max-height:200px;overflow:auto;overflow-x:hidden;} .broadcast-red {background-color:#AA5544;color:white;padding:2px 4px;} .message-learn-canlearn {font-weight:bold;color:#228822;text-decoration:underline;} .message-learn-cannotlearn {font-weight:bold;color:#CC2222;text-decoration:underline;} .message-effect-weak {font-weight:bold;color:#CC2222;} .message-effect-resist {font-weight:bold;color:#6688AA;} .message-effect-immune {font-weight:bold;color:#666666;} .message-learn-list {margin-top:0;margin-bottom:0;} .message-throttle-notice, .message-error {color:#992222;} .message-overflow, .chat small.message-overflow {font-size:0pt;} .message-overflow::before {font-size:9pt;content:'...';} .subtle {color:#3A4A66;}
</style>
<div class="wrapper replay-wrapper" style="max-width:1180px;margin:0 auto">
<input type="hidden" name="replayid" value="destiny-ou-521991" />
<div class="battle"></div><div class="battle-log"></div><div class="replay-controls"></div><div class="replay-controls-2"></div>
<h1 style="font-weight:normal;text-align:center"><strong>OU</strong><br /><a href="http://pokemonshowdown.com/users/oniichan7w7" class="subtle" target="_blank">Onii Chan 7w7</a> vs. <a href="http://pokemonshowdown.com/users/oscarfer" class="subtle" target="_blank">OscarFer</a></h1>
<script type="text/plain" class="battle-log-data">|player|p1|Onii Chan 7w7|2006
|teamsize|p1|6
|player|p2|OscarFer|2077
|teamsize|p2|6
|teamsize|p1|6
|teamsize|p2|6
|gametype|singles
|gen|7
|tier|OU
|rated
|seed|28763,45817,61852,60647
|rule|Cláusula-Mod de Dormir: solo puedes dormir a uno de tus oponentes a la vez.
|rule|Cláusula de Especie: Hasta un Pokémon de cada especie
|rule|Cláusula de Golpe Fulminante: los movimientos fulminantes (OHKO) estan prohibidos
|rule|Cláusula de Veleta: la habilidad Veleta está prohibida
|rule|Cláusula de Movimientos Evasivos: los movimientos de Evasión están prohibidos.
|rule|Cláusula de Batallas Eternas: forzar batallas eternas está prohibido
|clearpoke
|poke|p1|Swampert, M, shiny|item
|poke|p1|Tapu Lele|item
|poke|p1|Porygon-Z, shiny|item
|poke|p1|Ferrothorn, F|item
|poke|p1|Zygarde, shiny|item
|poke|p1|Zeraora|item
|poke|p2|Chansey, F|item
|poke|p2|Toxapex, M|item
|poke|p2|Tapu Koko|item
|poke|p2|Pelipper, M|item
|poke|p2|Swampert, M|item
|poke|p2|Ferrothorn, M|item
|teampreview|undefined
|choice|*team 423156|*
|inactive|Reloj de batalla ENCENDIDO. El jugador inactivo será descalificado (solicitado por OscarFer).
|choice|*|*team 623451
|choice|team 4, 2, 3, 1, 5, 6|team 6, 2, 3, 4, 5, 1
|
|start
|switch|p1a: Ferrothorn|Ferrothorn, F|351\/351
|switch|p2a: Ferrothorn|Ferrothorn, M|352\/352
|turn|1
|choice|*|*move 2
|choice|*move 1|*
|choice|move stealthrock|move stealthrock
|
|move|p2a: Ferrothorn|Stealth Rock|p1a: Ferrothorn
|-sidestart|p1: Onii Chan 7w7|move: Stealth Rock
|move|p1a: Ferrothorn|Stealth Rock|p2a: Ferrothorn
|-sidestart|p2: OscarFer|move: Stealth Rock
|
|upkeep
|turn|2
|choice|*|*switch 2
|choice|*move 4|*
|choice|move knockoff|switch 2
|
|switch|p2a: Toxapex|Toxapex, M|303\/303
|-damage|p2a: Toxapex|266\/303|[from] Stealth Rock
|move|p1a: Ferrothorn|Knock Off|p2a: Toxapex
|-damage|p2a: Toxapex|213\/303
|-enditem|p2a: Toxapex|Black Sludge|[from] move: Knock Off|[of] p1a: Ferrothorn
|
|upkeep
|turn|3
|choice|*|*move 1
|choice|*move 2|*
|choice|move leechseed|move toxicspikes
|
|move|p2a: Toxapex|Toxic Spikes|p1a: Ferrothorn
|-sidestart|p1: Onii Chan 7w7|move: Toxic Spikes
|move|p1a: Ferrothorn|Leech Seed|p2a: Toxapex
|-start|p2a: Toxapex|move: Leech Seed
|
|-damage|p2a: Toxapex|176\/303|[from] Leech Seed|[of] p1a: Ferrothorn
|upkeep
|turn|4
|choice|*move 4|*
|choice|*|*switch 2
|choice|move knockoff|switch 2
|
|switch|p2a: Ferrothorn|Ferrothorn, M|352\/352
|-damage|p2a: Ferrothorn|330\/352|[from] Stealth Rock
|move|p1a: Ferrothorn|Knock Off|p2a: Ferrothorn
|-damage|p2a: Ferrothorn|284\/352
|-damage|p1a: Ferrothorn|308\/351|[from] ability: Iron Barbs|[of] p2a: Ferrothorn
|-damage|p1a: Ferrothorn|250\/351|[from] item: Rocky Helmet|[of] p2a: Ferrothorn
|-enditem|p2a: Ferrothorn|Rocky Helmet|[from] move: Knock Off|[of] p1a: Ferrothorn
|
|upkeep
|turn|5
|choice|*|*move 4
|choice|*move 1|*
|choice|move stealthrock|move leechseed
|
|move|p2a: Ferrothorn|Leech Seed|p1a: Ferrothorn
|-immune|p1a: Ferrothorn|[msg]
|move|p1a: Ferrothorn|Stealth Rock|p2a: Ferrothorn
|-fail|p1a: Ferrothorn
|
|upkeep
|turn|6
|choice|*|*move 4
|choice|*move 3|*
|choice|move protect|move leechseed
|
|move|p1a: Ferrothorn|Protect|p1a: Ferrothorn
|-singleturn|p1a: Ferrothorn|Protect
|move|p2a: Ferrothorn|Leech Seed|p1a: Ferrothorn
|-activate|p1a: Ferrothorn|move: Protect
|
|upkeep
|turn|7
|choice|*move 1|*
|choice|*|*move 4
|choice|move stealthrock|move leechseed
|
|move|p2a: Ferrothorn|Leech Seed|p1a: Ferrothorn
|-immune|p1a: Ferrothorn|[msg]
|move|p1a: Ferrothorn|Stealth Rock|p2a: Ferrothorn
|-fail|p1a: Ferrothorn
|
|upkeep
|turn|8
|choice|*|*move 2
|inactive|Onii Chan 7w7 tiene 135 segundos restantes.
|choice|*move 3|*
|choice|move protect|move stealthrock
|
|move|p1a: Ferrothorn|Protect|p1a: Ferrothorn
|-singleturn|p1a: Ferrothorn|Protect
|move|p2a: Ferrothorn|Stealth Rock|p1a: Ferrothorn
|-fail|p2a: Ferrothorn
|
|upkeep
|turn|9
|inactive|Onii Chan 7w7 tiene 135 segundos restantes.
|inactive|OscarFer tiene 135 segundos restantes.
|c|☆Onii Chan 7w7|joder esto esta mejor que ver pelear a 2 magikarp
|inactive|Onii Chan 7w7 tiene 120 segundos restantes.
|inactive|OscarFer tiene 120 segundos restantes.
|c|☆Onii Chan 7w7|:3
|choice|*move 3|*
|choice|*move 1|*
|c|☆OscarFer|LMAO
|choice|*move 2|*
|choice|*|*switch 3
|choice|move leechseed|switch 3
|
|switch|p2a: Tapu Koko|Tapu Koko|281\/281
|-damage|p2a: Tapu Koko|246\/281|[from] Stealth Rock
|-fieldstart|move: Electric Terrain|[from] ability: Electric Surge|[of] p2a: Tapu Koko
|move|p1a: Ferrothorn|Leech Seed|p2a: Tapu Koko
|-start|p2a: Tapu Koko|move: Leech Seed
|
|-damage|p2a: Tapu Koko|211\/281|[from] Leech Seed|[of] p1a: Ferrothorn
|-heal|p1a: Ferrothorn|285\/351|[silent]
|upkeep
|turn|10
|choice|*|*move 4
|choice|*move 4|*
|choice|move knockoff|move naturesmadness
|
|move|p2a: Tapu Koko|Nature's Madness|p1a: Ferrothorn
|-damage|p1a: Ferrothorn|143\/351
|move|p1a: Ferrothorn|Knock Off|p2a: Tapu Koko
|-resisted|p2a: Tapu Koko
|-damage|p2a: Tapu Koko|177\/281
|-enditem|p2a: Tapu Koko|Light Clay|[from] move: Knock Off|[of] p1a: Ferrothorn
|
|-damage|p2a: Tapu Koko|142\/281|[from] Leech Seed|[of] p1a: Ferrothorn
|-heal|p1a: Ferrothorn|178\/351|[silent]
|upkeep
|turn|11
|choice|*|*switch 3
|choice|*move 3|*
|choice|move protect|switch 3
|
|switch|p2a: Ferrothorn|Ferrothorn, M|284\/352
|-damage|p2a: Ferrothorn|262\/352|[from] Stealth Rock
|move|p1a: Ferrothorn|Protect|p1a: Ferrothorn
|-fail|p1a: Ferrothorn
|
|upkeep
|turn|12
|choice|*|*move 4
|choice|*move 2|*
|choice|move leechseed|move leechseed
|
|move|p2a: Ferrothorn|Leech Seed|p1a: Ferrothorn
|-immune|p1a: Ferrothorn|[msg]
|move|p1a: Ferrothorn|Leech Seed|p2a: Ferrothorn
|-immune|p2a: Ferrothorn|[msg]
|
|upkeep
|turn|13
|choice|*move 3|*
|choice|*move 1|*
|choice|*|*move 4
|choice|move stealthrock|move leechseed
|
|move|p1a: Ferrothorn|Stealth Rock|p2a: Ferrothorn
|-fail|p1a: Ferrothorn
|move|p2a: Ferrothorn|Leech Seed|p1a: Ferrothorn
|-immune|p1a: Ferrothorn|[msg]
|
|-fieldend|move: Electric Terrain
|upkeep
|turn|14
|choice|*move 1|*
|choice|*|*move 2
|choice|move stealthrock|move stealthrock
|
|move|p2a: Ferrothorn|Stealth Rock|p1a: Ferrothorn
|-fail|p2a: Ferrothorn
|move|p1a: Ferrothorn|Stealth Rock|p2a: Ferrothorn
|-fail|p1a: Ferrothorn
|
|upkeep
|turn|15
|choice|*|*move 4
|choice|*move 2|*
|choice|move leechseed|move leechseed
|
|move|p1a: Ferrothorn|Leech Seed|p2a: Ferrothorn
|-immune|p2a: Ferrothorn|[msg]
|move|p2a: Ferrothorn|Leech Seed|p1a: Ferrothorn
|-immune|p1a: Ferrothorn|[msg]
|
|upkeep
|turn|16
|choice|*move 3|*
|choice|*move 1|*
|choice|*|*move 4
|choice|move stealthrock|move leechseed
|
|move|p2a: Ferrothorn|Leech Seed|p1a: Ferrothorn
|-immune|p1a: Ferrothorn|[msg]
|move|p1a: Ferrothorn|Stealth Rock|p2a: Ferrothorn
|-fail|p1a: Ferrothorn
|
|upkeep
|turn|17
|choice|*|*move 2
|inactive|Onii Chan 7w7 tiene 135 segundos restantes.
|choice|*move 2|*
|choice|move leechseed|move stealthrock
|
|move|p2a: Ferrothorn|Stealth Rock|p1a: Ferrothorn
|-fail|p2a: Ferrothorn
|move|p1a: Ferrothorn|Leech Seed|p2a: Ferrothorn
|-immune|p2a: Ferrothorn|[msg]
|
|upkeep
|turn|18
|choice|*move 1|*
|choice|*|*move 2
|choice|move stealthrock|move stealthrock
|
|move|p2a: Ferrothorn|Stealth Rock|p1a: Ferrothorn
|-fail|p2a: Ferrothorn
|move|p1a: Ferrothorn|Stealth Rock|p2a: Ferrothorn
|-fail|p1a: Ferrothorn
|
|upkeep
|turn|19
|choice|*move 1|*
|choice|*|*move 2
|choice|move stealthrock|move stealthrock
|
|move|p1a: Ferrothorn|Stealth Rock|p2a: Ferrothorn
|-fail|p1a: Ferrothorn
|move|p2a: Ferrothorn|Stealth Rock|p1a: Ferrothorn
|-fail|p2a: Ferrothorn
|
|upkeep
|turn|20
|choice|*move 1|*
|choice|*|*switch 3
|choice|move stealthrock|switch 3
|
|switch|p2a: Tapu Koko|Tapu Koko|142\/281
|-damage|p2a: Tapu Koko|107\/281|[from] Stealth Rock
|-fieldstart|move: Electric Terrain|[from] ability: Electric Surge|[of] p2a: Tapu Koko
|move|p1a: Ferrothorn|Stealth Rock|p2a: Tapu Koko
|-fail|p1a: Ferrothorn
|
|upkeep
|turn|21
|choice|*|*switch 3
|choice|*move 1|*
|choice|move stealthrock|switch 3
|
|switch|p2a: Ferrothorn|Ferrothorn, M|262\/352
|-damage|p2a: Ferrothorn|240\/352|[from] Stealth Rock
|move|p1a: Ferrothorn|Stealth Rock|p2a: Ferrothorn
|-fail|p1a: Ferrothorn
|
|upkeep
|turn|22
|choice|*|*switch 4
|c|☆Onii Chan 7w7|nel prro :v
|choice|*move 1|*
|choice|move stealthrock|switch 4
|
|switch|p2a: Pelipper|Pelipper, M|324\/324
|-damage|p2a: Pelipper|243\/324|[from] Stealth Rock
|-weather|RainDance|[from] ability: Drizzle|[of] p2a: Pelipper
|move|p1a: Ferrothorn|Stealth Rock|p2a: Pelipper
|-fail|p1a: Ferrothorn
|
|-weather|RainDance|[upkeep]
|upkeep
|turn|23
|choice|*move 2|*
|choice|*|*move 3
|choice|move leechseed|move hurricane
|
|move|p2a: Pelipper|Hurricane|p1a: Ferrothorn
|-damage|p1a: Ferrothorn|66\/351
|move|p1a: Ferrothorn|Leech Seed|p2a: Pelipper
|-start|p2a: Pelipper|move: Leech Seed
|
|-weather|RainDance|[upkeep]
|-damage|p2a: Pelipper|203\/324|[from] Leech Seed|[of] p1a: Ferrothorn
|-heal|p1a: Ferrothorn|106\/351|[silent]
|upkeep
|turn|24
|choice|*|*move 3
|choice|*|*switch 3
|choice|*move 3|*
|choice|move protect|switch 3
|
|switch|p2a: Tapu Koko|Tapu Koko|107\/281
|-damage|p2a: Tapu Koko|72\/281|[from] Stealth Rock
|move|p1a: Ferrothorn|Protect|p1a: Ferrothorn
|-fail|p1a: Ferrothorn
|
|-weather|RainDance|[upkeep]
|-fieldend|move: Electric Terrain
|upkeep
|turn|25
|choice|*|*move 3
|choice|*move 3|*
|choice|move protect|move thunder
|
|move|p1a: Ferrothorn|Protect|p1a: Ferrothorn
|-singleturn|p1a: Ferrothorn|Protect
|move|p2a: Tapu Koko|Thunder|p1a: Ferrothorn
|-activate|p1a: Ferrothorn|move: Protect
|
|-weather|RainDance|[upkeep]
|upkeep
|turn|26
|choice|*|*move 2
|choice|*move 2|*
|choice|move leechseed|move reflect
|
|move|p2a: Tapu Koko|Reflect|p2a: Tapu Koko
|-sidestart|p2: OscarFer|Reflect
|move|p1a: Ferrothorn|Leech Seed|p2a: Tapu Koko
|-start|p2a: Tapu Koko|move: Leech Seed
|
|-weather|RainDance|[upkeep]
|-damage|p2a: Tapu Koko|37\/281|[from] Leech Seed|[of] p1a: Ferrothorn
|-heal|p1a: Ferrothorn|141\/351|[silent]
|upkeep
|turn|27
|choice|*|*move 4
|choice|*move 2|*
|choice|move leechseed|move naturesmadness
|
|move|p2a: Tapu Koko|Nature's Madness|p1a: Ferrothorn
|-damage|p1a: Ferrothorn|71\/351
|move|p1a: Ferrothorn|Leech Seed|p2a: Tapu Koko
|-fail|p1a: Ferrothorn
|
|-weather|RainDance|[upkeep]
|-damage|p2a: Tapu Koko|2\/281|[from] Leech Seed|[of] p1a: Ferrothorn
|-heal|p1a: Ferrothorn|106\/351|[silent]
|upkeep
|turn|28
|choice|*|*move 1
|choice|*move 3|*
|choice|move protect|move lightscreen
|
|move|p1a: Ferrothorn|Protect|p1a: Ferrothorn
|-singleturn|p1a: Ferrothorn|Protect
|move|p2a: Tapu Koko|Light Screen|p2a: Tapu Koko
|-sidestart|p2: OscarFer|move: Light Screen
|
|-weather|RainDance|[upkeep]
|-damage|p2a: Tapu Koko|0 fnt|[from] Leech Seed|[of] p1a: Ferrothorn
|-heal|p1a: Ferrothorn|108\/351|[silent]
|upkeep
|faint|p2a: Tapu Koko
|choice|*|*switch 5
|choice||switch 5
|
|switch|p2a: Swampert|Swampert, M|341\/341
|-damage|p2a: Swampert|320\/341|[from] Stealth Rock
|turn|29
|choice|*|*move 4 mega
|choice|*move 2|*
|choice|move leechseed|move poweruppunch mega
|
|-mega|p2a: Swampert|Swampert|Swampertite
|detailschange|p2a: Swampert|Swampert-Mega, M
|move|p2a: Swampert|Power-Up Punch|p1a: Ferrothorn
|-supereffective|p1a: Ferrothorn
|-damage|p1a: Ferrothorn|32\/351
|-damage|p2a: Swampert|278\/341|[from] ability: Iron Barbs|[of] p1a: Ferrothorn
|-damage|p2a: Swampert|222\/341|[from] item: Rocky Helmet|[of] p1a: Ferrothorn
|-boost|p2a: Swampert|atk|1
|move|p1a: Ferrothorn|Leech Seed|p2a: Swampert
|-start|p2a: Swampert|move: Leech Seed
|
|-weather|none
|-damage|p2a: Swampert|180\/341|[from] Leech Seed|[of] p1a: Ferrothorn
|-heal|p1a: Ferrothorn|74\/351|[silent]
|upkeep
|turn|30
|choice|*|*move 4
|choice|*move 3|*
|choice|move protect|move poweruppunch
|
|move|p1a: Ferrothorn|Protect|p1a: Ferrothorn
|-singleturn|p1a: Ferrothorn|Protect
|move|p2a: Swampert|Power-Up Punch|p1a: Ferrothorn
|-activate|p1a: Ferrothorn|move: Protect
|
|-damage|p2a: Swampert|138\/341|[from] Leech Seed|[of] p1a: Ferrothorn
|-heal|p1a: Ferrothorn|116\/351|[silent]
|-sideend|p2: OscarFer|Reflect
|upkeep
|turn|31
|choice|*|*move 4
|c|☆OscarFer|que flojera
|-message|OscarFer se rindió.
|
|win|Onii Chan 7w7
Onii Chan 7w7 ha ganado 8 PokeDolares.
|raw|Puntaje de Onii Chan 7w7: 1141 &rarr; <strong>1184<\/strong><br \/>(+43 por ganar)
|raw|Puntaje de OscarFer: 1288 &rarr; <strong>1253<\/strong><br \/>(-35 por perder)
|c|☆Onii Chan 7w7|xd
|c|☆Onii Chan 7w7|:v
</script>
</div>
<div class="battle-log battle-log-inline"><div class="inner"><div class="battle-options"></div><div class="inner"><div class=""><small>Format:</small> <br><strong>OU</strong></div><div class="rated"><strong>Rated battle</strong></div><div class=""><small><em>Cláusula-Mod de Dormir:</em> solo puedes dormir a uno de tus oponentes a la vez.</small></div><div class=""><small><em>Cláusula de Especie:</em> Hasta un Pokémon de cada especie</small></div><div class=""><small><em>Cláusula de Golpe Fulminante:</em> los movimientos fulminantes (OHKO) estan prohibidos</small></div><div class=""><small><em>Cláusula de Veleta:</em> la habilidad Veleta está prohibida</small></div><div class=""><small><em>Cláusula de Movimientos Evasivos:</em> los movimientos de Evasión están prohibidos.</small></div><div class=""><small><em>Cláusula de Batallas Eternas:</em> forzar batallas eternas está prohibido</small></div><div class="chat battle-history"><strong>Onii Chan 7w7's team:</strong> <em style="color:#445566;display:block;">Swampert / Tapu Lele / Porygon-Z / Ferrothorn / Zygarde / Zeraora</em></div><div class="chat battle-history"><strong>OscarFer's team:</strong> <em style="color:#445566;display:block;">Chansey / Toxapex / Tapu Koko / Pelipper / Swampert / Ferrothorn</em></div><div class="chat message-error">Reloj de batalla ENCENDIDO. El jugador inactivo será descalificado (solicitado por OscarFer).</div><div class="spacer battle-history"><br></div><div class="battle-history">Battle started between Onii Chan 7w7 and OscarFer!<br></div><div class="spacer battle-history"><br></div><div class="battle-history">Go! <strong>Ferrothorn</strong>!<br></div><div class="spacer battle-history"><br></div><div class="battle-history">OscarFer sent out <strong>Ferrothorn</strong>!<br></div><div class="spacer battle-history"><br></div><h2 class="battle-history">Turn 1</h2><div class="spacer battle-history"><br></div><div class="battle-history">The opposing Ferrothorn used <strong>Stealth Rock</strong>!<br></div><div class="battle-history"><small>Pointed stones float in the air around your team!</small><br></div><div class="spacer battle-history"><br></div><div class="battle-history">Ferrothorn used <strong>Stealth Rock</strong>!<br></div><div class="battle-history"><small>Pointed stones float in the air around the opposing team!</small><br></div><div class="spacer battle-history"><br></div><h2 class="battle-history">Turn 2</h2><div class="spacer battle-history"><br></div><div class="battle-history">OscarFer withdrew Ferrothorn!<br></div><div class="battle-history">OscarFer sent out <strong>Toxapex</strong>!<br></div><div class="battle-history"><small>Pointed stones dug into the opposing Toxapex!</small><br></div><div class="spacer battle-history"><br></div><div class="battle-history">Ferrothorn used <strong>Knock Off</strong>!<br></div><div class="battle-history"><small>(The opposing Toxapex lost <abbr title="−53/303">17.5%</abbr> of its health!)</small><br></div><div class="battle-history"><small>Ferrothorn knocked off the opposing Toxapex's Black Sludge!</small><br></div><div class="spacer battle-history"><br></div><h2 class="battle-history">Turn 3</h2><div class="spacer battle-history"><br></div><div class="battle-history">The opposing Toxapex used <strong>Toxic Spikes</strong>!<br></div><div class="battle-history"><small>Poison spikes were scattered on the ground all around your team!</small><br></div><div class="spacer battle-history"><br></div><div class="battle-history">Ferrothorn used <strong>Leech Seed</strong>!<br></div><div class="battle-history"><small>The opposing Toxapex was seeded!</small><br></div><div class="spacer battle-history"><br></div><div class="battle-history"><small>The opposing Toxapex's health is sapped by Leech Seed!</small><br></div><div class="spacer battle-history"><br></div><h2 class="battle-history">Turn 4</h2><div class="spacer battle-history"><br></div><div class="battle-history">OscarFer withdrew Toxapex!<br></div><div class="battle-history">OscarFer sent out <strong>Ferrothorn</strong>!<br></div><div class="battle-history"><small>Pointed stones dug into the opposing Ferrothorn!</small><br></div><div class="spacer battle-history"><br></div><div class="battle-history">Ferrothorn used <strong>Knock Off</strong>!<br></div><div class="battle-history"><small>(The opposing Ferrothorn lost <abbr title="−46/352">13.1%</abbr> of its health!)</small><br></div><div class="battle-history"><small>[The opposing Ferrothorn's Iron Barbs]</small><br><small>Ferrothorn was hurt!</small><br></div><div class="battle-history"><small>Ferrothorn was hurt by the Rocky Helmet!</small><br></div><div class="battle-history"><small>Ferrothorn knocked off the opposing Ferrothorn's Rocky Helmet!</small><br></div><div class="spacer battle-history"><br></div><h2 class="battle-history">Turn 5</h2><div class="spacer battle-history"><br></div><div class="battle-history">The opposing Ferrothorn used <strong>Leech Seed</strong>!<br></div><div class="battle-history"><small>It doesn't affect Ferrothorn...</small><br></div><div class="spacer battle-history"><br></div><div class="battle-history">Ferrothorn used <strong>Stealth Rock</strong>!<br></div><div class="battle-history"><small>But it failed!</small><br></div><div class="spacer battle-history"><br></div><h2 class="battle-history">Turn 6</h2><div class="spacer battle-history"><br></div><div class="battle-history">Ferrothorn used <strong>Protect</strong>!<br></div><div class="battle-history"><small>Ferrothorn protected itself!</small><br></div><div class="spacer battle-history"><br></div><div class="battle-history">The opposing Ferrothorn used <strong>Leech Seed</strong>!<br></div><div class="battle-history"><small>Ferrothorn protected itself!</small><br></div><div class="spacer battle-history"><br></div><h2 class="battle-history">Turn 7</h2><div class="spacer battle-history"><br></div><div class="battle-history">The opposing Ferrothorn used <strong>Leech Seed</strong>!<br></div><div class="battle-history"><small>It doesn't affect Ferrothorn...</small><br></div><div class="spacer battle-history"><br></div><div class="battle-history">Ferrothorn used <strong>Stealth Rock</strong>!<br></div><div class="battle-history"><small>But it failed!</small><br></div><div class="spacer battle-history"><br></div><h2 class="battle-history">Turn 8</h2><div class="chat message-error">Onii Chan 7w7 tiene 135 segundos restantes.</div><div class="spacer battle-history"><br></div><div class="battle-history">Ferrothorn used <strong>Protect</strong>!<br></div><div class="battle-history"><small>Ferrothorn protected itself!</small><br></div><div class="spacer battle-history"><br></div><div class="battle-history">The opposing Ferrothorn used <strong>Stealth Rock</strong>!<br></div><div class="battle-history"><small>But it failed!</small><br></div><div class="spacer battle-history"><br></div><h2 class="battle-history">Turn 9</h2><div class="chat message-error">Onii Chan 7w7 tiene 135 segundos restantes.</div><div class="chat message-error">OscarFer tiene 135 segundos restantes.</div><div class="chat chatmessage-oniichan7w7"><strong style="color:hsl(98,76%,35%)"><small>☆</small><span class="username" data-name="Onii Chan 7w7">Onii Chan 7w7</span>:</strong> <em>joder esto esta mejor que ver pelear a 2 magikarp</em></div><div class="chat message-error">Onii Chan 7w7 tiene 120 segundos restantes.</div><div class="chat message-error">OscarFer tiene 120 segundos restantes.</div><div class="chat chatmessage-oniichan7w7"><strong style="color:hsl(98,76%,35%)"><small>☆</small><span class="username" data-name="Onii Chan 7w7">Onii Chan 7w7</span>:</strong> <em>:3</em></div><div class="chat chatmessage-oscarfer"><strong style="color:hsl(82,49%,42%)"><small>☆</small><span class="username" data-name="OscarFer">OscarFer</span>:</strong> <em>LMAO</em></div><div class="spacer battle-history"><br></div><div class="battle-history">OscarFer withdrew Ferrothorn!<br></div><div class="battle-history">OscarFer sent out <strong>Tapu Koko</strong>!<br></div><div class="battle-history"><small>Pointed stones dug into the opposing Tapu Koko!</small><br></div><div class="battle-history"><small>[The opposing Tapu Koko's Electric Surge]</small><br><small>An electric current runs across the battlefield!</small><br></div><div class="spacer battle-history"><br></div><div class="battle-history">Ferrothorn used <strong>Leech Seed</strong>!<br></div><div class="battle-history"><small>The opposing Tapu Koko was seeded!</small><br></div><div class="spacer battle-history"><br></div><div class="battle-history"><small>The opposing Tapu Koko's health is sapped by Leech Seed!</small><br></div><div class="spacer battle-history"><br></div><h2 class="battle-history">Turn 10</h2><div class="spacer battle-history"><br></div><div class="battle-history">The opposing Tapu Koko used <strong>Nature's Madness</strong>!<br></div><div class="battle-history"><small>(Ferrothorn lost <abbr title="−142/351">40.5%</abbr> of its health!)</small><br></div><div class="spacer battle-history"><br></div><div class="battle-history">Ferrothorn used <strong>Knock Off</strong>!<br></div><div class="battle-history"><small>It's not very effective...</small><br></div><div class="battle-history"><small>(The opposing Tapu Koko lost <abbr title="−34/281">12.1%</abbr> of its health!)</small><br></div><div class="battle-history"><small>Ferrothorn knocked off the opposing Tapu Koko's Light Clay!</small><br></div><div class="spacer battle-history"><br></div><div class="battle-history"><small>The opposing Tapu Koko's health is sapped by Leech Seed!</small><br></div><div class="spacer battle-history"><br></div><h2 class="battle-history">Turn 11</h2><div class="spacer battle-history"><br></div><div class="battle-history">OscarFer withdrew Tapu Koko!<br></div><div class="battle-history">OscarFer sent out <strong>Ferrothorn</strong>!<br></div><div class="battle-history"><small>Pointed stones dug into the opposing Ferrothorn!</small><br></div><div class="spacer battle-history"><br></div><div class="battle-history">Ferrothorn used <strong>Protect</strong>!<br></div><div class="battle-history"><small>But it failed!</small><br></div><div class="spacer battle-history"><br></div><h2 class="battle-history">Turn 12</h2><div class="spacer battle-history"><br></div><div class="battle-history">The opposing Ferrothorn used <strong>Leech Seed</strong>!<br></div><div class="battle-history"><small>It doesn't affect Ferrothorn...</small><br></div><div class="spacer battle-history"><br></div><div class="battle-history">Ferrothorn used <strong>Leech Seed</strong>!<br></div><div class="battle-history"><small>It doesn't affect the opposing Ferrothorn...</small><br></div><div class="spacer battle-history"><br></div><h2 class="battle-history">Turn 13</h2><div class="spacer battle-history"><br></div><div class="battle-history">Ferrothorn used <strong>Stealth Rock</strong>!<br></div><div class="battle-history"><small>But it failed!</small><br></div><div class="spacer battle-history"><br></div><div class="battle-history">The opposing Ferrothorn used <strong>Leech Seed</strong>!<br></div><div class="battle-history"><small>It doesn't affect Ferrothorn...</small><br></div><div class="spacer battle-history"><br></div><div class="battle-history"><small>The electricity disappeared from the battlefield.</small><br></div><div class="spacer battle-history"><br></div><h2 class="battle-history">Turn 14</h2><div class="spacer battle-history"><br></div><div class="battle-history">The opposing Ferrothorn used <strong>Stealth Rock</strong>!<br></div><div class="battle-history"><small>But it failed!</small><br></div><div class="spacer battle-history"><br></div><div class="battle-history">Ferrothorn used <strong>Stealth Rock</strong>!<br></div><div class="battle-history"><small>But it failed!</small><br></div><div class="spacer battle-history"><br></div><h2 class="battle-history">Turn 15</h2><div class="spacer battle-history"><br></div><div class="battle-history">Ferrothorn used <strong>Leech Seed</strong>!<br></div><div class="battle-history"><small>It doesn't affect the opposing Ferrothorn...</small><br></div><div class="spacer battle-history"><br></div><div class="battle-history">The opposing Ferrothorn used <strong>Leech Seed</strong>!<br></div><div class="battle-history"><small>It doesn't affect Ferrothorn...</small><br></div><div class="spacer battle-history"><br></div><h2 class="battle-history">Turn 16</h2><div class="spacer battle-history"><br></div><div class="battle-history">The opposing Ferrothorn used <strong>Leech Seed</strong>!<br></div><div class="battle-history"><small>It doesn't affect Ferrothorn...</small><br></div><div class="spacer battle-history"><br></div><div class="battle-history">Ferrothorn used <strong>Stealth Rock</strong>!<br></div><div class="battle-history"><small>But it failed!</small><br></div><div class="spacer battle-history"><br></div><h2 class="battle-history">Turn 17</h2><div class="chat message-error">Onii Chan 7w7 tiene 135 segundos restantes.</div><div class="spacer battle-history"><br></div><div class="battle-history">The opposing Ferrothorn used <strong>Stealth Rock</strong>!<br></div><div class="battle-history"><small>But it failed!</small><br></div><div class="spacer battle-history"><br></div><div class="battle-history">Ferrothorn used <strong>Leech Seed</strong>!<br></div><div class="battle-history"><small>It doesn't affect the opposing Ferrothorn...</small><br></div><div class="spacer battle-history"><br></div><h2 class="battle-history">Turn 18</h2><div class="spacer battle-history"><br></div><div class="battle-history">The opposing Ferrothorn used <strong>Stealth Rock</strong>!<br></div><div class="battle-history"><small>But it failed!</small><br></div><div class="spacer battle-history"><br></div><div class="battle-history">Ferrothorn used <strong>Stealth Rock</strong>!<br></div><div class="battle-history"><small>But it failed!</small><br></div><div class="spacer battle-history"><br></div><h2 class="battle-history">Turn 19</h2><div class="spacer battle-history"><br></div><div class="battle-history">Ferrothorn used <strong>Stealth Rock</strong>!<br></div><div class="battle-history"><small>But it failed!</small><br></div><div class="spacer battle-history"><br></div><div class="battle-history">The opposing Ferrothorn used <strong>Stealth Rock</strong>!<br></div><div class="battle-history"><small>But it failed!</small><br></div><div class="spacer battle-history"><br></div><h2 class="battle-history">Turn 20</h2><div class="spacer battle-history"><br></div><div class="battle-history">OscarFer withdrew Ferrothorn!<br></div><div class="battle-history">OscarFer sent out <strong>Tapu Koko</strong>!<br></div><div class="battle-history"><small>Pointed stones dug into the opposing Tapu Koko!</small><br></div><div class="battle-history"><small>[The opposing Tapu Koko's Electric Surge]</small><br><small>An electric current runs across the battlefield!</small><br></div><div class="spacer battle-history"><br></div><div class="battle-history">Ferrothorn used <strong>Stealth Rock</strong>!<br></div><div class="battle-history"><small>But it failed!</small><br></div><div class="spacer battle-history"><br></div><h2 class="battle-history">Turn 21</h2><div class="spacer battle-history"><br></div><div class="battle-history">OscarFer withdrew Tapu Koko!<br></div><div class="battle-history">OscarFer sent out <strong>Ferrothorn</strong>!<br></div><div class="battle-history"><small>Pointed stones dug into the opposing Ferrothorn!</small><br></div><div class="spacer battle-history"><br></div><div class="battle-history">Ferrothorn used <strong>Stealth Rock</strong>!<br></div><div class="battle-history"><small>But it failed!</small><br></div><div class="spacer battle-history"><br></div><h2 class="battle-history">Turn 22</h2><div class="chat chatmessage-oniichan7w7"><strong style="color:hsl(98,76%,35%)"><small>☆</small><span class="username" data-name="Onii Chan 7w7">Onii Chan 7w7</span>:</strong> <em>nel prro :v</em></div><div class="spacer battle-history"><br></div><div class="battle-history">OscarFer withdrew Ferrothorn!<br></div><div class="battle-history">OscarFer sent out <strong>Pelipper</strong>!<br></div><div class="battle-history"><small>Pointed stones dug into the opposing Pelipper!</small><br></div><div class="battle-history"><small>[The opposing Pelipper's Drizzle]</small><br><small>It started to rain!</small><br></div><div class="spacer battle-history"><br></div><div class="battle-history">Ferrothorn used <strong>Stealth Rock</strong>!<br></div><div class="battle-history"><small>But it failed!</small><br></div><div class="spacer battle-history"><br></div><div class="battle-history"><small>(Rain continues to fall!)</small><br></div><div class="spacer battle-history"><br></div><h2 class="battle-history">Turn 23</h2><div class="spacer battle-history"><br></div><div class="battle-history">The opposing Pelipper used <strong>Hurricane</strong>!<br></div><div class="battle-history"><small>(Ferrothorn lost <abbr title="−112/351">31.9%</abbr> of its health!)</small><br></div><div class="spacer battle-history"><br></div><div class="battle-history">Ferrothorn used <strong>Leech Seed</strong>!<br></div><div class="battle-history"><small>The opposing Pelipper was seeded!</small><br></div><div class="spacer battle-history"><br></div><div class="battle-history"><small>(Rain continues to fall!)</small><br></div><div class="battle-history"><small>The opposing Pelipper's health is sapped by Leech Seed!</small><br></div><div class="spacer battle-history"><br></div><h2 class="battle-history">Turn 24</h2><div class="spacer battle-history"><br></div><div class="battle-history">OscarFer withdrew Pelipper!<br></div><div class="battle-history">OscarFer sent out <strong>Tapu Koko</strong>!<br></div><div class="battle-history"><small>Pointed stones dug into the opposing Tapu Koko!</small><br></div><div class="spacer battle-history"><br></div><div class="battle-history">Ferrothorn used <strong>Protect</strong>!<br></div><div class="battle-history"><small>But it failed!</small><br></div><div class="spacer battle-history"><br></div><div class="battle-history"><small>(Rain continues to fall!)</small><br></div><div class="battle-history"><small>The electricity disappeared from the battlefield.</small><br></div><div class="spacer battle-history"><br></div><h2 class="battle-history">Turn 25</h2><div class="spacer battle-history"><br></div><div class="battle-history">Ferrothorn used <strong>Protect</strong>!<br></div><div class="battle-history"><small>Ferrothorn protected itself!</small><br></div><div class="spacer battle-history"><br></div><div class="battle-history">The opposing Tapu Koko used <strong>Thunder</strong>!<br></div><div class="battle-history"><small>Ferrothorn protected itself!</small><br></div><div class="spacer battle-history"><br></div><div class="battle-history"><small>(Rain continues to fall!)</small><br></div><div class="spacer battle-history"><br></div><h2 class="battle-history">Turn 26</h2><div class="spacer battle-history"><br></div><div class="battle-history">The opposing Tapu Koko used <strong>Reflect</strong>!<br></div><div class="battle-history"><small>Reflect made the opposing team stronger against physical moves!</small><br></div><div class="spacer battle-history"><br></div><div class="battle-history">Ferrothorn used <strong>Leech Seed</strong>!<br></div><div class="battle-history"><small>The opposing Tapu Koko was seeded!</small><br></div><div class="spacer battle-history"><br></div><div class="battle-history"><small>(Rain continues to fall!)</small><br></div><div class="battle-history"><small>The opposing Tapu Koko's health is sapped by Leech Seed!</small><br></div><div class="spacer battle-history"><br></div><h2 class="battle-history">Turn 27</h2><div class="spacer battle-history"><br></div><div class="battle-history">The opposing Tapu Koko used <strong>Nature's Madness</strong>!<br></div><div class="battle-history"><small>(Ferrothorn lost <abbr title="−70/351">19.9%</abbr> of its health!)</small><br></div><div class="spacer battle-history"><br></div><div class="battle-history">Ferrothorn used <strong>Leech Seed</strong>!<br></div><div class="battle-history"><small>But it failed!</small><br></div><div class="spacer battle-history"><br></div><div class="battle-history"><small>(Rain continues to fall!)</small><br></div><div class="battle-history"><small>The opposing Tapu Koko's health is sapped by Leech Seed!</small><br></div><div class="spacer battle-history"><br></div><h2 class="battle-history">Turn 28</h2><div class="spacer battle-history"><br></div><div class="battle-history">Ferrothorn used <strong>Protect</strong>!<br></div><div class="battle-history"><small>Ferrothorn protected itself!</small><br></div><div class="spacer battle-history"><br></div><div class="battle-history">The opposing Tapu Koko used <strong>Light Screen</strong>!<br></div><div class="battle-history"><small>Light Screen made the opposing team stronger against special moves!</small><br></div><div class="spacer battle-history"><br></div><div class="battle-history"><small>(Rain continues to fall!)</small><br></div><div class="battle-history"><small>The opposing Tapu Koko's health is sapped by Leech Seed!</small><br></div><div class="spacer battle-history"><br></div><div class="battle-history">The opposing Tapu Koko fainted!<br></div><div class="spacer battle-history"><br></div><div class="battle-history">OscarFer sent out <strong>Swampert</strong>!<br></div><div class="battle-history"><small>Pointed stones dug into the opposing Swampert!</small><br></div><div class="spacer battle-history"><br></div><h2 class="battle-history">Turn 29</h2><div class="spacer battle-history"><br></div><div class="battle-history"><small>The opposing Swampert's Swampertite is reacting to the Key Stone!</small><br>The opposing Swampert has Mega Evolved into Mega Swampert!<br></div><div class="spacer battle-history"><br></div><div class="battle-history">The opposing Swampert used <strong>Power-Up Punch</strong>!<br></div><div class="battle-history"><small>It's super effective!</small><br></div><div class="battle-history"><small>(Ferrothorn lost <abbr title="−76/351">21.7%</abbr> of its health!)</small><br></div><div class="battle-history"><small>[Ferrothorn's Iron Barbs]</small><br><small>The opposing Swampert was hurt!</small><br></div><div class="battle-history"><small>The opposing Swampert was hurt by the Rocky Helmet!</small><br></div><div class="battle-history"><small>The opposing Swampert's Attack rose!</small><br></div><div class="spacer battle-history"><br></div><div class="battle-history">Ferrothorn used <strong>Leech Seed</strong>!<br></div><div class="battle-history"><small>The opposing Swampert was seeded!</small><br></div><div class="spacer battle-history"><br></div><div class="battle-history"><small>The rain stopped.</small><br></div><div class="battle-history"><small>The opposing Swampert's health is sapped by Leech Seed!</small><br></div><div class="spacer battle-history"><br></div><h2 class="battle-history">Turn 30</h2><div class="spacer battle-history"><br></div><div class="battle-history">Ferrothorn used <strong>Protect</strong>!<br></div><div class="battle-history"><small>Ferrothorn protected itself!</small><br></div><div class="spacer battle-history"><br></div><div class="battle-history">The opposing Swampert used <strong>Power-Up Punch</strong>!<br></div><div class="battle-history"><small>Ferrothorn protected itself!</small><br></div><div class="spacer battle-history"><br></div><div class="battle-history"><small>The opposing Swampert's health is sapped by Leech Seed!</small><br></div><div class="battle-history"><small>The opposing team's Reflect wore off!</small><br></div><div class="spacer battle-history"><br></div><h2 class="battle-history">Turn 31</h2><div class="chat chatmessage-oscarfer"><strong style="color:hsl(82,49%,42%)"><small>☆</small><span class="username" data-name="OscarFer">OscarFer</span>:</strong> <em>que flojera</em></div><div class="spacer battle-history"><br></div><div class="battle-history"><small>OscarFer se rindió.</small><br></div><div class="spacer battle-history"><br></div><div class="battle-history"><strong>Onii Chan 7w7</strong> won the battle!<br></div><div class="chat">Onii Chan 7w7 ha ganado 8 PokeDolares.</div><div class="chat">Puntaje de Onii Chan 7w7: 1141 → <strong>1184</strong><br>(+43 por ganar)</div><div class="chat">Puntaje de OscarFer: 1288 → <strong>1253</strong><br>(-35 por perder)</div><div class="chat chatmessage-oniichan7w7"><strong style="color:hsl(98,76%,35%)"><small>☆</small><span class="username" data-name="Onii Chan 7w7">Onii Chan 7w7</span>:</strong> <em>xd</em></div><div class="chat chatmessage-oniichan7w7"><strong style="color:hsl(98,76%,35%)"><small>☆</small><span class="username" data-name="Onii Chan 7w7">Onii Chan 7w7</span>:</strong> <em>:v</em></div></div><div class="inner-preempt"></div></div></div>
</div>
<script>
let daily = Math.floor(Date.now()/1000/60/60/24);document.write('<script src="https://play.pokemonshowdown.com/js/replay-embed.js?version'+daily+'"></'+'script>');
</script>
