<!DOCTYPE html>
<meta charset="utf-8" />
<!-- version 1 -->
<title>OU replay: Pokefantasmsa vs. DraconSer</title>
<style>
html,body {font-family:Verdana, sans-serif;font-size:10pt;margin:0;padding:0;}body{padding:12px 0;} .battle-log {font-family:Verdana, sans-serif;font-size:10pt;} .battle-log-inline {border:1px solid #AAAAAA;background:#EEF2F5;color:black;max-width:640px;margin:0 auto 80px;padding-bottom:5px;} .battle-log .inner {padding:4px 8px 0px 8px;} .battle-log .inner-preempt {padding:0 8px 4px 8px;} .battle-log .inner-after {margin-top:0.5em;} .battle-log h2 {margin:0.5em -8px;padding:4px 8px;border:1px solid #AAAAAA;background:#E0E7EA;border-left:0;border-right:0;font-family:Verdana, sans-serif;font-size:13pt;} .battle-log .chat {vertical-align:middle;padding:3px 0 3px 0;font-size:8pt;} .battle-log .chat strong {color:#40576A;} .battle-log .chat em {padding:1px 4px 1px 3px;color:#000000;font-style:normal;} .chat.mine {background:rgba(0,0,0,0.05);margin-left:-8px;margin-right:-8px;padding-left:8px;padding-right:8px;} .spoiler {color:#BBBBBB;background:#BBBBBB;padding:0px 3px;} .spoiler:hover, .spoiler:active, .spoiler-shown {color:#000000;background:#E2E2E2;padding:0px 3px;} .spoiler a {color:#BBBBBB;} .spoiler:hover a, .spoiler:active a, .spoiler-shown a {color:#2288CC;} .chat code, .chat .spoiler:hover code, .chat .spoiler:active code, .chat .spoiler-shown code {border:1px solid #C0C0C0;background:#EEEEEE;color:black;padding:0 2px;} .chat .spoiler code {border:1px solid #CCCCCC;background:#CCCCCC;color:#CCCCCC;} .battle-log .rated {padding:3px 4px;} .battle-log .rated strong {color:white;background:#89A;padding:1px 4px;border-radius:4px;} .spacer {margin-top:0.5em;} .message-announce {background:#6688AA;color:white;padding:1px 4px 2px;} .message-announce a, .broadcast-green a, .broadcast-blue a, .broadcast-red a {color:#DDEEFF;} .broadcast-green {background-color:#559955;color:white;padding:2px 4px;} .broadcast-blue {background-color:#6688AA;color:white;padding:2px 4px;} .infobox {border:1px solid #6688AA;padding:2px 4px;} .infobox-limited {max-height:200px;overflow:auto;overflow-x:hidden;} .broadcast-red {background-color:#AA5544;color:white;padding:2px 4px;} .message-learn-canlearn {font-weight:bold;color:#228822;text-decoration:underline;} .message-learn-cannotlearn {font-weight:bold;color:#CC2222;text-decoration:underline;} .message-effect-weak {font-weight:bold;color:#CC2222;} .message-effect-resist {font-weight:bold;color:#6688AA;} .message-effect-immune {font-weight:bold;color:#666666;} .message-learn-list {margin-top:0;margin-bottom:0;} .message-throttle-notice, .message-error {color:#992222;} .message-overflow, .chat small.message-overflow {font-size:0pt;} .message-overflow::before {font-size:9pt;content:'...';} .subtle {color:#3A4A66;}
</style>
<div class="wrapper replay-wrapper" style="max-width:1180px;margin:0 auto">
<input type="hidden" name="replayid" value="destiny-ou-500069" />
<div class="battle"></div><div class="battle-log"></div><div class="replay-controls"></div><div class="replay-controls-2"></div>
<h1 style="font-weight:normal;text-align:center"><strong>OU</strong><br /><a href="http://pokemonshowdown.com/users/pokefantasmsa" class="subtle" target="_blank">Pokefantasmsa</a> vs. <a href="http://pokemonshowdown.com/users/draconser" class="subtle" target="_blank">DraconSer</a></h1>
<script type="text/plain" class="battle-log-data">|player|p1|Pokefantasmsa|165
|teamsize|p1|6
|player|p2|DraconSer|1084
|teamsize|p2|6
|teamsize|p1|6
|teamsize|p2|6
|gametype|singles
|gen|7
|tier|OU
|rated
|seed|11446,62721,45468,45458
|rule|Cláusula-Mod de Dormir: solo puedes dormir a uno de tus oponentes a la vez.
|rule|Cláusula de Especie: Hasta un Pokémon de cada especie
|rule|Cláusula de Golpe Fulminante: los movimientos fulminantes (OHKO) estan prohibidos
|rule|Cláusula de Veleta: la habilidad Veleta está prohibida
|rule|Cláusula de Movimientos Evasivos: los movimientos de Evasión están prohibidos.
|rule|Cláusula de Batallas Eternas: forzar batallas eternas está prohibido
|clearpoke
|poke|p1|Zoroark, M, shiny|item
|poke|p1|Hoopa-Unbound|item
|poke|p1|Houndoom, F|item
|poke|p1|Scrafty, F|item
|poke|p1|Sharpedo, M|item
|poke|p1|Sableye, M|item
|poke|p2|Kyurem-Black, shiny|item
|poke|p2|Kommo-o, F, shiny|item
|poke|p2|Garchomp, M, shiny|item
|poke|p2|Dragonite, M, shiny|item
|poke|p2|Charizard, F, shiny|item
|poke|p2|Guzzlord, shiny|item
|teampreview|undefined
|c|☆DraconSer|que coinsidencia
|c|☆DraconSer|xd
|c|☆Pokefantasmsa|lo se
|choice|*|*team 213456
|choice|*team 213456|*
|choice|team 2, 1, 3, 4, 5, 6|team 2, 1, 3, 4, 5, 6
|
|start
|switch|p1a: Hoopa|Hoopa-Unbound|350\/350
|switch|p2a: Kommo-o|Kommo-o, F, shiny|291\/291
|turn|1
|choice|*|*move 4
|choice|*move 4|*
|choice|move zenheadbutt|move dragondance
|
|move|p2a: Kommo-o|Dragon Dance|p2a: Kommo-o
|-boost|p2a: Kommo-o|atk|1
|-boost|p2a: Kommo-o|spe|1
|move|p1a: Hoopa|Zen Headbutt|p2a: Kommo-o
|-supereffective|p2a: Kommo-o
|-damage|p2a: Kommo-o|37\/291
|
|upkeep
|turn|2
|choice|*move 3|*
|choice|*|*move 1
|choice|move phantomforce|move dragonclaw
|
|move|p2a: Kommo-o|Dragon Claw|p1a: Hoopa
|-damage|p1a: Hoopa|0 fnt
|-damage|p2a: Kommo-o|8\/291|[from] item: Life Orb
|faint|p1a: Hoopa
|
|upkeep
|choice|*switch 4|*
|choice|switch 4|
|
|switch|p1a: Scrafty|Scrafty, F|271\/271
|turn|3
|choice|*|*move 2
|choice|*move 3|*
|choice|move knockoff|move closecombat
|
|move|p2a: Kommo-o|Close Combat|p1a: Scrafty
|-supereffective|p1a: Scrafty
|-damage|p1a: Scrafty|0 fnt
|-unboost|p2a: Kommo-o|def|1
|-unboost|p2a: Kommo-o|spd|1
|-damage|p2a: Kommo-o|0 fnt|[from] item: Life Orb
|faint|p1a: Scrafty
|faint|p2a: Kommo-o
|
|upkeep
|choice|*|*switch 6
|choice|*switch 5|*
|choice|switch 5|switch 6
|
|switch|p2a: Guzzlord|Guzzlord, shiny|650\/650
|switch|p1a: Sharpedo|Sharpedo, M|282\/282
|turn|4
|choice|*|*move 2
|choice|*move 3|*
|choice|move icefang|move darkpulse
|
|move|p1a: Sharpedo|Ice Fang|p2a: Guzzlord
|-supereffective|p2a: Guzzlord
|-damage|p2a: Guzzlord|346\/650
|-damage|p1a: Sharpedo|254\/282|[from] item: Life Orb
|move|p2a: Guzzlord|Dark Pulse|p1a: Sharpedo
|-resisted|p1a: Sharpedo
|-damage|p1a: Sharpedo|131\/282
|
|-ability|p1a: Sharpedo|Speed Boost|boost
|-boost|p1a: Sharpedo|spe|1
|upkeep
|turn|5
|choice|*|*move 1
|choice|*move 1|*
|choice|move liquidation|move dracometeor
|
|move|p1a: Sharpedo|Liquidation|p2a: Guzzlord
|-resisted|p2a: Guzzlord
|-damage|p2a: Guzzlord|191\/650
|-damage|p1a: Sharpedo|103\/282|[from] item: Life Orb
|move|p2a: Guzzlord|Draco Meteor|p1a: Sharpedo
|-damage|p1a: Sharpedo|0 fnt
|-unboost|p2a: Guzzlord|spa|2
|faint|p1a: Sharpedo
|-ability|p2a: Guzzlord|Beast Boost|boost
|-boost|p2a: Guzzlord|spa|1
|
|upkeep
|choice|*switch 2|*
|choice|switch 2|
|
|switch|p1a: Sableye|Sableye, M|262\/262
|turn|6
|choice|*move 1|*
|choice|*|*move 2
|choice|move nastyplot|move darkpulse
|
|move|p1a: Sableye|Nasty Plot|p1a: Sableye
|-boost|p1a: Sableye|spa|2
|move|p2a: Guzzlord|Dark Pulse|p1a: Sableye
|-resisted|p1a: Sableye
|-damage|p1a: Sableye|196\/262
|replace|p1a: Zoroark|Zoroark, M, shiny
|-end|p1a: Zoroark|Illusion
|
|upkeep
|turn|7
|choice|*move 4|*
|choice|*|*move 3
|choice|move nightdaze|move fireblast
|
|move|p1a: Zoroark|Night Daze|p2a: Guzzlord
|-resisted|p2a: Guzzlord
|-damage|p2a: Guzzlord|0 fnt
|faint|p2a: Guzzlord
|
|upkeep
|choice|*|*switch 5
|choice||switch 5
|
|switch|p2a: Charizard|Charizard, F, shiny|297\/297
|turn|8
|choice|*move 4|*
|choice|*|*move 1 mega
|choice|move nightdaze|move thunderpunch mega
|
|-mega|p2a: Charizard|Charizard|Charizardite X
|detailschange|p2a: Charizard|Charizard-Mega-X, F, shiny
|move|p1a: Zoroark|Night Daze|p2a: Charizard
|-damage|p2a: Charizard|0 fnt
|faint|p2a: Charizard
|
|upkeep
|choice|*|*switch 3
|choice||switch 3
|
|switch|p2a: Garchomp|Garchomp, M, shiny|357\/357
|turn|9
|choice|*|*move 1 zmove
|choice|*move 4|*
|choice|move nightdaze|move earthquake zmove
|
|move|p1a: Zoroark|Night Daze|p2a: Garchomp
|-damage|p2a: Garchomp|0 fnt
|faint|p2a: Garchomp
|
|upkeep
|choice|*|*switch 4
|choice||switch 4
|
|switch|p2a: Dragonite|Dragonite, M, shiny|323\/323
|turn|10
|choice|*move 4|*
|choice|*|*move 1
|choice|move nightdaze|move dragonclaw
|
|move|p1a: Zoroark|Night Daze|p2a: Dragonite
|-damage|p2a: Dragonite|176\/323
|-unboost|p2a: Dragonite|accuracy|1
|move|p2a: Dragonite|Dragon Claw|p1a: Zoroark
|-damage|p1a: Zoroark|0 fnt
|faint|p1a: Zoroark
|
|-heal|p2a: Dragonite|196\/323|[from] item: Leftovers
|upkeep
|choice|*switch 3|*
|choice|switch 3|
|
|switch|p1a: Houndoom|Houndoom, F|292\/292
|-ability|p1a: Houndoom|Unnerve|p2: DraconSer
|turn|11
|choice|*move 2|*
|choice|*|*move 1
|choice|move darkpulse|move dragonclaw
|
|move|p1a: Houndoom|Dark Pulse|p2a: Dragonite
|-damage|p2a: Dragonite|63\/323
|move|p2a: Dragonite|Dragon Claw|p1a: Houndoom
|-damage|p1a: Houndoom|1\/292
|
|-heal|p2a: Dragonite|83\/323|[from] item: Leftovers
|upkeep
|turn|12
|choice|*|*move 1
|choice|*move 2|*
|choice|move darkpulse|move dragonclaw
|
|move|p1a: Houndoom|Dark Pulse|p2a: Dragonite
|-damage|p2a: Dragonite|0 fnt
|faint|p2a: Dragonite
|
|upkeep
|choice|*|*switch 2
|choice||switch 2
|
|switch|p2a: Kyurem|Kyurem-Black, shiny|454\/454
|-ability|p2a: Kyurem|Teravolt
|turn|13
|choice|*|*move 2
|choice|*move 1 zmove|*
|choice|move flamethrower zmove|move earthpower
|
|-zpower|p1a: Houndoom
|move|p1a: Houndoom|Inferno Overdrive|p2a: Kyurem|[zeffect]
|-damage|p2a: Kyurem|232\/454
|move|p2a: Kyurem|Earth Power|p1a: Houndoom
|-supereffective|p1a: Houndoom
|-damage|p1a: Houndoom|0 fnt
|faint|p1a: Houndoom
|
|upkeep
|choice|*switch 6|*
|choice|switch 6|
|
|switch|p1a: Sableye|Sableye, M|241\/241
|turn|14
|choice|*|*move 4
|choice|*move 3 mega|*
|choice|move calmmind mega|move fusionbolt
|
|-mega|p1a: Sableye|Sableye|Sablenite
|detailschange|p1a: Sableye|Sableye-Mega, M
|move|p2a: Kyurem|Fusion Bolt|p1a: Sableye
|-damage|p1a: Sableye|138\/241
|move|p1a: Sableye|Calm Mind|p1a: Sableye
|-boost|p1a: Sableye|spa|1
|-boost|p1a: Sableye|spd|1
|
|upkeep
|turn|15
|choice|*move 4|*
|choice|*move 2|*
|choice|*|*move 3
|choice|move recover|move ironhead
|
|move|p2a: Kyurem|Iron Head|p1a: Sableye
|-damage|p1a: Sableye|61\/241
|cant|p1a: Sableye|flinch
|
|upkeep
|turn|16
|choice|*|*move 4
|choice|*move 2|*
|choice|move recover|move fusionbolt
|
|move|p2a: Kyurem|Fusion Bolt|p1a: Sableye
|-damage|p1a: Sableye|0 fnt
|faint|p1a: Sableye
|
|win|DraconSer
DraconSer ha ganado 8 PokeDolares.
|raw|Puntaje de Pokefantasmsa: 1122 &rarr; <strong>1106<\/strong><br \/>(-16 por perder)
|raw|Puntaje de DraconSer: 1145 &rarr; <strong>1174<\/strong><br \/>(+29 por ganar)
|c|☆DraconSer|gggg
</script>
</div>
<div class="battle-log battle-log-inline"><div class="inner"><div class="battle-options"></div><div class="inner"><div class=""><small>Format:</small> <br><strong>OU</strong></div><div class="rated"><strong>Rated battle</strong></div><div class=""><small><em>Cláusula-Mod de Dormir:</em> solo puedes dormir a uno de tus oponentes a la vez.</small></div><div class=""><small><em>Cláusula de Especie:</em> Hasta un Pokémon de cada especie</small></div><div class=""><small><em>Cláusula de Golpe Fulminante:</em> los movimientos fulminantes (OHKO) estan prohibidos</small></div><div class=""><small><em>Cláusula de Veleta:</em> la habilidad Veleta está prohibida</small></div><div class=""><small><em>Cláusula de Movimientos Evasivos:</em> los movimientos de Evasión están prohibidos.</small></div><div class=""><small><em>Cláusula de Batallas Eternas:</em> forzar batallas eternas está prohibido</small></div><div class="chat battle-history"><strong>Pokefantasmsa's team:</strong> <em style="color:#445566;display:block;">Zoroark / Hoopa-Unbound / Houndoom / Scrafty / Sharpedo / Sableye</em></div><div class="chat battle-history"><strong>DraconSer's team:</strong> <em style="color:#445566;display:block;">Kyurem-Black / Kommo-o / Garchomp / Dragonite / Charizard / Guzzlord</em></div><div class="chat chatmessage-draconser"><strong style="color:hsl(100,46%,42%)"><small>☆</small><span class="username" data-name="DraconSer">DraconSer</span>:</strong> <em>que coinsidencia</em></div><div class="chat chatmessage-draconser"><strong style="color:hsl(100,46%,42%)"><small>☆</small><span class="username" data-name="DraconSer">DraconSer</span>:</strong> <em>xd</em></div><div class="chat chatmessage-pokefantasmsa"><strong style="color:hsl(103,61%,41.04417293402103%)"><small>☆</small><span class="username" data-name="Pokefantasmsa">Pokefantasmsa</span>:</strong> <em>lo se</em></div><div class="spacer battle-history"><br></div><div class="battle-history">Battle started between Pokefantasmsa and DraconSer!<br></div><div class="spacer battle-history"><br></div><div class="battle-history">Go! Hoopa (<strong>Hoopa-Unbound</strong>)!<br></div><div class="spacer battle-history"><br></div><div class="battle-history">DraconSer sent out <strong>Kommo-o</strong>!<br></div><div class="spacer battle-history"><br></div><h2 class="battle-history">Turn 1</h2><div class="spacer battle-history"><br></div><div class="battle-history">The opposing Kommo-o used <strong>Dragon Dance</strong>!<br></div><div class="battle-history"><small>The opposing Kommo-o's Attack rose!</small><br></div><div class="battle-history"><small>The opposing Kommo-o's Speed rose!</small><br></div><div class="spacer battle-history"><br></div><div class="battle-history">Hoopa used <strong>Zen Headbutt</strong>!<br></div><div class="battle-history"><small>It's super effective!</small><br></div><div class="battle-history"><small>(The opposing Kommo-o lost <abbr title="−254/291">87.3%</abbr> of its health!)</small><br></div><div class="spacer battle-history"><br></div><h2 class="battle-history">Turn 2</h2><div class="spacer battle-history"><br></div><div class="battle-history">The opposing Kommo-o used <strong>Dragon Claw</strong>!<br></div><div class="battle-history"><small>(Hoopa lost <abbr title="−350/350">100%</abbr> of its health!)</small><br></div><div class="battle-history"><small>The opposing Kommo-o lost some of its HP!</small><br></div><div class="spacer battle-history"><br></div><div class="battle-history">Hoopa fainted!<br></div><div class="spacer battle-history"><br></div><div class="battle-history">Go! <strong>Scrafty</strong>!<br></div><div class="spacer battle-history"><br></div><h2 class="battle-history">Turn 3</h2><div class="spacer battle-history"><br></div><div class="battle-history">The opposing Kommo-o used <strong>Close Combat</strong>!<br></div><div class="battle-history"><small>It's super effective!</small><br></div><div class="battle-history"><small>(Scrafty lost <abbr title="−271/271">100%</abbr> of its health!)</small><br></div><div class="battle-history"><small>The opposing Kommo-o's Defense fell!</small><br></div><div class="battle-history"><small>The opposing Kommo-o's Special Defense fell!</small><br></div><div class="battle-history"><small>The opposing Kommo-o lost some of its HP!</small><br></div><div class="spacer battle-history"><br></div><div class="battle-history">Scrafty fainted!<br></div><div class="battle-history">The opposing Kommo-o fainted!<br></div><div class="spacer battle-history"><br></div><div class="battle-history">DraconSer sent out <strong>Guzzlord</strong>!<br></div><div class="spacer battle-history"><br></div><div class="battle-history">Go! <strong>Sharpedo</strong>!<br></div><div class="spacer battle-history"><br></div><h2 class="battle-history">Turn 4</h2><div class="spacer battle-history"><br></div><div class="battle-history">Sharpedo used <strong>Ice Fang</strong>!<br></div><div class="battle-history"><small>It's super effective!</small><br></div><div class="battle-history"><small>(The opposing Guzzlord lost <abbr title="−304/650">46.8%</abbr> of its health!)</small><br></div><div class="battle-history"><small>Sharpedo lost some of its HP!</small><br></div><div class="spacer battle-history"><br></div><div class="battle-history">The opposing Guzzlord used <strong>Dark Pulse</strong>!<br></div><div class="battle-history"><small>It's not very effective...</small><br></div><div class="battle-history"><small>(Sharpedo lost <abbr title="−123/282">43.6%</abbr> of its health!)</small><br></div><div class="spacer battle-history"><br></div><div class="battle-history"><small>[Sharpedo's Speed Boost]</small><br></div><div class="battle-history"><small>Sharpedo's Speed rose!</small><br></div><div class="spacer battle-history"><br></div><h2 class="battle-history">Turn 5</h2><div class="spacer battle-history"><br></div><div class="battle-history">Sharpedo used <strong>Liquidation</strong>!<br></div><div class="battle-history"><small>It's not very effective...</small><br></div><div class="battle-history"><small>(The opposing Guzzlord lost <abbr title="−155/650">23.8%</abbr> of its health!)</small><br></div><div class="battle-history"><small>Sharpedo lost some of its HP!</small><br></div><div class="spacer battle-history"><br></div><div class="battle-history">The opposing Guzzlord used <strong>Draco Meteor</strong>!<br></div><div class="battle-history"><small>(Sharpedo lost <abbr title="−103/282">36.5%</abbr> of its health!)</small><br></div><div class="battle-history"><small>The opposing Guzzlord's Special Attack fell harshly!</small><br></div><div class="spacer battle-history"><br></div><div class="battle-history">Sharpedo fainted!<br></div><div class="battle-history"><small>[The opposing Guzzlord's Beast Boost]</small><br></div><div class="battle-history"><small>The opposing Guzzlord's Special Attack rose!</small><br></div><div class="spacer battle-history"><br></div><div class="battle-history">Go! <strong>Sableye</strong>!<br></div><div class="spacer battle-history"><br></div><h2 class="battle-history">Turn 6</h2><div class="spacer battle-history"><br></div><div class="battle-history">Sableye used <strong>Nasty Plot</strong>!<br></div><div class="battle-history"><small>Sableye's Special Attack rose sharply!</small><br></div><div class="spacer battle-history"><br></div><div class="battle-history">The opposing Guzzlord used <strong>Dark Pulse</strong>!<br></div><div class="battle-history"><small>It's not very effective...</small><br></div><div class="battle-history"><small>(Sableye lost <abbr title="−66/262">25.2%</abbr> of its health!)</small><br></div><div class="battle-history"><small>Zoroark's illusion wore off!</small><br></div><div class="spacer battle-history"><br></div><h2 class="battle-history">Turn 7</h2><div class="spacer battle-history"><br></div><div class="battle-history">Zoroark used <strong>Night Daze</strong>!<br></div><div class="battle-history"><small>It's not very effective...</small><br></div><div class="battle-history"><small>(The opposing Guzzlord lost <abbr title="−191/650">29.4%</abbr> of its health!)</small><br></div><div class="spacer battle-history"><br></div><div class="battle-history">The opposing Guzzlord fainted!<br></div><div class="spacer battle-history"><br></div><div class="battle-history">DraconSer sent out <strong>Charizard</strong>!<br></div><div class="spacer battle-history"><br></div><h2 class="battle-history">Turn 8</h2><div class="spacer battle-history"><br></div><div class="battle-history"><small>The opposing Charizard's Charizardite X is reacting to the Key Stone!</small><br>The opposing Charizard has Mega Evolved into Mega Charizard!<br></div><div class="spacer battle-history"><br></div><div class="battle-history">Zoroark used <strong>Night Daze</strong>!<br></div><div class="battle-history"><small>(The opposing Charizard lost <abbr title="−297/297">100%</abbr> of its health!)</small><br></div><div class="spacer battle-history"><br></div><div class="battle-history">The opposing Charizard fainted!<br></div><div class="spacer battle-history"><br></div><div class="battle-history">DraconSer sent out <strong>Garchomp</strong>!<br></div><div class="spacer battle-history"><br></div><h2 class="battle-history">Turn 9</h2><div class="spacer battle-history"><br></div><div class="battle-history">Zoroark used <strong>Night Daze</strong>!<br></div><div class="battle-history"><small>(The opposing Garchomp lost <abbr title="−357/357">100%</abbr> of its health!)</small><br></div><div class="spacer battle-history"><br></div><div class="battle-history">The opposing Garchomp fainted!<br></div><div class="spacer battle-history"><br></div><div class="battle-history">DraconSer sent out <strong>Dragonite</strong>!<br></div><div class="spacer battle-history"><br></div><h2 class="battle-history">Turn 10</h2><div class="spacer battle-history"><br></div><div class="battle-history">Zoroark used <strong>Night Daze</strong>!<br></div><div class="battle-history"><small>(The opposing Dragonite lost <abbr title="−147/323">45.5%</abbr> of its health!)</small><br></div><div class="battle-history"><small>The opposing Dragonite's accuracy fell!</small><br></div><div class="spacer battle-history"><br></div><div class="battle-history">The opposing Dragonite used <strong>Dragon Claw</strong>!<br></div><div class="battle-history"><small>(Zoroark lost <abbr title="−196/262">74.8%</abbr> of its health!)</small><br></div><div class="spacer battle-history"><br></div><div class="battle-history">Zoroark fainted!<br></div><div class="spacer battle-history"><br></div><div class="battle-history"><small>The opposing Dragonite restored a little HP using its Leftovers!</small><br></div><div class="spacer battle-history"><br></div><div class="battle-history">Go! <strong>Houndoom</strong>!<br></div><div class="battle-history"><small>[Houndoom's Unnerve]</small><br><small>The opposing team is too nervous to eat Berries!</small><br></div><div class="spacer battle-history"><br></div><h2 class="battle-history">Turn 11</h2><div class="spacer battle-history"><br></div><div class="battle-history">Houndoom used <strong>Dark Pulse</strong>!<br></div><div class="battle-history"><small>(The opposing Dragonite lost <abbr title="−133/323">41.2%</abbr> of its health!)</small><br></div><div class="spacer battle-history"><br></div><div class="battle-history">The opposing Dragonite used <strong>Dragon Claw</strong>!<br></div><div class="battle-history"><small>(Houndoom lost <abbr title="−291/292">99.7%</abbr> of its health!)</small><br></div><div class="spacer battle-history"><br></div><div class="battle-history"><small>The opposing Dragonite restored a little HP using its Leftovers!</small><br></div><div class="spacer battle-history"><br></div><h2 class="battle-history">Turn 12</h2><div class="spacer battle-history"><br></div><div class="battle-history">Houndoom used <strong>Dark Pulse</strong>!<br></div><div class="battle-history"><small>(The opposing Dragonite lost <abbr title="−83/323">25.7%</abbr> of its health!)</small><br></div><div class="spacer battle-history"><br></div><div class="battle-history">The opposing Dragonite fainted!<br></div><div class="spacer battle-history"><br></div><div class="battle-history">DraconSer sent out Kyurem (<strong>Kyurem-Black</strong>)!<br></div><div class="battle-history"><small>[The opposing Kyurem's Teravolt]</small><br><small>The opposing Kyurem is radiating a bursting aura!</small><br></div><div class="spacer battle-history"><br></div><h2 class="battle-history">Turn 13</h2><div class="spacer battle-history"><br></div><div class="battle-history"><small>Houndoom surrounded itself with its Z-Power!</small><br></div><div class="spacer battle-history"><br></div><div class="battle-history">Houndoom used <strong>Inferno Overdrive</strong>!<br></div><div class="battle-history"><small>(The opposing Kyurem lost <abbr title="−222/454">48.9%</abbr> of its health!)</small><br></div><div class="spacer battle-history"><br></div><div class="battle-history">The opposing Kyurem used <strong>Earth Power</strong>!<br></div><div class="battle-history"><small>It's super effective!</small><br></div><div class="battle-history"><small>(Houndoom lost <abbr title="−1/292">0.3%</abbr> of its health!)</small><br></div><div class="spacer battle-history"><br></div><div class="battle-history">Houndoom fainted!<br></div><div class="spacer battle-history"><br></div><div class="battle-history">Go! <strong>Sableye</strong>!<br></div><div class="spacer battle-history"><br></div><h2 class="battle-history">Turn 14</h2><div class="spacer battle-history"><br></div><div class="battle-history"><small>Sableye's Sablenite is reacting to the Key Stone!</small><br>Sableye has Mega Evolved into Mega Sableye!<br></div><div class="spacer battle-history"><br></div><div class="battle-history">The opposing Kyurem used <strong>Fusion Bolt</strong>!<br></div><div class="battle-history"><small>(Sableye lost <abbr title="−103/241">42.7%</abbr> of its health!)</small><br></div><div class="spacer battle-history"><br></div><div class="battle-history">Sableye used <strong>Calm Mind</strong>!<br></div><div class="battle-history"><small>Sableye's Special Attack rose!</small><br></div><div class="battle-history"><small>Sableye's Special Defense rose!</small><br></div><div class="spacer battle-history"><br></div><h2 class="battle-history">Turn 15</h2><div class="spacer battle-history"><br></div><div class="battle-history">The opposing Kyurem used <strong>Iron Head</strong>!<br></div><div class="battle-history"><small>(Sableye lost <abbr title="−77/241">32.0%</abbr> of its health!)</small><br></div><div class="spacer battle-history"><br></div><div class="battle-history">Sableye flinched and couldn't move!<br></div><div class="spacer battle-history"><br></div><h2 class="battle-history">Turn 16</h2><div class="spacer battle-history"><br></div><div class="battle-history">The opposing Kyurem used <strong>Fusion Bolt</strong>!<br></div><div class="battle-history"><small>(Sableye lost <abbr title="−61/241">25.3%</abbr> of its health!)</small><br></div><div class="spacer battle-history"><br></div><div class="battle-history">Sableye fainted!<br></div><div class="spacer battle-history"><br></div><div class="battle-history"><strong>DraconSer</strong> won the battle!<br></div><div class="chat">DraconSer ha ganado 8 PokeDolares.</div><div class="chat">Puntaje de Pokefantasmsa: 1122 → <strong>1106</strong><br>(-16 por perder)</div><div class="chat">Puntaje de DraconSer: 1145 → <strong>1174</strong><br>(+29 por ganar)</div><div class="chat chatmessage-draconser"><strong style="color:hsl(100,46%,42%)"><small>☆</small><span class="username" data-name="DraconSer">DraconSer</span>:</strong> <em>gggg</em></div></div><div class="inner-preempt"></div></div></div>
</div>
<script>
let daily = Math.floor(Date.now()/1000/60/60/24);document.write('<script src="https://play.pokemonshowdown.com/js/replay-embed.js?version'+daily+'"></'+'script>');
</script>
