<!DOCTYPE html>
<meta charset="utf-8" />
<!-- version 1 -->
<title>OU replay: Gеrard Way vs. Alejo4345</title>
<style>
html,body {font-family:Verdana, sans-serif;font-size:10pt;margin:0;padding:0;}body{padding:12px 0;} .battle-log {font-family:Verdana, sans-serif;font-size:10pt;} .battle-log-inline {border:1px solid #AAAAAA;background:#EEF2F5;color:black;max-width:640px;margin:0 auto 80px;padding-bottom:5px;} .battle-log .inner {padding:4px 8px 0px 8px;} .battle-log .inner-preempt {padding:0 8px 4px 8px;} .battle-log .inner-after {margin-top:0.5em;} .battle-log h2 {margin:0.5em -8px;padding:4px 8px;border:1px solid #AAAAAA;background:#E0E7EA;border-left:0;border-right:0;font-family:Verdana, sans-serif;font-size:13pt;} .battle-log .chat {vertical-align:middle;padding:3px 0 3px 0;font-size:8pt;} .battle-log .chat strong {color:#40576A;} .battle-log .chat em {padding:1px 4px 1px 3px;color:#000000;font-style:normal;} .chat.mine {background:rgba(0,0,0,0.05);margin-left:-8px;margin-right:-8px;padding-left:8px;padding-right:8px;} .spoiler {color:#BBBBBB;background:#BBBBBB;padding:0px 3px;} .spoiler:hover, .spoiler:active, .spoiler-shown {color:#000000;background:#E2E2E2;padding:0px 3px;} .spoiler a {color:#BBBBBB;} .spoiler:hover a, .spoiler:active a, .spoiler-shown a {color:#2288CC;} .chat code, .chat .spoiler:hover code, .chat .spoiler:active code, .chat .spoiler-shown code {border:1px solid #C0C0C0;background:#EEEEEE;color:black;padding:0 2px;} .chat .spoiler code {border:1px solid #CCCCCC;background:#CCCCCC;color:#CCCCCC;} .battle-log .rated {padding:3px 4px;} .battle-log .rated strong {color:white;background:#89A;padding:1px 4px;border-radius:4px;} .spacer {margin-top:0.5em;} .message-announce {background:#6688AA;color:white;padding:1px 4px 2px;} .message-announce a, .broadcast-green a, .broadcast-blue a, .broadcast-red a {color:#DDEEFF;} .broadcast-green {background-color:#559955;color:white;padding:2px 4px;} .broadcast-blue {background-color:#6688AA;color:white;padding:2px 4px;} .infobox {border:1px solid #6688AA;padding:2px 4px;} .infobox-limited {max-height:200px;overflow:auto;overflow-x:hidden;} .broadcast-red {background-color:#AA5544;color:white;padding:2px 4px;} .message-learn-canlearn {font-weight:bold;color:#228822;text-decoration:underline;} .message-learn-cannotlearn {font-weight:bold;color:#CC2222;text-decoration:underline;} .message-effect-weak {font-weight:bold;color:#CC2222;} .message-effect-resist {font-weight:bold;color:#6688AA;} .message-effect-immune {font-weight:bold;color:#666666;} .message-learn-list {margin-top:0;margin-bottom:0;} .message-throttle-notice, .message-error {color:#992222;} .message-overflow, .chat small.message-overflow {font-size:0pt;} .message-overflow::before {font-size:9pt;content:'...';} .subtle {color:#3A4A66;}
</style>
<div class="wrapper replay-wrapper" style="max-width:1180px;margin:0 auto">
<input type="hidden" name="replayid" value="destiny-ou-561554" />
<div class="battle"></div><div class="battle-log"></div><div class="replay-controls"></div><div class="replay-controls-2"></div>
<h1 style="font-weight:normal;text-align:center"><strong>OU</strong><br /><a href="http://pokemonshowdown.com/users/grardway" class="subtle" target="_blank">Gеrard Way</a> vs. <a href="http://pokemonshowdown.com/users/alejo4345" class="subtle" target="_blank">Alejo4345</a></h1>
<script type="text/plain" class="battle-log-data">|unlink|||tour
|player|p1|Gеrard Way|grardway-13.gif?b1f4e13f
|teamsize|p1|6
|player|p2|Alejo4345|92
|teamsize|p2|6
|teamsize|p1|6
|teamsize|p2|6
|gametype|singles
|gen|7
|tier|OU
|seed|29643,12362,58535,4919
|rule|Cláusula-Mod de Dormir: solo puedes dormir a uno de tus oponentes a la vez.
|rule|Cláusula de Especie: Hasta un Pokémon de cada especie
|rule|Cláusula de Golpe Fulminante: los movimientos fulminantes (OHKO) estan prohibidos
|rule|Cláusula de Veleta: la habilidad Veleta está prohibida
|rule|Cláusula de Movimientos Evasivos: los movimientos de Evasión están prohibidos.
|rule|Cláusula de Batallas Eternas: forzar batallas eternas está prohibido
|clearpoke
|poke|p1|Bellossom, M|item
|poke|p1|Doublade, F|item
|poke|p1|Latias, F|item
|poke|p1|Toxapex, M|item
|poke|p1|Landorus-Therian, M|item
|poke|p1|Clefable, F|item
|poke|p2|Toxapex, M, shiny|item
|poke|p2|Mimikyu, M, shiny|item
|poke|p2|Heatran, F|item
|poke|p2|Zygarde|item
|poke|p2|Ferrothorn, F|item
|poke|p2|Charizard, M|item
|teampreview|undefined
|choice|*|*team 213456
|choice|*team 523416|*
|choice|team 5, 2, 3, 4, 1, 6|team 2, 1, 3, 4, 5, 6
|
|start
|switch|p1a: Landorus|Landorus-Therian, M|319\/319
|switch|p2a: Mimikyu|Mimikyu, M, shiny|251\/251
|-ability|p1a: Landorus|Intimidate|boost
|-unboost|p2a: Mimikyu|atk|1
|turn|1
|choice|*move 2|*
|choice|*|*move 1
|choice|move uturn|move swordsdance
|
|move|p1a: Landorus|U-turn|p2a: Mimikyu
|-activate|p2a: Mimikyu|ability: Disguise
|-damage|p2a: Mimikyu|251\/251
|detailschange|p2a: Mimikyu|Mimikyu-Busted, M, shiny
|choice|*switch 2|*
|choice|switch 2|
|
|switch|p1a: Doublade|Doublade, F|321\/321|[from]move: U-turn
|move|p2a: Mimikyu|Swords Dance|p2a: Mimikyu
|-boost|p2a: Mimikyu|atk|2
|
|upkeep
|turn|2
|choice|*move 2|*
|choice|*|*move 2
|choice|move shadowclaw|move shadowsneak
|
|move|p2a: Mimikyu|Shadow Sneak|p1a: Doublade
|-supereffective|p1a: Doublade
|-damage|p1a: Doublade|247\/321
|move|p1a: Doublade|Shadow Claw|p2a: Mimikyu
|-supereffective|p2a: Mimikyu
|-damage|p2a: Mimikyu|17\/251
|
|upkeep
|turn|3
|choice|*move 4|*
|choice|*|*move 4
|choice|move shadowsneak|move playrough
|
|move|p1a: Doublade|Shadow Sneak|p2a: Mimikyu
|-supereffective|p2a: Mimikyu
|-damage|p2a: Mimikyu|0 fnt
|faint|p2a: Mimikyu
|
|upkeep
|choice|*|*switch 3
|choice||switch 3
|
|switch|p2a: Heatran|Heatran, F|348\/348
|turn|4
|choice|*switch 3|*
|choice|*|*move 2
|choice|switch 3|move magmastorm
|
|switch|p1a: Latias|Latias, F|364\/364
|move|p2a: Heatran|Magma Storm|p1a: Latias
|-resisted|p1a: Latias
|-damage|p1a: Latias|287\/364
|-activate|p1a: Latias|move: Magma Storm|[of] p2a: Heatran
|
|-damage|p1a: Latias|242\/364|[from] move: Magma Storm|[partiallytrapped]
|upkeep
|turn|5
|choice|*move 2 mega|*
|choice|*|*switch 5
|choice|move surf mega|switch 5
|
|switch|p2a: Ferrothorn|Ferrothorn, F|339\/339
|-mega|p1a: Latias|Latias|Latiasite
|detailschange|p1a: Latias|Latias-Mega, F
|move|p1a: Latias|Surf|p2a: Ferrothorn
|-resisted|p2a: Ferrothorn
|-damage|p2a: Ferrothorn|303\/339
|
|-heal|p2a: Ferrothorn|324\/339|[from] item: Leftovers
|upkeep
|turn|6
|choice|*move 3|*
|choice|*|*move 1
|choice|*switch 5|*
|choice|switch 5|move leechseed
|
|switch|p1a: Bellossom|Bellossom, M|353\/353
|move|p2a: Ferrothorn|Leech Seed|p1a: Bellossom
|-immune|p1a: Bellossom|[msg]
|
|-heal|p2a: Ferrothorn|339\/339|[from] item: Leftovers
|upkeep
|turn|7
|choice|*move 2|*
|choice|*|*move 3
|choice|move quiverdance|move toxic
|
|move|p1a: Bellossom|Quiver Dance|p1a: Bellossom
|-boost|p1a: Bellossom|spa|1
|-boost|p1a: Bellossom|spd|1
|-boost|p1a: Bellossom|spe|1
|move|p2a: Ferrothorn|Toxic|p1a: Bellossom|[miss]
|-miss|p2a: Ferrothorn|p1a: Bellossom
|
|upkeep
|turn|8
|choice|*|*move 3
|choice|*switch 6|*
|choice|switch 6|move toxic
|
|switch|p1a: Clefable|Clefable, F|394\/394
|move|p2a: Ferrothorn|Toxic|p1a: Clefable
|-status|p1a: Clefable|tox
|
|upkeep
|turn|9
|choice|*move 3|*
|choice|*|*move 4
|choice|move stealthrock|move gyroball
|
|move|p1a: Clefable|Stealth Rock|p2a: Ferrothorn
|-sidestart|p2: Alejo4345|move: Stealth Rock
|move|p2a: Ferrothorn|Gyro Ball|p1a: Clefable
|-supereffective|p1a: Clefable
|-damage|p1a: Clefable|194\/394 tox
|
|-heal|p1a: Clefable|218\/394 tox|[from] item: Leftovers
|upkeep
|turn|10
|choice|*|*move 4
|choice|*move 4|*
|choice|move wish|move gyroball
|
|move|p1a: Clefable|Wish|p1a: Clefable
|move|p2a: Ferrothorn|Gyro Ball|p1a: Clefable
|-supereffective|p1a: Clefable
|-damage|p1a: Clefable|32\/394 tox
|
|-heal|p1a: Clefable|56\/394 tox|[from] item: Leftovers
|upkeep
|turn|11
|choice|*switch 3|*
|choice|*|*move 4
|choice|switch 3|move gyroball
|
|switch|p1a: Doublade|Doublade, F|247\/321
|move|p2a: Ferrothorn|Gyro Ball|p1a: Doublade
|-resisted|p1a: Doublade
|-damage|p1a: Doublade|229\/321
|
|-heal|p1a: Doublade|321\/321|[from] move: Wish|[wisher] Clefable
|upkeep
|turn|12
|choice|*move 3|*
|choice|*|*move 2
|choice|move sacredsword|move protect
|
|move|p2a: Ferrothorn|Protect|p2a: Ferrothorn
|-singleturn|p2a: Ferrothorn|Protect
|move|p1a: Doublade|Sacred Sword|p2a: Ferrothorn
|-activate|p2a: Ferrothorn|move: Protect
|
|upkeep
|turn|13
|choice|*move 3|*
|choice|*|*switch 2
|choice|*move 3|*
|choice|move sacredsword|switch 2
|
|switch|p2a: Toxapex|Toxapex, M, shiny|266\/266
|-damage|p2a: Toxapex|233\/266|[from] Stealth Rock
|move|p1a: Doublade|Sacred Sword|p2a: Toxapex
|-resisted|p2a: Toxapex
|-damage|p2a: Toxapex|210\/266
|
|-heal|p2a: Toxapex|226\/266|[from] item: Leftovers
|upkeep
|turn|14
|choice|*|*move 2
|choice|*switch 4|*
|choice|switch 4|move scald
|
|switch|p1a: Toxapex|Toxapex, M|304\/304
|move|p2a: Toxapex|Scald|p1a: Toxapex
|-resisted|p1a: Toxapex
|-damage|p1a: Toxapex|288\/304
|
|-heal|p1a: Toxapex|304\/304|[from] item: Black Sludge
|-heal|p2a: Toxapex|242\/266|[from] item: Leftovers
|upkeep
|turn|15
|choice|*move 1|*
|choice|*|*switch 2
|choice|move scald|switch 2
|
|switch|p2a: Ferrothorn|Ferrothorn, F|339\/339
|-damage|p2a: Ferrothorn|318\/339|[from] Stealth Rock
|move|p1a: Toxapex|Scald|p2a: Ferrothorn
|-resisted|p2a: Ferrothorn
|-damage|p2a: Ferrothorn|297\/339
|
|-heal|p2a: Ferrothorn|318\/339|[from] item: Leftovers
|upkeep
|turn|16
|choice|*move 1|*
|choice|*|*move 1
|choice|move scald|move leechseed
|
|move|p1a: Toxapex|Scald|p2a: Ferrothorn
|-resisted|p2a: Ferrothorn
|-damage|p2a: Ferrothorn|296\/339
|-status|p2a: Ferrothorn|brn
|move|p2a: Ferrothorn|Leech Seed|p1a: Toxapex
|-start|p1a: Toxapex|move: Leech Seed
|
|-heal|p2a: Ferrothorn|317\/339 brn|[from] item: Leftovers
|-damage|p1a: Toxapex|266\/304|[from] Leech Seed|[of] p2a: Ferrothorn
|-heal|p2a: Ferrothorn|339\/339 brn|[silent]
|-damage|p2a: Ferrothorn|318\/339 brn|[from] brn
|upkeep
|turn|17
|choice|*switch 4|*
|choice|*|*switch 2
|choice|switch 4|switch 2
|
|switch|p1a: Doublade|Doublade, F|321\/321
|switch|p2a: Toxapex|Toxapex, M, shiny|266\/266
|-damage|p2a: Toxapex|233\/266|[from] Stealth Rock
|
|-heal|p2a: Toxapex|249\/266|[from] item: Leftovers
|upkeep
|turn|18
|choice|*|*move 2
|choice|*switch 4|*
|choice|switch 4|move scald
|
|switch|p1a: Toxapex|Toxapex, M|304\/304
|move|p2a: Toxapex|Scald|p1a: Toxapex
|-resisted|p1a: Toxapex
|-damage|p1a: Toxapex|287\/304
|-status|p1a: Toxapex|brn
|
|-heal|p2a: Toxapex|265\/266|[from] item: Leftovers
|-heal|p1a: Toxapex|304\/304 brn|[from] item: Black Sludge
|-damage|p1a: Toxapex|285\/304 brn|[from] brn
|upkeep
|turn|19
|choice|*|*switch 2
|choice|*move 1|*
|choice|*|*switch 5
|choice|move scald|switch 5
|
|switch|p2a: Heatran|Heatran, F|348\/348
|-damage|p2a: Heatran|305\/348|[from] Stealth Rock
|move|p1a: Toxapex|Scald|p2a: Heatran
|-supereffective|p2a: Heatran
|-damage|p2a: Heatran|191\/348
|
|-heal|p1a: Toxapex|304\/304 brn|[from] item: Black Sludge
|-damage|p1a: Toxapex|285\/304 brn|[from] brn
|upkeep
|turn|20
|choice|*|*move 3 zmove
|choice|*switch 5|*
|choice|switch 5|move earthpower zmove
|
|switch|p1a: Latias|Latias-Mega, F|242\/364
|-zpower|p2a: Heatran
|move|p2a: Heatran|Tectonic Rage|p1a: Latias|[zeffect]
|-immune|p1a: Latias|[msg]|[from] ability: Levitate
|
|upkeep
|turn|21
|choice|*move 2|*
|choice|*|*move 4
|choice|move surf|move stealthrock
|
|move|p1a: Latias|Surf|p2a: Heatran
|-supereffective|p2a: Heatran
|-damage|p2a: Heatran|11\/348
|move|p2a: Heatran|Stealth Rock|p1a: Latias
|-sidestart|p1: Gеrard Way|move: Stealth Rock
|
|upkeep
|turn|22
|choice|*|*move 1
|choice|*move 2|*
|choice|move surf|move flashcannon
|
|move|p1a: Latias|Surf|p2a: Heatran
|-supereffective|p2a: Heatran
|-damage|p2a: Heatran|0 fnt
|faint|p2a: Heatran
|
|upkeep
|choice|*|*switch 6
|choice||switch 6
|
|switch|p2a: Charizard|Charizard, M|297\/297
|-damage|p2a: Charizard|149\/297|[from] Stealth Rock
|turn|23
|choice|*|*move 3 mega
|choice|*move 2|*
|choice|move surf|move dragonpulse mega
|
|-mega|p2a: Charizard|Charizard|Charizardite Y
|detailschange|p2a: Charizard|Charizard-Mega-Y, M
|-weather|SunnyDay|[from] ability: Drought|[of] p2a: Charizard
|move|p1a: Latias|Surf|p2a: Charizard
|-supereffective|p2a: Charizard
|-damage|p2a: Charizard|67\/297
|move|p2a: Charizard|Dragon Pulse|p1a: Latias
|-supereffective|p1a: Latias
|-damage|p1a: Latias|84\/364
|
|-weather|SunnyDay|[upkeep]
|upkeep
|turn|24
|choice|*move 2|*
|choice|*|*move 3
|choice|move surf|move dragonpulse
|
|move|p1a: Latias|Surf|p2a: Charizard
|-supereffective|p2a: Charizard
|-damage|p2a: Charizard|0 fnt
|faint|p2a: Charizard
|
|-weather|SunnyDay|[upkeep]
|upkeep
|choice|*|*switch 5
|choice||switch 5
|
|switch|p2a: Toxapex|Toxapex, M, shiny|266\/266
|-damage|p2a: Toxapex|233\/266|[from] Stealth Rock
|turn|25
|choice|*|*move 2
|choice|*move 4|*
|choice|move roost|move scald
|
|move|p1a: Latias|Roost|p1a: Latias
|-heal|p1a: Latias|266\/364
|move|p2a: Toxapex|Scald|p1a: Latias
|-resisted|p1a: Latias
|-damage|p1a: Latias|257\/364
|-status|p1a: Latias|brn
|
|-weather|SunnyDay|[upkeep]
|-heal|p2a: Toxapex|249\/266|[from] item: Leftovers
|-damage|p1a: Latias|235\/364 brn|[from] brn
|upkeep
|turn|26
|choice|*move 4|*
|choice|*|*move 1
|choice|move roost|move banefulbunker
|
|move|p2a: Toxapex|Baneful Bunker|p2a: Toxapex
|-singleturn|p2a: Toxapex|move: Protect
|move|p1a: Latias|Roost|p1a: Latias
|-heal|p1a: Latias|364\/364 brn
|
|-weather|SunnyDay|[upkeep]
|-heal|p2a: Toxapex|265\/266|[from] item: Leftovers
|-damage|p1a: Latias|342\/364 brn|[from] brn
|upkeep
|turn|27
|choice|*|*switch 2
|choice|*switch 5|*
|choice|switch 5|switch 2
|
|switch|p1a: Toxapex|Toxapex, M|304\/304 brn
|-damage|p1a: Toxapex|266\/304 brn|[from] Stealth Rock
|switch|p2a: Ferrothorn|Ferrothorn, F|318\/339 brn
|-damage|p2a: Ferrothorn|297\/339 brn|[from] Stealth Rock
|
|-weather|none
|-heal|p1a: Toxapex|285\/304 brn|[from] item: Black Sludge
|-heal|p2a: Ferrothorn|318\/339 brn|[from] item: Leftovers
|-damage|p1a: Toxapex|266\/304 brn|[from] brn
|-damage|p2a: Ferrothorn|297\/339 brn|[from] brn
|upkeep
|turn|28
|inactive|Reloj de batalla ENCENDIDO. El jugador inactivo será descalificado (solicitado por Alejo4345).
|choice|*switch 3|*
|choice|*switch 3|*
|choice|*|*move 1
|choice|switch 3|move leechseed
|
|switch|p1a: Clefable|Clefable, F|56\/394 tox
|move|p2a: Ferrothorn|Leech Seed|p1a: Clefable
|-start|p1a: Clefable|move: Leech Seed
|
|-heal|p1a: Clefable|80\/394 tox|[from] item: Leftovers
|-heal|p2a: Ferrothorn|318\/339 brn|[from] item: Leftovers
|-damage|p2a: Ferrothorn|297\/339 brn|[from] brn
|upkeep
|turn|29
|choice|*|*move 4
|choice|*move 2|*
|choice|move softboiled|move gyroball
|
|move|p1a: Clefable|Soft-Boiled|p1a: Clefable
|-heal|p1a: Clefable|277\/394 tox
|move|p2a: Ferrothorn|Gyro Ball|p1a: Clefable
|-supereffective|p1a: Clefable
|-damage|p1a: Clefable|183\/394 tox
|
|-heal|p1a: Clefable|207\/394 tox|[from] item: Leftovers
|-heal|p2a: Ferrothorn|318\/339 brn|[from] item: Leftovers
|-damage|p2a: Ferrothorn|297\/339 brn|[from] brn
|upkeep
|turn|30
|choice|*|*move 4
|choice|*move 4|*
|choice|move wish|move gyroball
|
|move|p1a: Clefable|Wish|p1a: Clefable
|move|p2a: Ferrothorn|Gyro Ball|p1a: Clefable
|-supereffective|p1a: Clefable
|-damage|p1a: Clefable|122\/394 tox
|
|-heal|p1a: Clefable|146\/394 tox|[from] item: Leftovers
|-heal|p2a: Ferrothorn|318\/339 brn|[from] item: Leftovers
|-damage|p2a: Ferrothorn|297\/339 brn|[from] brn
|upkeep
|turn|31
|choice|*move 1|*
|-message|Alejo4345 se rindió.
|
|win|Gеrard Way
</script>
</div>
<div class="battle-log battle-log-inline"><div class="inner"><div class="battle-options"></div><div class="inner"><div class=""><small>Format:</small> <br><strong>OU</strong></div><div class=""><small><em>Cláusula-Mod de Dormir:</em> solo puedes dormir a uno de tus oponentes a la vez.</small></div><div class=""><small><em>Cláusula de Especie:</em> Hasta un Pokémon de cada especie</small></div><div class=""><small><em>Cláusula de Golpe Fulminante:</em> los movimientos fulminantes (OHKO) estan prohibidos</small></div><div class=""><small><em>Cláusula de Veleta:</em> la habilidad Veleta está prohibida</small></div><div class=""><small><em>Cláusula de Movimientos Evasivos:</em> los movimientos de Evasión están prohibidos.</small></div><div class=""><small><em>Cláusula de Batallas Eternas:</em> forzar batallas eternas está prohibido</small></div><div class="chat battle-history"><strong>Gеrard Way's team:</strong> <em style="color:#445566;display:block;">Bellossom / Doublade / Latias / Toxapex / Landorus-Therian / Clefable</em></div><div class="chat battle-history"><strong>Alejo4345's team:</strong> <em style="color:#445566;display:block;">Toxapex / Mimikyu / Heatran / Zygarde / Ferrothorn / Charizard</em></div><div class="spacer battle-history"><br></div><div class="battle-history">Battle started between Gеrard Way and Alejo4345!<br></div><div class="spacer battle-history"><br></div><div class="battle-history">Go! Landorus (<strong>Landorus-Therian</strong>)!<br></div><div class="spacer battle-history"><br></div><div class="battle-history">Alejo4345 sent out <strong>Mimikyu</strong>!<br></div><div class="battle-history"><small>[Landorus's Intimidate]</small><br></div><div class="battle-history"><small>The opposing Mimikyu's Attack fell!</small><br></div><div class="spacer battle-history"><br></div><h2 class="battle-history">Turn 1</h2><div class="spacer battle-history"><br></div><div class="battle-history">Landorus used <strong>U-turn</strong>!<br></div><div class="battle-history"><small>[The opposing Mimikyu's Disguise]</small><br><small>Its disguise served it as a decoy!</small><br></div><div class="battle-history"><small>(The opposing Mimikyu lost <abbr title="0/251">0%</abbr> of its health!)</small><br></div><div class="battle-history">The opposing Mimikyu's disguise was busted!<br></div><div class="spacer battle-history"><br></div><div class="battle-history">Landorus went back to Gеrard Way!<br></div><div class="battle-history">Go! <strong>Doublade</strong>!<br></div><div class="spacer battle-history"><br></div><div class="battle-history">The opposing Mimikyu used <strong>Swords Dance</strong>!<br></div><div class="battle-history"><small>The opposing Mimikyu's Attack rose sharply!</small><br></div><div class="spacer battle-history"><br></div><h2 class="battle-history">Turn 2</h2><div class="spacer battle-history"><br></div><div class="battle-history">The opposing Mimikyu used <strong>Shadow Sneak</strong>!<br></div><div class="battle-history"><small>It's super effective!</small><br></div><div class="battle-history"><small>(Doublade lost <abbr title="−74/321">23.1%</abbr> of its health!)</small><br></div><div class="spacer battle-history"><br></div><div class="battle-history">Doublade used <strong>Shadow Claw</strong>!<br></div><div class="battle-history"><small>It's super effective!</small><br></div><div class="battle-history"><small>(The opposing Mimikyu lost <abbr title="−234/251">93.2%</abbr> of its health!)</small><br></div><div class="spacer battle-history"><br></div><h2 class="battle-history">Turn 3</h2><div class="spacer battle-history"><br></div><div class="battle-history">Doublade used <strong>Shadow Sneak</strong>!<br></div><div class="battle-history"><small>It's super effective!</small><br></div><div class="battle-history"><small>(The opposing Mimikyu lost <abbr title="−17/251">6.8%</abbr> of its health!)</small><br></div><div class="spacer battle-history"><br></div><div class="battle-history">The opposing Mimikyu fainted!<br></div><div class="spacer battle-history"><br></div><div class="battle-history">Alejo4345 sent out <strong>Heatran</strong>!<br></div><div class="spacer battle-history"><br></div><h2 class="battle-history">Turn 4</h2><div class="spacer battle-history"><br></div><div class="battle-history">Doublade, come back!<br></div><div class="battle-history">Go! <strong>Latias</strong>!<br></div><div class="spacer battle-history"><br></div><div class="battle-history">The opposing Heatran used <strong>Magma Storm</strong>!<br></div><div class="battle-history"><small>It's not very effective...</small><br></div><div class="battle-history"><small>(Latias lost <abbr title="−77/364">21.2%</abbr> of its health!)</small><br></div><div class="battle-history"><small>Latias became trapped by swirling magma!</small><br></div><div class="spacer battle-history"><br></div><div class="battle-history"><small>Latias is hurt by Magma Storm!</small><br></div><div class="spacer battle-history"><br></div><h2 class="battle-history">Turn 5</h2><div class="spacer battle-history"><br></div><div class="battle-history">Alejo4345 withdrew Heatran!<br></div><div class="battle-history">Alejo4345 sent out <strong>Ferrothorn</strong>!<br></div><div class="spacer battle-history"><br></div><div class="battle-history"><small>Latias's Latiasite is reacting to the Key Stone!</small><br>Latias has Mega Evolved into Mega Latias!<br></div><div class="spacer battle-history"><br></div><div class="battle-history">Latias used <strong>Surf</strong>!<br></div><div class="battle-history"><small>It's not very effective...</small><br></div><div class="battle-history"><small>(The opposing Ferrothorn lost <abbr title="−36/339">10.6%</abbr> of its health!)</small><br></div><div class="spacer battle-history"><br></div><div class="battle-history"><small>The opposing Ferrothorn restored a little HP using its Leftovers!</small><br></div><div class="spacer battle-history"><br></div><h2 class="battle-history">Turn 6</h2><div class="spacer battle-history"><br></div><div class="battle-history">Latias, come back!<br></div><div class="battle-history">Go! <strong>Bellossom</strong>!<br></div><div class="spacer battle-history"><br></div><div class="battle-history">The opposing Ferrothorn used <strong>Leech Seed</strong>!<br></div><div class="battle-history"><small>It doesn't affect Bellossom...</small><br></div><div class="spacer battle-history"><br></div><div class="battle-history"><small>The opposing Ferrothorn restored a little HP using its Leftovers!</small><br></div><div class="spacer battle-history"><br></div><h2 class="battle-history">Turn 7</h2><div class="spacer battle-history"><br></div><div class="battle-history">Bellossom used <strong>Quiver Dance</strong>!<br></div><div class="battle-history"><small>Bellossom's Special Attack rose!</small><br></div><div class="battle-history"><small>Bellossom's Special Defense rose!</small><br></div><div class="battle-history"><small>Bellossom's Speed rose!</small><br></div><div class="spacer battle-history"><br></div><div class="battle-history">The opposing Ferrothorn used <strong>Toxic</strong>!<br></div><div class="battle-history"><small>Bellossom avoided the attack!</small><br></div><div class="spacer battle-history"><br></div><h2 class="battle-history">Turn 8</h2><div class="spacer battle-history"><br></div><div class="battle-history">Bellossom, come back!<br></div><div class="battle-history">Go! <strong>Clefable</strong>!<br></div><div class="spacer battle-history"><br></div><div class="battle-history">The opposing Ferrothorn used <strong>Toxic</strong>!<br></div><div class="battle-history"><small>Clefable was badly poisoned!</small><br></div><div class="spacer battle-history"><br></div><h2 class="battle-history">Turn 9</h2><div class="spacer battle-history"><br></div><div class="battle-history">Clefable used <strong>Stealth Rock</strong>!<br></div><div class="battle-history"><small>Pointed stones float in the air around the opposing team!</small><br></div><div class="spacer battle-history"><br></div><div class="battle-history">The opposing Ferrothorn used <strong>Gyro Ball</strong>!<br></div><div class="battle-history"><small>It's super effective!</small><br></div><div class="battle-history"><small>(Clefable lost <abbr title="−200/394">50.8%</abbr> of its health!)</small><br></div><div class="spacer battle-history"><br></div><div class="battle-history"><small>Clefable restored a little HP using its Leftovers!</small><br></div><div class="spacer battle-history"><br></div><h2 class="battle-history">Turn 10</h2><div class="spacer battle-history"><br></div><div class="battle-history">Clefable used <strong>Wish</strong>!<br></div><div class="spacer battle-history"><br></div><div class="battle-history">The opposing Ferrothorn used <strong>Gyro Ball</strong>!<br></div><div class="battle-history"><small>It's super effective!</small><br></div><div class="battle-history"><small>(Clefable lost <abbr title="−186/394">47.2%</abbr> of its health!)</small><br></div><div class="spacer battle-history"><br></div><div class="battle-history"><small>Clefable restored a little HP using its Leftovers!</small><br></div><div class="spacer battle-history"><br></div><h2 class="battle-history">Turn 11</h2><div class="spacer battle-history"><br></div><div class="battle-history">Clefable, come back!<br></div><div class="battle-history">Go! <strong>Doublade</strong>!<br></div><div class="spacer battle-history"><br></div><div class="battle-history">The opposing Ferrothorn used <strong>Gyro Ball</strong>!<br></div><div class="battle-history"><small>It's not very effective...</small><br></div><div class="battle-history"><small>(Doublade lost <abbr title="−18/321">5.6%</abbr> of its health!)</small><br></div><div class="spacer battle-history"><br></div><div class="battle-history"><small>Clefable's wish came true!</small><br></div><div class="spacer battle-history"><br></div><h2 class="battle-history">Turn 12</h2><div class="spacer battle-history"><br></div><div class="battle-history">The opposing Ferrothorn used <strong>Protect</strong>!<br></div><div class="battle-history"><small>The opposing Ferrothorn protected itself!</small><br></div><div class="spacer battle-history"><br></div><div class="battle-history">Doublade used <strong>Sacred Sword</strong>!<br></div><div class="battle-history"><small>The opposing Ferrothorn protected itself!</small><br></div><div class="spacer battle-history"><br></div><h2 class="battle-history">Turn 13</h2><div class="spacer battle-history"><br></div><div class="battle-history">Alejo4345 withdrew Ferrothorn!<br></div><div class="battle-history">Alejo4345 sent out <strong>Toxapex</strong>!<br></div><div class="battle-history"><small>Pointed stones dug into the opposing Toxapex!</small><br></div><div class="spacer battle-history"><br></div><div class="battle-history">Doublade used <strong>Sacred Sword</strong>!<br></div><div class="battle-history"><small>It's not very effective...</small><br></div><div class="battle-history"><small>(The opposing Toxapex lost <abbr title="−23/266">8.6%</abbr> of its health!)</small><br></div><div class="spacer battle-history"><br></div><div class="battle-history"><small>The opposing Toxapex restored a little HP using its Leftovers!</small><br></div><div class="spacer battle-history"><br></div><h2 class="battle-history">Turn 14</h2><div class="spacer battle-history"><br></div><div class="battle-history">Doublade, come back!<br></div><div class="battle-history">Go! <strong>Toxapex</strong>!<br></div><div class="spacer battle-history"><br></div><div class="battle-history">The opposing Toxapex used <strong>Scald</strong>!<br></div><div class="battle-history"><small>It's not very effective...</small><br></div><div class="battle-history"><small>(Toxapex lost <abbr title="−16/304">5.3%</abbr> of its health!)</small><br></div><div class="spacer battle-history"><br></div><div class="battle-history"><small>Toxapex restored a little HP using its Black Sludge!</small><br></div><div class="battle-history"><small>The opposing Toxapex restored a little HP using its Leftovers!</small><br></div><div class="spacer battle-history"><br></div><h2 class="battle-history">Turn 15</h2><div class="spacer battle-history"><br></div><div class="battle-history">Alejo4345 withdrew Toxapex!<br></div><div class="battle-history">Alejo4345 sent out <strong>Ferrothorn</strong>!<br></div><div class="battle-history"><small>Pointed stones dug into the opposing Ferrothorn!</small><br></div><div class="spacer battle-history"><br></div><div class="battle-history">Toxapex used <strong>Scald</strong>!<br></div><div class="battle-history"><small>It's not very effective...</small><br></div><div class="battle-history"><small>(The opposing Ferrothorn lost <abbr title="−21/339">6.2%</abbr> of its health!)</small><br></div><div class="spacer battle-history"><br></div><div class="battle-history"><small>The opposing Ferrothorn restored a little HP using its Leftovers!</small><br></div><div class="spacer battle-history"><br></div><h2 class="battle-history">Turn 16</h2><div class="spacer battle-history"><br></div><div class="battle-history">Toxapex used <strong>Scald</strong>!<br></div><div class="battle-history"><small>It's not very effective...</small><br></div><div class="battle-history"><small>(The opposing Ferrothorn lost <abbr title="−22/339">6.5%</abbr> of its health!)</small><br></div><div class="battle-history"><small>The opposing Ferrothorn was burned!</small><br></div><div class="spacer battle-history"><br></div><div class="battle-history">The opposing Ferrothorn used <strong>Leech Seed</strong>!<br></div><div class="battle-history"><small>Toxapex was seeded!</small><br></div><div class="spacer battle-history"><br></div><div class="battle-history"><small>The opposing Ferrothorn restored a little HP using its Leftovers!</small><br></div><div class="battle-history"><small>Toxapex's health is sapped by Leech Seed!</small><br></div><div class="battle-history"><small>The opposing Ferrothorn was hurt by its burn!</small><br></div><div class="spacer battle-history"><br></div><h2 class="battle-history">Turn 17</h2><div class="spacer battle-history"><br></div><div class="battle-history">Toxapex, come back!<br></div><div class="battle-history">Go! <strong>Doublade</strong>!<br></div><div class="spacer battle-history"><br></div><div class="battle-history">Alejo4345 withdrew Ferrothorn!<br></div><div class="battle-history">Alejo4345 sent out <strong>Toxapex</strong>!<br></div><div class="battle-history"><small>Pointed stones dug into the opposing Toxapex!</small><br></div><div class="spacer battle-history"><br></div><div class="battle-history"><small>The opposing Toxapex restored a little HP using its Leftovers!</small><br></div><div class="spacer battle-history"><br></div><h2 class="battle-history">Turn 18</h2><div class="spacer battle-history"><br></div><div class="battle-history">Doublade, come back!<br></div><div class="battle-history">Go! <strong>Toxapex</strong>!<br></div><div class="spacer battle-history"><br></div><div class="battle-history">The opposing Toxapex used <strong>Scald</strong>!<br></div><div class="battle-history"><small>It's not very effective...</small><br></div><div class="battle-history"><small>(Toxapex lost <abbr title="−17/304">5.6%</abbr> of its health!)</small><br></div><div class="battle-history"><small>Toxapex was burned!</small><br></div><div class="spacer battle-history"><br></div><div class="battle-history"><small>The opposing Toxapex restored a little HP using its Leftovers!</small><br></div><div class="battle-history"><small>Toxapex restored a little HP using its Black Sludge!</small><br></div><div class="battle-history"><small>Toxapex was hurt by its burn!</small><br></div><div class="spacer battle-history"><br></div><h2 class="battle-history">Turn 19</h2><div class="spacer battle-history"><br></div><div class="battle-history">Alejo4345 withdrew Toxapex!<br></div><div class="battle-history">Alejo4345 sent out <strong>Heatran</strong>!<br></div><div class="battle-history"><small>Pointed stones dug into the opposing Heatran!</small><br></div><div class="spacer battle-history"><br></div><div class="battle-history">Toxapex used <strong>Scald</strong>!<br></div><div class="battle-history"><small>It's super effective!</small><br></div><div class="battle-history"><small>(The opposing Heatran lost <abbr title="−114/348">32.8%</abbr> of its health!)</small><br></div><div class="spacer battle-history"><br></div><div class="battle-history"><small>Toxapex restored a little HP using its Black Sludge!</small><br></div><div class="battle-history"><small>Toxapex was hurt by its burn!</small><br></div><div class="spacer battle-history"><br></div><h2 class="battle-history">Turn 20</h2><div class="spacer battle-history"><br></div><div class="battle-history">Toxapex, come back!<br></div><div class="battle-history">Go! Latias (<strong>Latias-Mega</strong>)!<br></div><div class="battle-history"><small>The opposing Heatran surrounded itself with its Z-Power!</small><br></div><div class="spacer battle-history"><br></div><div class="battle-history">The opposing Heatran used <strong>Tectonic Rage</strong>!<br></div><div class="battle-history"><small>[Latias's Levitate]</small><br><small>It doesn't affect Latias...</small><br></div><div class="spacer battle-history"><br></div><h2 class="battle-history">Turn 21</h2><div class="spacer battle-history"><br></div><div class="battle-history">Latias used <strong>Surf</strong>!<br></div><div class="battle-history"><small>It's super effective!</small><br></div><div class="battle-history"><small>(The opposing Heatran lost <abbr title="−180/348">51.7%</abbr> of its health!)</small><br></div><div class="spacer battle-history"><br></div><div class="battle-history">The opposing Heatran used <strong>Stealth Rock</strong>!<br></div><div class="battle-history"><small>Pointed stones float in the air around your team!</small><br></div><div class="spacer battle-history"><br></div><h2 class="battle-history">Turn 22</h2><div class="spacer battle-history"><br></div><div class="battle-history">Latias used <strong>Surf</strong>!<br></div><div class="battle-history"><small>It's super effective!</small><br></div><div class="battle-history"><small>(The opposing Heatran lost <abbr title="−11/348">3.2%</abbr> of its health!)</small><br></div><div class="spacer battle-history"><br></div><div class="battle-history">The opposing Heatran fainted!<br></div><div class="spacer battle-history"><br></div><div class="battle-history">Alejo4345 sent out <strong>Charizard</strong>!<br></div><div class="battle-history"><small>Pointed stones dug into the opposing Charizard!</small><br></div><div class="spacer battle-history"><br></div><h2 class="battle-history">Turn 23</h2><div class="spacer battle-history"><br></div><div class="battle-history"><small>The opposing Charizard's Charizardite Y is reacting to the Key Stone!</small><br>The opposing Charizard has Mega Evolved into Mega Charizard!<br></div><div class="battle-history"><small>[The opposing Charizard's Drought]</small><br><small>The sunlight turned harsh!</small><br></div><div class="spacer battle-history"><br></div><div class="battle-history">Latias used <strong>Surf</strong>!<br></div><div class="battle-history"><small>It's super effective!</small><br></div><div class="battle-history"><small>(The opposing Charizard lost <abbr title="−82/297">27.6%</abbr> of its health!)</small><br></div><div class="spacer battle-history"><br></div><div class="battle-history">The opposing Charizard used <strong>Dragon Pulse</strong>!<br></div><div class="battle-history"><small>It's super effective!</small><br></div><div class="battle-history"><small>(Latias lost <abbr title="−158/364">43.4%</abbr> of its health!)</small><br></div><div class="spacer battle-history"><br></div><div class="battle-history"><small>(The sunlight is strong!)</small><br></div><div class="spacer battle-history"><br></div><h2 class="battle-history">Turn 24</h2><div class="spacer battle-history"><br></div><div class="battle-history">Latias used <strong>Surf</strong>!<br></div><div class="battle-history"><small>It's super effective!</small><br></div><div class="battle-history"><small>(The opposing Charizard lost <abbr title="−67/297">22.6%</abbr> of its health!)</small><br></div><div class="spacer battle-history"><br></div><div class="battle-history">The opposing Charizard fainted!<br></div><div class="spacer battle-history"><br></div><div class="battle-history"><small>(The sunlight is strong!)</small><br></div><div class="spacer battle-history"><br></div><div class="battle-history">Alejo4345 sent out <strong>Toxapex</strong>!<br></div><div class="battle-history"><small>Pointed stones dug into the opposing Toxapex!</small><br></div><div class="spacer battle-history"><br></div><h2 class="battle-history">Turn 25</h2><div class="spacer battle-history"><br></div><div class="battle-history">Latias used <strong>Roost</strong>!<br></div><div class="battle-history"><small>Latias restored its HP.</small><br></div><div class="spacer battle-history"><br></div><div class="battle-history">The opposing Toxapex used <strong>Scald</strong>!<br></div><div class="battle-history"><small>It's not very effective...</small><br></div><div class="battle-history"><small>(Latias lost <abbr title="−9/364">2.5%</abbr> of its health!)</small><br></div><div class="battle-history"><small>Latias was burned!</small><br></div><div class="spacer battle-history"><br></div><div class="battle-history"><small>(The sunlight is strong!)</small><br></div><div class="battle-history"><small>The opposing Toxapex restored a little HP using its Leftovers!</small><br></div><div class="battle-history"><small>Latias was hurt by its burn!</small><br></div><div class="spacer battle-history"><br></div><h2 class="battle-history">Turn 26</h2><div class="spacer battle-history"><br></div><div class="battle-history">The opposing Toxapex used <strong>Baneful Bunker</strong>!<br></div><div class="battle-history"><small>The opposing Toxapex protected itself!</small><br></div><div class="spacer battle-history"><br></div><div class="battle-history">Latias used <strong>Roost</strong>!<br></div><div class="battle-history"><small>Latias restored its HP.</small><br></div><div class="spacer battle-history"><br></div><div class="battle-history"><small>(The sunlight is strong!)</small><br></div><div class="battle-history"><small>The opposing Toxapex restored a little HP using its Leftovers!</small><br></div><div class="battle-history"><small>Latias was hurt by its burn!</small><br></div><div class="spacer battle-history"><br></div><h2 class="battle-history">Turn 27</h2><div class="spacer battle-history"><br></div><div class="battle-history">Latias, come back!<br></div><div class="battle-history">Go! <strong>Toxapex</strong>!<br></div><div class="battle-history"><small>Pointed stones dug into Toxapex!</small><br></div><div class="spacer battle-history"><br></div><div class="battle-history">Alejo4345 withdrew Toxapex!<br></div><div class="battle-history">Alejo4345 sent out <strong>Ferrothorn</strong>!<br></div><div class="battle-history"><small>Pointed stones dug into the opposing Ferrothorn!</small><br></div><div class="spacer battle-history"><br></div><div class="battle-history"><small>The sunlight faded.</small><br></div><div class="battle-history"><small>Toxapex restored a little HP using its Black Sludge!</small><br></div><div class="battle-history"><small>The opposing Ferrothorn restored a little HP using its Leftovers!</small><br></div><div class="battle-history"><small>Toxapex was hurt by its burn!</small><br></div><div class="battle-history"><small>The opposing Ferrothorn was hurt by its burn!</small><br></div><div class="spacer battle-history"><br></div><h2 class="battle-history">Turn 28</h2><div class="chat message-error">Reloj de batalla ENCENDIDO. El jugador inactivo será descalificado (solicitado por Alejo4345).</div><div class="spacer battle-history"><br></div><div class="battle-history">Toxapex, come back!<br></div><div class="battle-history">Go! <strong>Clefable</strong>!<br></div><div class="spacer battle-history"><br></div><div class="battle-history">The opposing Ferrothorn used <strong>Leech Seed</strong>!<br></div><div class="battle-history"><small>Clefable was seeded!</small><br></div><div class="spacer battle-history"><br></div><div class="battle-history"><small>Clefable restored a little HP using its Leftovers!</small><br></div><div class="battle-history"><small>The opposing Ferrothorn restored a little HP using its Leftovers!</small><br></div><div class="battle-history"><small>The opposing Ferrothorn was hurt by its burn!</small><br></div><div class="spacer battle-history"><br></div><h2 class="battle-history">Turn 29</h2><div class="spacer battle-history"><br></div><div class="battle-history">Clefable used <strong>Soft-Boiled</strong>!<br></div><div class="battle-history"><small>Clefable restored its HP.</small><br></div><div class="spacer battle-history"><br></div><div class="battle-history">The opposing Ferrothorn used <strong>Gyro Ball</strong>!<br></div><div class="battle-history"><small>It's super effective!</small><br></div><div class="battle-history"><small>(Clefable lost <abbr title="−94/394">23.9%</abbr> of its health!)</small><br></div><div class="spacer battle-history"><br></div><div class="battle-history"><small>Clefable restored a little HP using its Leftovers!</small><br></div><div class="battle-history"><small>The opposing Ferrothorn restored a little HP using its Leftovers!</small><br></div><div class="battle-history"><small>The opposing Ferrothorn was hurt by its burn!</small><br></div><div class="spacer battle-history"><br></div><h2 class="battle-history">Turn 30</h2><div class="spacer battle-history"><br></div><div class="battle-history">Clefable used <strong>Wish</strong>!<br></div><div class="spacer battle-history"><br></div><div class="battle-history">The opposing Ferrothorn used <strong>Gyro Ball</strong>!<br></div><div class="battle-history"><small>It's super effective!</small><br></div><div class="battle-history"><small>(Clefable lost <abbr title="−85/394">21.6%</abbr> of its health!)</small><br></div><div class="spacer battle-history"><br></div><div class="battle-history"><small>Clefable restored a little HP using its Leftovers!</small><br></div><div class="battle-history"><small>The opposing Ferrothorn restored a little HP using its Leftovers!</small><br></div><div class="battle-history"><small>The opposing Ferrothorn was hurt by its burn!</small><br></div><div class="spacer battle-history"><br></div><h2 class="battle-history">Turn 31</h2><div class="spacer battle-history"><br></div><div class="battle-history"><small>Alejo4345 se rindió.</small><br></div><div class="spacer battle-history"><br></div><div class="battle-history"><strong>Gеrard Way</strong> won the battle!<br></div></div><div class="inner-preempt"></div></div></div>
</div>
<script>
let daily = Math.floor(Date.now()/1000/60/60/24);document.write('<script src="https://play.pokemonshowdown.com/js/replay-embed.js?version'+daily+'"></'+'script>');
</script>
