<!DOCTYPE html>
<meta charset="utf-8" />
<!-- version 1 -->
<title>OU replay: Komaro vs. Divine Resonance</title>
<style>
html,body {font-family:Verdana, sans-serif;font-size:10pt;margin:0;padding:0;}body{padding:12px 0;} .battle-log {font-family:Verdana, sans-serif;font-size:10pt;} .battle-log-inline {border:1px solid #AAAAAA;background:#EEF2F5;color:black;max-width:640px;margin:0 auto 80px;padding-bottom:5px;} .battle-log .inner {padding:4px 8px 0px 8px;} .battle-log .inner-preempt {padding:0 8px 4px 8px;} .battle-log .inner-after {margin-top:0.5em;} .battle-log h2 {margin:0.5em -8px;padding:4px 8px;border:1px solid #AAAAAA;background:#E0E7EA;border-left:0;border-right:0;font-family:Verdana, sans-serif;font-size:13pt;} .battle-log .chat {vertical-align:middle;padding:3px 0 3px 0;font-size:8pt;} .battle-log .chat strong {color:#40576A;} .battle-log .chat em {padding:1px 4px 1px 3px;color:#000000;font-style:normal;} .chat.mine {background:rgba(0,0,0,0.05);margin-left:-8px;margin-right:-8px;padding-left:8px;padding-right:8px;} .spoiler {color:#BBBBBB;background:#BBBBBB;padding:0px 3px;} .spoiler:hover, .spoiler:active, .spoiler-shown {color:#000000;background:#E2E2E2;padding:0px 3px;} .spoiler a {color:#BBBBBB;} .spoiler:hover a, .spoiler:active a, .spoiler-shown a {color:#2288CC;} .chat code, .chat .spoiler:hover code, .chat .spoiler:active code, .chat .spoiler-shown code {border:1px solid #C0C0C0;background:#EEEEEE;color:black;padding:0 2px;} .chat .spoiler code {border:1px solid #CCCCCC;background:#CCCCCC;color:#CCCCCC;} .battle-log .rated {padding:3px 4px;} .battle-log .rated strong {color:white;background:#89A;padding:1px 4px;border-radius:4px;} .spacer {margin-top:0.5em;} .message-announce {background:#6688AA;color:white;padding:1px 4px 2px;} .message-announce a, .broadcast-green a, .broadcast-blue a, .broadcast-red a {color:#DDEEFF;} .broadcast-green {background-color:#559955;color:white;padding:2px 4px;} .broadcast-blue {background-color:#6688AA;color:white;padding:2px 4px;} .infobox {border:1px solid #6688AA;padding:2px 4px;} .infobox-limited {max-height:200px;overflow:auto;overflow-x:hidden;} .broadcast-red {background-color:#AA5544;color:white;padding:2px 4px;} .message-learn-canlearn {font-weight:bold;color:#228822;text-decoration:underline;} .message-learn-cannotlearn {font-weight:bold;color:#CC2222;text-decoration:underline;} .message-effect-weak {font-weight:bold;color:#CC2222;} .message-effect-resist {font-weight:bold;color:#6688AA;} .message-effect-immune {font-weight:bold;color:#666666;} .message-learn-list {margin-top:0;margin-bottom:0;} .message-throttle-notice, .message-error {color:#992222;} .message-overflow, .chat small.message-overflow {font-size:0pt;} .message-overflow::before {font-size:9pt;content:'...';} .subtle {color:#3A4A66;}
</style>
<div class="wrapper replay-wrapper" style="max-width:1180px;margin:0 auto">
<input type="hidden" name="replayid" value="destiny-ou-429199" />
<div class="battle"></div><div class="battle-log"></div><div class="replay-controls"></div><div class="replay-controls-2"></div>
<h1 style="font-weight:normal;text-align:center"><strong>OU</strong><br /><a href="http://pokemonshowdown.com/users/komaro" class="subtle" target="_blank">Komaro</a> vs. <a href="http://pokemonshowdown.com/users/divineresonance" class="subtle" target="_blank">Divine Resonance</a></h1>
<script type="text/plain" class="battle-log-data">|player|p1|Komaro|komaro-3.gif?f19b43c4
|teamsize|p1|6
|player|p2|Divine Resonance|divineresonance.gif?861db043
|teamsize|p2|6
|teamsize|p1|6
|teamsize|p2|6
|gametype|singles
|gen|7
|tier|OU
|seed|33259,53827,27181,56644
|rule|Cláusula-Mod de Dormir: solo puedes dormir a uno de tus oponentes a la vez.
|rule|Cláusula de Especie: Hasta un Pokémon de cada especie
|rule|Cláusula de Golpe Fulminante: los movimientos fulminantes (OHKO) estan prohibidos
|rule|Cláusula de Veleta: la habilidad Veleta está prohibida
|rule|Cláusula de Movimientos Evasivos: los movimientos de Evasión están prohibidos.
|rule|Cláusula de Batallas Eternas: forzar batallas eternas está prohibido
|clearpoke
|poke|p1|Druddigon, F|item
|poke|p1|Lopunny, M|item
|poke|p1|Landorus-Therian, M|item
|poke|p1|Rotom-Wash|item
|poke|p1|Magearna|item
|poke|p1|Victini|item
|poke|p2|Medicham, F|item
|poke|p2|Volcarona, M|item
|poke|p2|Ferrothorn, M|item
|poke|p2|Tapu Fini|item
|poke|p2|Landorus-Therian, M|item
|poke|p2|Scolipede, F|item
|teampreview|undefined
|choice|*|*team 123456
|choice|*team 123456|*
|choice|team 1, 2, 3, 4, 5, 6|team 1, 2, 3, 4, 5, 6
|
|start
|switch|p1a: Druddigon|Druddigon, F|358\/358
|switch|p2a: Medicham|Medicham, F|261\/261
|turn|1
|choice|*|*move 4 mega
|choice|*move 1|*
|choice|move glare|move highjumpkick mega
|
|-mega|p2a: Medicham|Medicham|Medichamite
|detailschange|p2a: Medicham|Medicham-Mega, F
|move|p2a: Medicham|High Jump Kick|p1a: Druddigon
|-damage|p1a: Druddigon|52\/358
|-damage|p2a: Medicham|229\/261|[from] ability: Rough Skin|[of] p1a: Druddigon
|-damage|p2a: Medicham|186\/261|[from] item: Rocky Helmet|[of] p1a: Druddigon
|move|p1a: Druddigon|Glare|p2a: Medicham
|-status|p2a: Medicham|par
|
|upkeep
|turn|2
|choice|*move 2|*
|choice|*|*switch 4
|choice|move stealthrock|switch 4
|
|switch|p2a: Tapu Fini|Tapu Fini|344\/344
|-fieldstart|move: Misty Terrain|[from] ability: Misty Surge|[of] p2a: Tapu Fini
|move|p1a: Druddigon|Stealth Rock|p2a: Tapu Fini
|-sidestart|p2: Divine Resonance|move: Stealth Rock
|
|upkeep
|turn|3
|choice|*|*move 1
|choice|*move 4|*
|choice|move crushclaw|move defog
|
|move|p2a: Tapu Fini|Defog|p1a: Druddigon
|-unboost|p1a: Druddigon|evasion|1
|-sideend|p2: Divine Resonance|Stealth Rock|[from] move: Defog|[of] p2a: Tapu Fini
|move|p1a: Druddigon|Crush Claw|p2a: Tapu Fini
|-damage|p2a: Tapu Fini|286\/344
|
|-heal|p2a: Tapu Fini|307\/344|[from] item: Leftovers
|upkeep
|turn|4
|choice|*|*move 3
|choice|*switch 4|*
|choice|switch 4|move moonblast
|
|switch|p1a: Rotom|Rotom-Wash|303\/303
|move|p2a: Tapu Fini|Moonblast|p1a: Rotom
|-damage|p1a: Rotom|194\/303
|-unboost|p1a: Rotom|spa|1
|
|-heal|p2a: Tapu Fini|328\/344|[from] item: Leftovers
|upkeep
|turn|5
|choice|*|*move 3
|choice|*move 2|*
|choice|move voltswitch|move moonblast
|
|move|p2a: Tapu Fini|Moonblast|p1a: Rotom
|-damage|p1a: Rotom|85\/303
|move|p1a: Rotom|Volt Switch|p2a: Tapu Fini
|-supereffective|p2a: Tapu Fini
|-damage|p2a: Tapu Fini|236\/344
|choice|*switch 5|*
|choice|switch 5|
|
|switch|p1a: Magearna|Magearna|301\/301|[from]move: Volt Switch
|
|-heal|p2a: Tapu Fini|257\/344|[from] item: Leftovers
|upkeep
|turn|6
|choice|*|*move 2
|choice|*move 1|*
|choice|move shiftgear|move hiddenpower
|
|move|p1a: Magearna|Shift Gear|p1a: Magearna
|-boost|p1a: Magearna|spe|2
|-boost|p1a: Magearna|atk|1
|move|p2a: Tapu Fini|Hidden Power|p1a: Magearna
|-supereffective|p1a: Magearna
|-damage|p1a: Magearna|205\/301
|
|-heal|p1a: Magearna|223\/301|[from] item: Leftovers
|-heal|p2a: Tapu Fini|278\/344|[from] item: Leftovers
|-fieldend|Misty Terrain
|upkeep
|turn|7
|choice|*move 2|*
|choice|*|*move 2
|choice|move calmmind|move hiddenpower
|
|move|p1a: Magearna|Calm Mind|p1a: Magearna
|-boost|p1a: Magearna|spa|1
|-boost|p1a: Magearna|spd|1
|move|p2a: Tapu Fini|Hidden Power|p1a: Magearna
|-supereffective|p1a: Magearna
|-damage|p1a: Magearna|161\/301
|
|-heal|p1a: Magearna|179\/301|[from] item: Leftovers
|-heal|p2a: Tapu Fini|299\/344|[from] item: Leftovers
|upkeep
|turn|8
|choice|*move 2|*
|choice|*|*switch 2
|choice|move calmmind|switch 2
|
|switch|p2a: Volcarona|Volcarona, M|311\/311
|move|p1a: Magearna|Calm Mind|p1a: Magearna
|-boost|p1a: Magearna|spa|1
|-boost|p1a: Magearna|spd|1
|
|-heal|p1a: Magearna|197\/301|[from] item: Leftovers
|upkeep
|turn|9
|choice|*|*move 2
|choice|*move 3|*
|choice|move thunderbolt|move fierydance
|
|move|p1a: Magearna|Thunderbolt|p2a: Volcarona
|-damage|p2a: Volcarona|104\/311
|move|p2a: Volcarona|Fiery Dance|p1a: Magearna
|-supereffective|p1a: Magearna
|-damage|p1a: Magearna|75\/301
|-boost|p2a: Volcarona|spa|1
|
|-heal|p1a: Magearna|93\/301|[from] item: Leftovers
|-heal|p2a: Volcarona|123\/311|[from] item: Leftovers
|upkeep
|turn|10
|choice|*|*move 2
|choice|*move 3|*
|choice|move thunderbolt|move fierydance
|
|move|p1a: Magearna|Thunderbolt|p2a: Volcarona
|-damage|p2a: Volcarona|0 fnt
|faint|p2a: Volcarona
|-ability|p1a: Magearna|Soul-Heart|boost
|-boost|p1a: Magearna|spa|1
|
|-heal|p1a: Magearna|111\/301|[from] item: Leftovers
|upkeep
|choice|*|*switch 3
|choice||switch 3
|
|switch|p2a: Ferrothorn|Ferrothorn, M|351\/351
|turn|11
|choice|*|*move 1
|choice|*move 4|*
|choice|move icebeam|move leechseed
|
|move|p1a: Magearna|Ice Beam|p2a: Ferrothorn
|-damage|p2a: Ferrothorn|127\/351
|move|p2a: Ferrothorn|Leech Seed|p1a: Magearna
|-start|p1a: Magearna|move: Leech Seed
|
|-heal|p1a: Magearna|129\/301|[from] item: Leftovers
|-damage|p1a: Magearna|92\/301|[from] Leech Seed|[of] p2a: Ferrothorn
|-heal|p2a: Ferrothorn|164\/351|[silent]
|upkeep
|turn|12
|choice|*|*move 4
|choice|*move 4|*
|choice|move icebeam|move protect
|
|move|p2a: Ferrothorn|Protect|p2a: Ferrothorn
|-singleturn|p2a: Ferrothorn|Protect
|move|p1a: Magearna|Ice Beam|p2a: Ferrothorn
|-activate|p2a: Ferrothorn|move: Protect
|
|-heal|p1a: Magearna|110\/301|[from] item: Leftovers
|-damage|p1a: Magearna|73\/301|[from] Leech Seed|[of] p2a: Ferrothorn
|-heal|p2a: Ferrothorn|201\/351|[silent]
|upkeep
|turn|13
|choice|*move 4|*
|choice|*move 3|*
|choice|*|*move 4
|choice|move thunderbolt|move protect
|
|move|p2a: Ferrothorn|Protect|p2a: Ferrothorn
|-fail|p2a: Ferrothorn
|move|p1a: Magearna|Thunderbolt|p2a: Ferrothorn
|-resisted|p2a: Ferrothorn
|-damage|p2a: Ferrothorn|77\/351
|
|-heal|p1a: Magearna|91\/301|[from] item: Leftovers
|-damage|p1a: Magearna|54\/301|[from] Leech Seed|[of] p2a: Ferrothorn
|-heal|p2a: Ferrothorn|114\/351|[silent]
|upkeep
|turn|14
|choice|*move 3|*
|choice|*|*move 4
|choice|move thunderbolt|move protect
|
|move|p2a: Ferrothorn|Protect|p2a: Ferrothorn
|-singleturn|p2a: Ferrothorn|Protect
|move|p1a: Magearna|Thunderbolt|p2a: Ferrothorn
|-activate|p2a: Ferrothorn|move: Protect
|
|-heal|p1a: Magearna|72\/301|[from] item: Leftovers
|-damage|p1a: Magearna|35\/301|[from] Leech Seed|[of] p2a: Ferrothorn
|-heal|p2a: Ferrothorn|151\/351|[silent]
|upkeep
|turn|15
|choice|*|*move 2
|choice|*move 3|*
|choice|move thunderbolt|move gyroball
|
|move|p1a: Magearna|Thunderbolt|p2a: Ferrothorn
|-resisted|p2a: Ferrothorn
|-damage|p2a: Ferrothorn|25\/351
|move|p2a: Ferrothorn|Gyro Ball|p1a: Magearna
|-damage|p1a: Magearna|0 fnt
|faint|p1a: Magearna
|
|upkeep
|choice|*switch 6|*
|choice|switch 6|
|
|switch|p1a: Victini|Victini|341\/341
|turn|16
|choice|*move 1 zmove|*
|choice|*|*move 3
|choice|move celebrate zmove|move bulldoze
|
|-zpower|p1a: Victini
|move|p1a: Victini|Z-Celebrate|p1a: Victini|[anim]Celebrate
|-boost|p1a: Victini|atk|1|[zeffect]
|-boost|p1a: Victini|def|1|[zeffect]
|-boost|p1a: Victini|spa|1|[zeffect]
|-boost|p1a: Victini|spd|1|[zeffect]
|-boost|p1a: Victini|spe|1|[zeffect]
|-activate|p1a: Victini|move: Celebrate
|-fail|p1a: Victini
|move|p2a: Ferrothorn|Bulldoze|p1a: Victini
|-supereffective|p1a: Victini
|-damage|p1a: Victini|277\/341
|-unboost|p1a: Victini|spe|1
|
|upkeep
|turn|17
|choice|*|*move 1
|choice|*move 2|*
|choice|move searingshot|move leechseed
|
|move|p1a: Victini|Searing Shot|p2a: Ferrothorn
|-supereffective|p2a: Ferrothorn
|-damage|p2a: Ferrothorn|0 fnt
|faint|p2a: Ferrothorn
|
|upkeep
|choice|*|*switch 5
|choice||switch 5
|
|switch|p2a: Landorus|Landorus-Therian, M|319\/319
|-ability|p2a: Landorus|Intimidate|boost
|-unboost|p1a: Victini|atk|1
|turn|18
|choice|*|*switch 4
|choice|*move 2|*
|choice|move searingshot|switch 4
|
|switch|p2a: Medicham|Medicham-Mega, F|186\/261 par
|move|p1a: Victini|Searing Shot|p2a: Medicham
|-damage|p2a: Medicham|0 fnt
|faint|p2a: Medicham
|
|upkeep
|choice|*|*switch 2
|choice||switch 2
|
|switch|p2a: Tapu Fini|Tapu Fini|299\/344
|-fieldstart|move: Misty Terrain|[from] ability: Misty Surge|[of] p2a: Tapu Fini
|turn|19
|choice|*|*move 4
|choice|*move 3|*
|choice|move storedpower|move surf
|
|move|p1a: Victini|Stored Power|p2a: Tapu Fini
|-damage|p2a: Tapu Fini|151\/344
|move|p2a: Tapu Fini|Surf|p1a: Victini
|-supereffective|p1a: Victini
|-damage|p1a: Victini|115\/341
|
|-heal|p2a: Tapu Fini|172\/344|[from] item: Leftovers
|upkeep
|turn|20
|choice|*|*move 4
|choice|*move 3|*
|choice|move storedpower|move surf
|
|move|p1a: Victini|Stored Power|p2a: Tapu Fini
|-damage|p2a: Tapu Fini|22\/344
|move|p2a: Tapu Fini|Surf|p1a: Victini
|-supereffective|p1a: Victini
|-crit|p1a: Victini
|-damage|p1a: Victini|0 fnt
|faint|p1a: Victini
|
|-heal|p2a: Tapu Fini|43\/344|[from] item: Leftovers
|upkeep
|choice|*switch 2|*
|choice|switch 2|
|
|switch|p1a: Lopunny|Lopunny, M|271\/271
|turn|21
|choice|*move 3 mega|*
|choice|*|*move 3
|choice|move return mega|move moonblast
|
|-mega|p1a: Lopunny|Lopunny|Lopunnite
|detailschange|p1a: Lopunny|Lopunny-Mega, M
|move|p1a: Lopunny|Return|p2a: Tapu Fini
|-damage|p2a: Tapu Fini|0 fnt
|faint|p2a: Tapu Fini
|
|upkeep
|choice|*|*switch 4
|choice||switch 4
|
|switch|p2a: Landorus|Landorus-Therian, M|319\/319
|-ability|p2a: Landorus|Intimidate|boost
|-unboost|p1a: Lopunny|atk|1
|turn|22
|choice|*|*move 1
|choice|*switch 4|*
|choice|switch 4|move focusblast
|
|switch|p1a: Druddigon|Druddigon, F|52\/358
|move|p2a: Landorus|Focus Blast|p1a: Druddigon|[miss]
|-miss|p2a: Landorus|p1a: Druddigon
|
|upkeep
|turn|23
|choice|*move 4|*
|choice|*|*move 3
|choice|move crushclaw|move earthquake
|
|move|p2a: Landorus|Earthquake|p1a: Druddigon
|-damage|p1a: Druddigon|0 fnt
|-damage|p2a: Landorus|288\/319|[from] item: Life Orb
|faint|p1a: Druddigon
|
|-fieldend|Misty Terrain
|upkeep
|choice|*switch 5|*
|choice|switch 5|
|
|switch|p1a: Rotom|Rotom-Wash|85\/303
|turn|24
|choice|*move 1|*
|choice|*|*move 2
|choice|move hydropump|move hiddenpower
|
|move|p2a: Landorus|Hidden Power|p1a: Rotom
|-resisted|p1a: Rotom
|-damage|p1a: Rotom|51\/303
|-enditem|p1a: Rotom|Iapapa Berry|[eat]
|-heal|p1a: Rotom|202\/303|[from] item: Iapapa Berry
|-damage|p2a: Landorus|257\/319|[from] item: Life Orb
|move|p1a: Rotom|Hydro Pump|p2a: Landorus
|-supereffective|p2a: Landorus
|-damage|p2a: Landorus|0 fnt
|faint|p2a: Landorus
|
|upkeep
|c|☆Divine Resonance|miss
|choice|*|*switch 6
|choice||switch 6
|
|switch|p2a: Scolipede|Scolipede, F|261\/261
|turn|25
|choice|*|*move 1
|choice|*move 3|*
|choice|move willowisp|move swordsdance
|
|move|p2a: Scolipede|Swords Dance|p2a: Scolipede
|-boost|p2a: Scolipede|atk|2
|move|p1a: Rotom|Will-O-Wisp|p2a: Scolipede
|-status|p2a: Scolipede|brn
|
|-damage|p2a: Scolipede|245\/261 brn|[from] brn
|-ability|p2a: Scolipede|Speed Boost|boost
|-boost|p2a: Scolipede|spe|1
|upkeep
|turn|26
|choice|*move 1|*
|choice|*|*move 2
|choice|move hydropump|move poisonjab
|
|move|p2a: Scolipede|Poison Jab|p1a: Rotom
|-damage|p1a: Rotom|120\/303
|move|p1a: Rotom|Hydro Pump|p2a: Scolipede
|-damage|p2a: Scolipede|79\/261 brn
|
|-damage|p2a: Scolipede|63\/261 brn|[from] brn
|-ability|p2a: Scolipede|Speed Boost|boost
|-boost|p2a: Scolipede|spe|1
|upkeep
|turn|27
|choice|*move 2|*
|choice|*|*move 2
|choice|move voltswitch|move poisonjab
|
|move|p2a: Scolipede|Poison Jab|p1a: Rotom
|-damage|p1a: Rotom|40\/303
|move|p1a: Rotom|Volt Switch|p2a: Scolipede
|-damage|p2a: Scolipede|0 fnt
|faint|p2a: Scolipede
|
|win|Komaro
</script>
</div>
<div class="battle-log battle-log-inline"><div class="inner"><div class="battle-options"></div><div class="inner"><div class=""><small>Format:</small> <br><strong>OU</strong></div><div class=""><small><em>Cláusula-Mod de Dormir:</em> solo puedes dormir a uno de tus oponentes a la vez.</small></div><div class=""><small><em>Cláusula de Especie:</em> Hasta un Pokémon de cada especie</small></div><div class=""><small><em>Cláusula de Golpe Fulminante:</em> los movimientos fulminantes (OHKO) estan prohibidos</small></div><div class=""><small><em>Cláusula de Veleta:</em> la habilidad Veleta está prohibida</small></div><div class=""><small><em>Cláusula de Movimientos Evasivos:</em> los movimientos de Evasión están prohibidos.</small></div><div class=""><small><em>Cláusula de Batallas Eternas:</em> forzar batallas eternas está prohibido</small></div><div class="chat battle-history"><strong>Komaro's team:</strong> <em style="color:#445566;display:block;">Druddigon / Lopunny / Landorus-Therian / Rotom-Wash / Magearna / Victini</em></div><div class="chat battle-history"><strong>Divine Resonance's team:</strong> <em style="color:#445566;display:block;">Medicham / Volcarona / Ferrothorn / Tapu Fini / Landorus-Therian / Scolipede</em></div><div class="spacer battle-history"><br></div><div class="battle-history">Battle started between Komaro and Divine Resonance!<br></div><div class="spacer battle-history"><br></div><div class="battle-history">Go! <strong>Druddigon</strong>!<br></div><div class="spacer battle-history"><br></div><div class="battle-history">Divine Resonance sent out <strong>Medicham</strong>!<br></div><div class="spacer battle-history"><br></div><h2 class="battle-history">Turn 1</h2><div class="spacer battle-history"><br></div><div class="battle-history"><small>The opposing Medicham's Medichamite is reacting to the Key Stone!</small><br>The opposing Medicham has Mega Evolved into Mega Medicham!<br></div><div class="spacer battle-history"><br></div><div class="battle-history">The opposing Medicham used <strong>High Jump Kick</strong>!<br></div><div class="battle-history"><small>(Druddigon lost <abbr title="−306/358">85.5%</abbr> of its health!)</small><br></div><div class="battle-history"><small>[Druddigon's Rough Skin]</small><br><small>The opposing Medicham was hurt!</small><br></div><div class="battle-history"><small>The opposing Medicham was hurt by the Rocky Helmet!</small><br></div><div class="spacer battle-history"><br></div><div class="battle-history">Druddigon used <strong>Glare</strong>!<br></div><div class="battle-history"><small>The opposing Medicham is paralyzed! It may be unable to move!</small><br></div><div class="spacer battle-history"><br></div><h2 class="battle-history">Turn 2</h2><div class="spacer battle-history"><br></div><div class="battle-history">Divine Resonance withdrew Medicham!<br></div><div class="battle-history">Divine Resonance sent out <strong>Tapu Fini</strong>!<br></div><div class="battle-history"><small>[The opposing Tapu Fini's Misty Surge]</small><br><small>Mist swirls around the battlefield!</small><br></div><div class="spacer battle-history"><br></div><div class="battle-history">Druddigon used <strong>Stealth Rock</strong>!<br></div><div class="battle-history"><small>Pointed stones float in the air around the opposing team!</small><br></div><div class="spacer battle-history"><br></div><h2 class="battle-history">Turn 3</h2><div class="spacer battle-history"><br></div><div class="battle-history">The opposing Tapu Fini used <strong>Defog</strong>!<br></div><div class="battle-history"><small>Druddigon's evasiveness fell!</small><br></div><div class="battle-history"><small>The pointed stones disappeared from around the opposing team!</small><br></div><div class="spacer battle-history"><br></div><div class="battle-history">Druddigon used <strong>Crush Claw</strong>!<br></div><div class="battle-history"><small>(The opposing Tapu Fini lost <abbr title="−58/344">16.9%</abbr> of its health!)</small><br></div><div class="spacer battle-history"><br></div><div class="battle-history"><small>The opposing Tapu Fini restored a little HP using its Leftovers!</small><br></div><div class="spacer battle-history"><br></div><h2 class="battle-history">Turn 4</h2><div class="spacer battle-history"><br></div><div class="battle-history">Druddigon, come back!<br></div><div class="battle-history">Go! Rotom (<strong>Rotom-Wash</strong>)!<br></div><div class="spacer battle-history"><br></div><div class="battle-history">The opposing Tapu Fini used <strong>Moonblast</strong>!<br></div><div class="battle-history"><small>(Rotom lost <abbr title="−109/303">36.0%</abbr> of its health!)</small><br></div><div class="battle-history"><small>Rotom's Special Attack fell!</small><br></div><div class="spacer battle-history"><br></div><div class="battle-history"><small>The opposing Tapu Fini restored a little HP using its Leftovers!</small><br></div><div class="spacer battle-history"><br></div><h2 class="battle-history">Turn 5</h2><div class="spacer battle-history"><br></div><div class="battle-history">The opposing Tapu Fini used <strong>Moonblast</strong>!<br></div><div class="battle-history"><small>(Rotom lost <abbr title="−109/303">36.0%</abbr> of its health!)</small><br></div><div class="spacer battle-history"><br></div><div class="battle-history">Rotom used <strong>Volt Switch</strong>!<br></div><div class="battle-history"><small>It's super effective!</small><br></div><div class="battle-history"><small>(The opposing Tapu Fini lost <abbr title="−92/344">26.7%</abbr> of its health!)</small><br></div><div class="spacer battle-history"><br></div><div class="battle-history">Rotom went back to Komaro!<br></div><div class="battle-history">Go! <strong>Magearna</strong>!<br></div><div class="spacer battle-history"><br></div><div class="battle-history"><small>The opposing Tapu Fini restored a little HP using its Leftovers!</small><br></div><div class="spacer battle-history"><br></div><h2 class="battle-history">Turn 6</h2><div class="spacer battle-history"><br></div><div class="battle-history">Magearna used <strong>Shift Gear</strong>!<br></div><div class="battle-history"><small>Magearna's Speed rose sharply!</small><br></div><div class="battle-history"><small>Magearna's Attack rose!</small><br></div><div class="spacer battle-history"><br></div><div class="battle-history">The opposing Tapu Fini used <strong>Hidden Power</strong>!<br></div><div class="battle-history"><small>It's super effective!</small><br></div><div class="battle-history"><small>(Magearna lost <abbr title="−96/301">31.9%</abbr> of its health!)</small><br></div><div class="spacer battle-history"><br></div><div class="battle-history"><small>Magearna restored a little HP using its Leftovers!</small><br></div><div class="battle-history"><small>The opposing Tapu Fini restored a little HP using its Leftovers!</small><br></div><div class="battle-history"><small>The mist disappeared from the battlefield.</small><br></div><div class="spacer battle-history"><br></div><h2 class="battle-history">Turn 7</h2><div class="spacer battle-history"><br></div><div class="battle-history">Magearna used <strong>Calm Mind</strong>!<br></div><div class="battle-history"><small>Magearna's Special Attack rose!</small><br></div><div class="battle-history"><small>Magearna's Special Defense rose!</small><br></div><div class="spacer battle-history"><br></div><div class="battle-history">The opposing Tapu Fini used <strong>Hidden Power</strong>!<br></div><div class="battle-history"><small>It's super effective!</small><br></div><div class="battle-history"><small>(Magearna lost <abbr title="−62/301">20.6%</abbr> of its health!)</small><br></div><div class="spacer battle-history"><br></div><div class="battle-history"><small>Magearna restored a little HP using its Leftovers!</small><br></div><div class="battle-history"><small>The opposing Tapu Fini restored a little HP using its Leftovers!</small><br></div><div class="spacer battle-history"><br></div><h2 class="battle-history">Turn 8</h2><div class="spacer battle-history"><br></div><div class="battle-history">Divine Resonance withdrew Tapu Fini!<br></div><div class="battle-history">Divine Resonance sent out <strong>Volcarona</strong>!<br></div><div class="spacer battle-history"><br></div><div class="battle-history">Magearna used <strong>Calm Mind</strong>!<br></div><div class="battle-history"><small>Magearna's Special Attack rose!</small><br></div><div class="battle-history"><small>Magearna's Special Defense rose!</small><br></div><div class="spacer battle-history"><br></div><div class="battle-history"><small>Magearna restored a little HP using its Leftovers!</small><br></div><div class="spacer battle-history"><br></div><h2 class="battle-history">Turn 9</h2><div class="spacer battle-history"><br></div><div class="battle-history">Magearna used <strong>Thunderbolt</strong>!<br></div><div class="battle-history"><small>(The opposing Volcarona lost <abbr title="−207/311">66.6%</abbr> of its health!)</small><br></div><div class="spacer battle-history"><br></div><div class="battle-history">The opposing Volcarona used <strong>Fiery Dance</strong>!<br></div><div class="battle-history"><small>It's super effective!</small><br></div><div class="battle-history"><small>(Magearna lost <abbr title="−122/301">40.5%</abbr> of its health!)</small><br></div><div class="battle-history"><small>The opposing Volcarona's Special Attack rose!</small><br></div><div class="spacer battle-history"><br></div><div class="battle-history"><small>Magearna restored a little HP using its Leftovers!</small><br></div><div class="battle-history"><small>The opposing Volcarona restored a little HP using its Leftovers!</small><br></div><div class="spacer battle-history"><br></div><h2 class="battle-history">Turn 10</h2><div class="spacer battle-history"><br></div><div class="battle-history">Magearna used <strong>Thunderbolt</strong>!<br></div><div class="battle-history"><small>(The opposing Volcarona lost <abbr title="−123/311">39.5%</abbr> of its health!)</small><br></div><div class="spacer battle-history"><br></div><div class="battle-history">The opposing Volcarona fainted!<br></div><div class="battle-history"><small>[Magearna's Soul-Heart]</small><br></div><div class="battle-history"><small>Magearna's Special Attack rose!</small><br></div><div class="spacer battle-history"><br></div><div class="battle-history"><small>Magearna restored a little HP using its Leftovers!</small><br></div><div class="spacer battle-history"><br></div><div class="battle-history">Divine Resonance sent out <strong>Ferrothorn</strong>!<br></div><div class="spacer battle-history"><br></div><h2 class="battle-history">Turn 11</h2><div class="spacer battle-history"><br></div><div class="battle-history">Magearna used <strong>Ice Beam</strong>!<br></div><div class="battle-history"><small>(The opposing Ferrothorn lost <abbr title="−224/351">63.8%</abbr> of its health!)</small><br></div><div class="spacer battle-history"><br></div><div class="battle-history">The opposing Ferrothorn used <strong>Leech Seed</strong>!<br></div><div class="battle-history"><small>Magearna was seeded!</small><br></div><div class="spacer battle-history"><br></div><div class="battle-history"><small>Magearna restored a little HP using its Leftovers!</small><br></div><div class="battle-history"><small>Magearna's health is sapped by Leech Seed!</small><br></div><div class="spacer battle-history"><br></div><h2 class="battle-history">Turn 12</h2><div class="spacer battle-history"><br></div><div class="battle-history">The opposing Ferrothorn used <strong>Protect</strong>!<br></div><div class="battle-history"><small>The opposing Ferrothorn protected itself!</small><br></div><div class="spacer battle-history"><br></div><div class="battle-history">Magearna used <strong>Ice Beam</strong>!<br></div><div class="battle-history"><small>The opposing Ferrothorn protected itself!</small><br></div><div class="spacer battle-history"><br></div><div class="battle-history"><small>Magearna restored a little HP using its Leftovers!</small><br></div><div class="battle-history"><small>Magearna's health is sapped by Leech Seed!</small><br></div><div class="spacer battle-history"><br></div><h2 class="battle-history">Turn 13</h2><div class="spacer battle-history"><br></div><div class="battle-history">The opposing Ferrothorn used <strong>Protect</strong>!<br></div><div class="battle-history"><small>But it failed!</small><br></div><div class="spacer battle-history"><br></div><div class="battle-history">Magearna used <strong>Thunderbolt</strong>!<br></div><div class="battle-history"><small>It's not very effective...</small><br></div><div class="battle-history"><small>(The opposing Ferrothorn lost <abbr title="−124/351">35.3%</abbr> of its health!)</small><br></div><div class="spacer battle-history"><br></div><div class="battle-history"><small>Magearna restored a little HP using its Leftovers!</small><br></div><div class="battle-history"><small>Magearna's health is sapped by Leech Seed!</small><br></div><div class="spacer battle-history"><br></div><h2 class="battle-history">Turn 14</h2><div class="spacer battle-history"><br></div><div class="battle-history">The opposing Ferrothorn used <strong>Protect</strong>!<br></div><div class="battle-history"><small>The opposing Ferrothorn protected itself!</small><br></div><div class="spacer battle-history"><br></div><div class="battle-history">Magearna used <strong>Thunderbolt</strong>!<br></div><div class="battle-history"><small>The opposing Ferrothorn protected itself!</small><br></div><div class="spacer battle-history"><br></div><div class="battle-history"><small>Magearna restored a little HP using its Leftovers!</small><br></div><div class="battle-history"><small>Magearna's health is sapped by Leech Seed!</small><br></div><div class="spacer battle-history"><br></div><h2 class="battle-history">Turn 15</h2><div class="spacer battle-history"><br></div><div class="battle-history">Magearna used <strong>Thunderbolt</strong>!<br></div><div class="battle-history"><small>It's not very effective...</small><br></div><div class="battle-history"><small>(The opposing Ferrothorn lost <abbr title="−126/351">35.9%</abbr> of its health!)</small><br></div><div class="spacer battle-history"><br></div><div class="battle-history">The opposing Ferrothorn used <strong>Gyro Ball</strong>!<br></div><div class="battle-history"><small>(Magearna lost <abbr title="−35/301">11.6%</abbr> of its health!)</small><br></div><div class="spacer battle-history"><br></div><div class="battle-history">Magearna fainted!<br></div><div class="spacer battle-history"><br></div><div class="battle-history">Go! <strong>Victini</strong>!<br></div><div class="spacer battle-history"><br></div><h2 class="battle-history">Turn 16</h2><div class="spacer battle-history"><br></div><div class="battle-history"><small>Victini surrounded itself with its Z-Power!</small><br></div><div class="spacer battle-history"><br></div><div class="battle-history">Victini used <strong>Z-Celebrate</strong>!<br></div><div class="battle-history"><small>Victini boosted its Attack using its Z-Power!</small><br></div><div class="battle-history"><small>Victini boosted its Defense using its Z-Power!</small><br></div><div class="battle-history"><small>Victini boosted its Special Attack using its Z-Power!</small><br></div><div class="battle-history"><small>Victini boosted its Special Defense using its Z-Power!</small><br></div><div class="battle-history"><small>Victini boosted its Speed using its Z-Power!</small><br></div><div class="battle-history"><small>Congratulations, Komaro!</small><br></div><div class="battle-history"><small>But it failed!</small><br></div><div class="spacer battle-history"><br></div><div class="battle-history">The opposing Ferrothorn used <strong>Bulldoze</strong>!<br></div><div class="battle-history"><small>It's super effective!</small><br></div><div class="battle-history"><small>(Victini lost <abbr title="−64/341">18.8%</abbr> of its health!)</small><br></div><div class="battle-history"><small>Victini's Speed fell!</small><br></div><div class="spacer battle-history"><br></div><h2 class="battle-history">Turn 17</h2><div class="spacer battle-history"><br></div><div class="battle-history">Victini used <strong>Searing Shot</strong>!<br></div><div class="battle-history"><small>It's super effective!</small><br></div><div class="battle-history"><small>(The opposing Ferrothorn lost <abbr title="−25/351">7.1%</abbr> of its health!)</small><br></div><div class="spacer battle-history"><br></div><div class="battle-history">The opposing Ferrothorn fainted!<br></div><div class="spacer battle-history"><br></div><div class="battle-history">Divine Resonance sent out Landorus (<strong>Landorus-Therian</strong>)!<br></div><div class="battle-history"><small>[The opposing Landorus's Intimidate]</small><br></div><div class="battle-history"><small>Victini's Attack fell!</small><br></div><div class="spacer battle-history"><br></div><h2 class="battle-history">Turn 18</h2><div class="spacer battle-history"><br></div><div class="battle-history">Divine Resonance withdrew Landorus!<br></div><div class="battle-history">Divine Resonance sent out Medicham (<strong>Medicham-Mega</strong>)!<br></div><div class="spacer battle-history"><br></div><div class="battle-history">Victini used <strong>Searing Shot</strong>!<br></div><div class="battle-history"><small>(The opposing Medicham lost <abbr title="−186/261">71.3%</abbr> of its health!)</small><br></div><div class="spacer battle-history"><br></div><div class="battle-history">The opposing Medicham fainted!<br></div><div class="spacer battle-history"><br></div><div class="battle-history">Divine Resonance sent out <strong>Tapu Fini</strong>!<br></div><div class="battle-history"><small>[The opposing Tapu Fini's Misty Surge]</small><br><small>Mist swirls around the battlefield!</small><br></div><div class="spacer battle-history"><br></div><h2 class="battle-history">Turn 19</h2><div class="spacer battle-history"><br></div><div class="battle-history">Victini used <strong>Stored Power</strong>!<br></div><div class="battle-history"><small>(The opposing Tapu Fini lost <abbr title="−148/344">43.0%</abbr> of its health!)</small><br></div><div class="spacer battle-history"><br></div><div class="battle-history">The opposing Tapu Fini used <strong>Surf</strong>!<br></div><div class="battle-history"><small>It's super effective!</small><br></div><div class="battle-history"><small>(Victini lost <abbr title="−162/341">47.5%</abbr> of its health!)</small><br></div><div class="spacer battle-history"><br></div><div class="battle-history"><small>The opposing Tapu Fini restored a little HP using its Leftovers!</small><br></div><div class="spacer battle-history"><br></div><h2 class="battle-history">Turn 20</h2><div class="spacer battle-history"><br></div><div class="battle-history">Victini used <strong>Stored Power</strong>!<br></div><div class="battle-history"><small>(The opposing Tapu Fini lost <abbr title="−150/344">43.6%</abbr> of its health!)</small><br></div><div class="spacer battle-history"><br></div><div class="battle-history">The opposing Tapu Fini used <strong>Surf</strong>!<br></div><div class="battle-history"><small>It's super effective!</small><br></div><div class="battle-history"><small>A critical hit!</small><br></div><div class="battle-history"><small>(Victini lost <abbr title="−115/341">33.7%</abbr> of its health!)</small><br></div><div class="spacer battle-history"><br></div><div class="battle-history">Victini fainted!<br></div><div class="spacer battle-history"><br></div><div class="battle-history"><small>The opposing Tapu Fini restored a little HP using its Leftovers!</small><br></div><div class="spacer battle-history"><br></div><div class="battle-history">Go! <strong>Lopunny</strong>!<br></div><div class="spacer battle-history"><br></div><h2 class="battle-history">Turn 21</h2><div class="spacer battle-history"><br></div><div class="battle-history"><small>Lopunny's Lopunnite is reacting to the Key Stone!</small><br>Lopunny has Mega Evolved into Mega Lopunny!<br></div><div class="spacer battle-history"><br></div><div class="battle-history">Lopunny used <strong>Return</strong>!<br></div><div class="battle-history"><small>(The opposing Tapu Fini lost <abbr title="−43/344">12.5%</abbr> of its health!)</small><br></div><div class="spacer battle-history"><br></div><div class="battle-history">The opposing Tapu Fini fainted!<br></div><div class="spacer battle-history"><br></div><div class="battle-history">Divine Resonance sent out Landorus (<strong>Landorus-Therian</strong>)!<br></div><div class="battle-history"><small>[The opposing Landorus's Intimidate]</small><br></div><div class="battle-history"><small>Lopunny's Attack fell!</small><br></div><div class="spacer battle-history"><br></div><h2 class="battle-history">Turn 22</h2><div class="spacer battle-history"><br></div><div class="battle-history">Lopunny, come back!<br></div><div class="battle-history">Go! <strong>Druddigon</strong>!<br></div><div class="spacer battle-history"><br></div><div class="battle-history">The opposing Landorus used <strong>Focus Blast</strong>!<br></div><div class="battle-history"><small>Druddigon avoided the attack!</small><br></div><div class="spacer battle-history"><br></div><h2 class="battle-history">Turn 23</h2><div class="spacer battle-history"><br></div><div class="battle-history">The opposing Landorus used <strong>Earthquake</strong>!<br></div><div class="battle-history"><small>(Druddigon lost <abbr title="−52/358">14.5%</abbr> of its health!)</small><br></div><div class="battle-history"><small>The opposing Landorus lost some of its HP!</small><br></div><div class="spacer battle-history"><br></div><div class="battle-history">Druddigon fainted!<br></div><div class="spacer battle-history"><br></div><div class="battle-history"><small>The mist disappeared from the battlefield.</small><br></div><div class="spacer battle-history"><br></div><div class="battle-history">Go! Rotom (<strong>Rotom-Wash</strong>)!<br></div><div class="spacer battle-history"><br></div><h2 class="battle-history">Turn 24</h2><div class="spacer battle-history"><br></div><div class="battle-history">The opposing Landorus used <strong>Hidden Power</strong>!<br></div><div class="battle-history"><small>It's not very effective...</small><br></div><div class="battle-history"><small>(Rotom lost <abbr title="−34/303">11.2%</abbr> of its health!)</small><br></div><div class="battle-history"><small>Rotom ate its Iapapa Berry!</small><br></div><div class="battle-history"><small>Rotom restored HP using its Iapapa Berry!</small><br></div><div class="battle-history"><small>The opposing Landorus lost some of its HP!</small><br></div><div class="spacer battle-history"><br></div><div class="battle-history">Rotom used <strong>Hydro Pump</strong>!<br></div><div class="battle-history"><small>It's super effective!</small><br></div><div class="battle-history"><small>(The opposing Landorus lost <abbr title="−257/319">80.6%</abbr> of its health!)</small><br></div><div class="spacer battle-history"><br></div><div class="battle-history">The opposing Landorus fainted!<br></div><div class="chat chatmessage-divineresonance"><strong style="color:hsl(284,62%,51.97024370003312%)"><small>☆</small><span class="username" data-name="Divine Resonance">Divine Resonance</span>:</strong> <em>miss</em></div><div class="spacer battle-history"><br></div><div class="battle-history">Divine Resonance sent out <strong>Scolipede</strong>!<br></div><div class="spacer battle-history"><br></div><h2 class="battle-history">Turn 25</h2><div class="spacer battle-history"><br></div><div class="battle-history">The opposing Scolipede used <strong>Swords Dance</strong>!<br></div><div class="battle-history"><small>The opposing Scolipede's Attack rose sharply!</small><br></div><div class="spacer battle-history"><br></div><div class="battle-history">Rotom used <strong>Will-O-Wisp</strong>!<br></div><div class="battle-history"><small>The opposing Scolipede was burned!</small><br></div><div class="spacer battle-history"><br></div><div class="battle-history"><small>The opposing Scolipede was hurt by its burn!</small><br></div><div class="battle-history"><small>[The opposing Scolipede's Speed Boost]</small><br></div><div class="battle-history"><small>The opposing Scolipede's Speed rose!</small><br></div><div class="spacer battle-history"><br></div><h2 class="battle-history">Turn 26</h2><div class="spacer battle-history"><br></div><div class="battle-history">The opposing Scolipede used <strong>Poison Jab</strong>!<br></div><div class="battle-history"><small>(Rotom lost <abbr title="−82/303">27.1%</abbr> of its health!)</small><br></div><div class="spacer battle-history"><br></div><div class="battle-history">Rotom used <strong>Hydro Pump</strong>!<br></div><div class="battle-history"><small>(The opposing Scolipede lost <abbr title="−166/261">63.6%</abbr> of its health!)</small><br></div><div class="spacer battle-history"><br></div><div class="battle-history"><small>The opposing Scolipede was hurt by its burn!</small><br></div><div class="battle-history"><small>[The opposing Scolipede's Speed Boost]</small><br></div><div class="battle-history"><small>The opposing Scolipede's Speed rose!</small><br></div><div class="spacer battle-history"><br></div><h2 class="battle-history">Turn 27</h2><div class="spacer battle-history"><br></div><div class="battle-history">The opposing Scolipede used <strong>Poison Jab</strong>!<br></div><div class="battle-history"><small>(Rotom lost <abbr title="−80/303">26.4%</abbr> of its health!)</small><br></div><div class="spacer battle-history"><br></div><div class="battle-history">Rotom used <strong>Volt Switch</strong>!<br></div><div class="battle-history"><small>(The opposing Scolipede lost <abbr title="−63/261">24.1%</abbr> of its health!)</small><br></div><div class="spacer battle-history"><br></div><div class="battle-history">The opposing Scolipede fainted!<br></div><div class="spacer battle-history"><br></div><div class="battle-history"><strong>Komaro</strong> won the battle!<br></div></div><div class="inner-preempt"></div></div></div>
</div>
<script>
let daily = Math.floor(Date.now()/1000/60/60/24);document.write('<script src="https://play.pokemonshowdown.com/js/replay-embed.js?version'+daily+'"></'+'script>');
</script>
